3292 5109
329 274 396 339 424
857 294 941 341 runs
965 294 1002 341 11.

329 434 424 491 care;
449 416 550 489 Rota.
573 416 611 481 in
634 416 779 483 Feltren.
807 418 1040 485 canonicatus
1062 418 1146 504 apud
1170 420 1339 485 Marches.
1361 426 1455 503 port
1477 420 1508 494 2,

322 558 408 625 pap.
425 540 472 605 84
494 540 537 605 dc
559 559 630 625 qno
652 540 808 623 inferius.
827 542 906 607 -Et
928 542 991 607 hac
1015 540 1054 607 de
1075 562 1184 623 causa,
1202 546 1329 627 quoties
1354 562 1377 607 a
1401 543 1510 629 Signa-

327 669 402 729 tura
422 665 545 750 petitur
566 666 713 730 avocatio
736 686 908 731 causarum
924 686 969 732 ex
985 668 1046 731 isto
1069 668 1184 753 capite,
1202 669 1274 753 ipsa
1292 668 1380 733 solet
1395 688 1510 733 novum

327 790 500 855 terminum
523 791 689 875 assignare
710 790 885 857 Ordiuario
908 786 949 856 ad
973 792 1218 877 expediendum.
1243 812 1307 877 quo
1332 794 1458 877 elapso,
1482 800 1510 857 et
1610 854 1611 885 p

327 932 442 979 causas
471 933 537 977 non
568 914 733 1001 expedita,
757 914 794 979 iit
824 918 974 981 avocatio
999 922 1032 981 et
1058 918 1240 981 commissio
1271 918 1371 981 alteri
1405 916 1508 982 iudici

327 1039 467 1115 Riccius,
492 1042 526 1105 in
545 1042 658 1124 proxi
678 1044 778 1108 recol.
803 1040 878 1107 334
900 1046 972 1127 post
994 1042 1156 1109 Marches.
1182 1042 1222 1106 ab
1245 1063 1285 1107 eo
1309 1044 1365 1107 cit
1385 1062 1418 1107 ».

417 1162 568 1227 Ceterum
590 1168 715 1247 tempus
738 1162 864 1228 biennii
887 1162 1069 1228 habendum
1093 1182 1163 1227 esse
1186 1164 1277 1245 utile,
1302 1184 1377 1229 non
1402 1164 1508 1231 conti-

325 1304 445 1363 nuum,
470 1289 557 1370 patet
578 1304 623 1350 ex
645 1290 815 1366 contexta,
839 1288 914 1369 quia
936 1286 1080 1371 partibus
1105 1288 1266 1372 integrum
1292 1292 1353 1359 est,
1379 1287 1508 1353 biennio

292 1402 299 1417 ‘
326 1406 444 1491 elapso,
461 1408 646 1473 instantiam
669 1410 817 1491 prosequi
834 1408 918 1493 apud
933 1408 1071 1473 iudicem
1087 1410 1205 1494 prioris
1221 1410 1411 1475 instantiae.
1430 1412 1507 1475 ltcru

324 1549 370 1596 ecc
391 1530 539 1597 subiecta
561 1530 726 1613 maerim
748 1532 903 1615 siquidem
928 1532 991 1597 hoc
1013 1540 1139 1617 tompus
1168 1533 1427 1600 determinatum
1451 1534 1506 1599 fuit

326 1654 359 1717 in
381 1654 560 1720 utilitatem
575 1654 770 1739 litigantium
786 1656 839 1738 qui
856 1655 1028 1739 aliquando
1043 1656 1170 1741 lougius
1187 1658 1368 1740 exquirunt
1379 1642 1505 1743 'tempus

324 1777 364 1839 ad
390 1780 610 1861 quaestionem
638 1780 764 1864 plenius
792 1778 1036 1845 enucleandam.
1063 1816 1080 1829 -
1107 1780 1288 1846 Praeterea
1315 1801 1394 1845 cum
1423 1782 1504 1845 Trid.

325 1903 423 1970 Cone.
447 1925 512 1969 non
535 1906 712 1971 excluserit
741 1904 864 1971 iudices
889 1908 1047 1991 Episcopo
1069 1905 1245 1970 inferiores
1274 1926 1295 1969 a
1326 1908 1436 1991 prima
1465 1910 1504 1971 iu·

325 2034 444 2097 stantia
467 2033 666 2117 quarundam
690 2034 805 2097 saltem
829 2052 999 2098 causarum
1015 2052 1080 2097 uon
1095 2033 1294 2117 graviorum,
1313 2032 1395 2096 hinc
1411 2032 1502 2098 facile

324 2156 447 2221 absumi
471 2163 575 2243 potest
597 2157 775 2230 biennium,
800 2158 840 2223 ab
864 2159 1023 2244 Episcopo
1046 2158 1188 2222 noudum
1212 2176 1312 2222 causa
1337 2158 1500 2243 expedita,

324 2280 444 2365 absque
466 2283 536 2347 eius
560 2283 663 2368 culpa.

413 2405 489 2471 331.
507 2407 632 2472 Verum
649 2407 769 2473 Concil.
788 2407 875 2471 Trid.
893 2406 1016 2471 iudices
1032 2406 1191 2490 Episcopo
1207 2404 1387 2469 inferiores
1402 2406 1503 2490 prohi-

323 2528 392 2593 buit
413 2549 433 2593 a
456 2532 561 2594 causis
584 2529 770 2613 quibusdam
795 2530 1028 2616 cognoscendis
1056 2548 1134 2593 sane
1163 2528 1390 2613 gravioribus:
1415 2531 1502 2595 iussit

323 2654 408 2716 enim
432 2654 493 2719 loc.
518 2654 570 2720 cit.
598 2654 682 2720 «nd
706 2654 798 2726 baec,
813 2672 929 2719 causae
953 2652 1225 2718 multimoniclcs
1248 2660 1282 2716 et
1305 2654 1502 2718 minitantes

323 2797 388 2841 non
413 2778 542 2851 Decani,
558 2778 789 2843 Archidiaconi
813 2784 870 2843 aut
892 2779 1028 2842 aliarum
1044 2776 1235 2843 inferiorum
1261 2776 1391 2857 iudici0,
1410 2780 1501 2842 etiam

321 2902 496 2977 visitando,
522 2902 577 2967 sed
602 2904 751 2990 Episcopi
772 2909 906 2995 tantum
938 2904 1078 2967 examini
1103 2908 1137 2969 et
1158 2901 1374 2967 iurisdictioui
1405 2904 1501 2967 relin-

323 3031 462 3110 quantur
485 3028 594 3112 (etiam
624 3030 652 3092 si
682 3030 715 3091 in
745 3030 909 3112 praesenti
937 3028 1022 3091 inter
1046 3028 1240 3112 Episcopum
1274 3032 1307 3090 et
1338 3026 1501 3091 Decanum

321 3172 380 3216 seu
402 3152 676 3217 Archidiaconum
692 3159 748 3217 aut
762 3152 844 3217 alios
867 3151 1040 3216 inferiores
1056 3170 1153 3236 super
1177 3170 1351 3216 causarum
1367 3151 1500 3215 istarum

322 3278 505 3361 cognitione
535 3277 575 3342 lis
601 3278 708 3361 aliqua
738 3280 772 3341 in
802 3296 1003 3361 quacumque
1033 3278 1184 3341 instantia
1215 3275 1368 3361 pendeat)
1393 3296 1499 3341 coram

322 3419 384 3483 quo
407 3401 435 3465 si
458 3420 534 3485 pars
560 3421 640 3466 rere
670 3406 894 3487 paupertatem
924 3400 1112 3487 probaverit
1142 3420 1207 3463 non
1239 3404 1376 3484 cogatur
1407 3407 1499 3465 extra

321 3529 520 3613 provinciam
544 3548 605 3593 nec
628 3528 662 3593 in
685 3526 826 3594 secunda
848 3548 910 3592 nec
934 3528 966 3591 iu
990 3528 1087 3592 tertia
1111 3526 1264 3591 instantia
1286 3528 1419 3611 litigare
1441 3529 1497 3591 nisi

267 3634 271 3641 ¹
321 3670 398 3735 pars
420 3650 524 3715 altera
547 3656 579 3715 et
601 3650 754 3714 alimenta
778 3654 810 3713 et
834 3668 994 3733 expensas
1017 3648 1081 3713 litis
1101 3647 1179 3711 velit
1203 3646 1497 3712 subministrare».

321 3773 501 3839 Tridentini
517 3773 653 3839 Concilii
676 3773 889 3858 praescriptio
906 3778 955 3837 est
969 3772 1141 3857 perspicua
1156 3769 1262 3855 quoad
1278 3772 1498 3836 exclusionem

320 3897 459 3962 iudicum
483 3898 641 3981 Episcopo
665 3896 857 3960 interiorum
874 3894 914 3959 ab
931 3896 1021 3959 hisce
1045 3896 1150 3959 causis
1166 3894 1422 3979 cognoscendis;
1445 3894 1497 3960 sed

321 4020 395 4104 quid
419 4020 498 4084 iuris
521 4018 561 4084 de
584 4019 718 4083 Vicario
741 4014 917 4084 Generalil

411 4144 496 4208 Huic
520 4142 697 4226 quaestioni
720 4145 756 4205 ut
779 4140 1014 4204 satisfaciamus
1345 4222 1347 4226 Ι

411 4267 443 4352 l)
466 4265 663 4333 advertimus
683 4270 774 4331 cert-e
790 4262 1013 4328 ‘tridentinum
1030 4260 1127 4328 Conc.
1145 4262 1178 4326 in
1195 4260 1260 4328 hoc
1277 4262 1410 4329 decreto
1420 4280 1495 4346 pre

320 4394 474 4461 bibitorio
492 4414 556 4458 nou
572 4390 849 4476 comprehendere
865 4390 1016 4456 Vicarios
1032 4388 1221 4471 Generales‚
1246 4409 1324 4455 curu
1348 4410 1495 4477 expresse
