3292 5109
608 292 716 340 runux
738 291 942 340 eruormous
1298 269 1363 336 557

186 411 248 466 277.
267 411 307 466 De
325 411 407 466 modo
425 411 594 466 rescribendi
609 428 666 483 pro
683 394 748 481 foro
766 413 876 467 duem
917 448 1193 464 .......
1229 427 1293 481 pao.
1312 408 1366 464 338

186 515 248 569 278.
268 515 308 570 De
326 514 408 570 modo
425 514 594 570 rescribendi
608 531 666 586 pro
684 517 748 584 soro
767 524 885 569 extunc
922 549 1239 568 ........
1276 529 1294 568 a
1313 511 1367 566 340

187 623 248 677 279.
269 623 309 678 De
336 621 478 677 nonnullis
507 623 710 678 mutationibus
739 623 860 677 inductis
888 622 1000 678 decreto
1030 623 1088 676 dici
1114 623 1157 676 28
1175 623 1242 688 *Au-

292 733 465 805 9ueti1885
482 734 513 787 in
531 731 665 787 clausulis
690 731 851 787 adiiciendie
869 749 886 786 a
908 731 1023 786 Dataria
1041 731 1184 801 rescriptis
1202 731 1242 784 di-

293 841 502 911 spensationum
520 838 766 896 matrimonialium
788 877 1241 894 ...........
1277 855 1295 894 »
1313 836 1363 892 344

383 1072 402 1133 s
421 1066 446 1122 4.
466 1069 510 1123 Dc
526 1069 616 1139 seriis,
635 1085 686 1123 seu
704 1069 742 1124 de
759 1069 930 1138 tenporibus
949 1067 1049 1136 quibus
1072 1076 1173 1122 vocant
1289 1140 1294 1148 Ι

473 1175 500 1229 S
522 1175 765 1245 Congregctiones,
788 1173 892 1244 Officio,
917 1174 1090 1242 Tribunatu,-

413 1290 440 1336 et
458 1299 496 1335 an
513 1283 606 1351 vigam
622 1282 725 1335 torum
742 1281 903 1347 eumentes,
924 1279 996 1335 Sede
1018 1281 1145 1335 Vacante.

188 1478 251 1535 280.
270 1476 459 1552 Direreimoda
477 1477 507 1533 ia
525 1475 610 1532 Curia
627 1479 746 1532 utuntur
762 1478 841 1534 feriis
852 1481 913 1532 tum
929 1475 1168 1547 congregationes
1186 1479 1246 1531 tum

298 1585 396 1641 Officia
431 1623 1197 1640 ..................
1231 1603 1298 1656 pag.
1317 1583 1373 1638 343

190 1690 252 1746 281.
272 1688 313 1744 De
331 1686 375 1743 his
392 1691 423 1742 et
440 1687 475 1741 de
492 1685 551 1741 illie
570 1691 695 1757 tempore
714 1687 793 1743 Sedis
810 1686 958 1754 Vacantis3
981 1703 1029 1743 seu
1048 1687 1194 1758 quaeritur
1211 1704 1247 1740 an

298 1797 413 1866 vigeant
437 1833 1245 1851 ...................
1282 1809 1299 1850 »
1318 1792 1373 1847 344

672 2026 832 2084 rtrULth
851 2027 899 2083 Xl.

466 2185 503 2223 DE
522 2184 545 2225 8.
565 2186 592 2224 lt.
611 2185 875 2225 concanonulonuu
893 2185 1095 2226 Auo'rontna‘ta

416 2291 468 2332 SEU
487 2293 524 2331 u}
543 2292 575 2332 v1
593 2292 673 2339 QUAM
692 2293 806 2332 nanum·
823 2293 987 2333 EABUMDEM
1006 2293 1147 2344 DEGREH,

565 2399 740 2450 adclamans,
759 2399 1001 2440 DRGLABATlONES.

193 2547 255 2603 282.
274 2543 362 2599 Valor
380 2547 459 2598 actus
478 2542 693 2598 administratiri
714 2548 891 2599 mensuratur
916 2544 1006 2614 primo
1024 2561 1042 2598 a
1060 2545 1249 2616 competentia,

301 2653 365 2708 dein
378 2653 413 2706 ab
425 2653 591 2706 aununtiate
603 2667 658 2720 qua
671 2649 759 2720 pollet
778 2651 962 2720 Magistratus
980 2651 1025 2706 vel
1039 2649 1202 2720 Collegium.
1235 2667 1303 2722 pag.
1323 2650 1378 2706 346

193 2758 256 2814 283.
274 2758 369 2819 Quoad
387 2760 467 2811 actus
482 2774 557 2828 pura
577 2757 737 2811 execratum
761 2755 806 2810 vel
828 2773 903 2828 pure
928 2757 1076 2812 iudiciales
1097 2756 1250 2810 arroteritae

302 2865 455 2919 desumitur
473 2881 509 2919 ex
527 2864 588 2934 ipsa
606 2868 708 2918 natura
725 2867 804 2919 actus
842 2902 1249 2918 ..........
1288 2863 1378 2922 »347

194 2969 255 3023 284.
275 2969 401 3037 Decreta,
419 2969 581 3032 decisiones,
599 2967 802 3022 declarationes
815 2967 965 3038 aliquando
978 2967 1098 3022 eduntur
1110 2984 1128 3021 a
1141 2967 1167 3020 S.
1181 2966 1253 3022 Pon·

302 3075 393 3143 tiflce,
419 3075 582 3146 praehabito
606 3078 716 3129 tantum
741 3072 870 3129 consultu
896 3072 1013 3128 alicuius
1039 3073 1066 3128 S.
1091 3074 1252 3144 Congrege-

302 3183 389 3238 tionis
395 3219 1251 3237 ....................
1290 3199 1306 3233 a
1338 3181 1378 3235 ibi

195 3289 257 3345 285.
277 3288 440 3343 Huiusmodi
459 3291 523 3342 acta
548 3287 697 3359 aliquando
722 3287 842 3342 eduntur
867 3305 884 3342 a
909 3287 935 3341 S.
955 3285 1188 3357 congregatione,
1207 3288 1254 3343 sed

302 3396 454 3451 accedente
478 3395 688 3449 confirmatione
712 3393 742 3448 in
766 3399 863 3464 formo
888 3398 1029 3449 communi
1052 3393 1097 3449 val
1122 3394 1252 3466 specifica

304 3520 435 3574 expressa
452 3520 470 3556 a
489 3502 515 3556 S.
535 3501 671 3556 Pontifice
708 3539 1250 3555 .............
1289 3520 1305 3555 a
1326 3501 1381 3556 348

195 3611 258 3666 286.
277 3610 436 3683 Aliquando
454 3608 611 3663 huiusmodi
635 3611 700 3662 actu
725 3607 804 3663 nulla
821 3608 930 3664 accedit
948 3608 1129 3662 confirmatio.
1147 3607 1254 3664 Exinde
1275 3618 1280 3627 '

305 3717 385 3773 valor
403 3720 530 3772 actorum
547 3714 730 3770 diversimode
752 3713 933 3785 perpenditur
950 3715 980 3769 in
998 3712 1075 3769 hisce
1097 3715 1186 3769 tribus
1205 3730 1255 3784 ge·

305 3825 419 3879 neribus
444 3861 1252 3876 ...................
1291 3823 1385 3880 »349

197 3930 260 3984 287.
281 3929 406 3991 Quatuor
430 3943 536 3996 genera
559 3929 686 3980 aetorum
710 3943 782 3997 quae
804 3925 982 3981 distinximus
1005 3928 1114 3980 ratione
1135 3931 1255 3998 sennua,

305 4048 405 4102 nempe
424 4032 544 4098 decreta,
562 4029 727 4097 sententiae,
752 4031 895 4100 rescripta,
921 4030 1064 4100 epistolae,
1092 4048 1126 4085 ex
1151 4032 1256 4102 regulis

307 4154 391 4207 supra
409 4137 543 4206 expositis
561 4136 770 4206 perpenduntur
788 4137 817 4190 in
836 4152 886 4192 suo
904 4137 1009 4204 valore;
1027 4138 1129 4208 quippe
1149 4138 1258 4194 ratione

306 4239 484 4295 auctoritatis
502 4239 674 4295 reducuntur
699 4239 733 4294 ad
752 4257 837 4294 unum
857 4256 892 4295 cx
917 4241 1007 4295 tribus
1031 4241 1181 4310 generibus
1206 4233 1265 4297 hoc

307 4349 420 4402 nomine
441 4347 581 4401 distinctis
582 4387 1256 4402 ................
1293 4349 1387 4407 »350
