3292 5109
471 278 515 326 os
539 278 679 327 inmens
703 276 970 327 necnnsmsrrcrs
1249 260 1316 327 115

127 404 192 469 iam
207 403 249 469 ab
260 404 326 469 alia
342 405 489 473 reiectas.
504 404 555 470 cui
571 403 684 470 abusui
697 405 887 490 prospicere
898 402 1008 479 voluit,
1022 405 1234 470 Innocentius
1244 404 1312 471 XII

128 529 164 591 in
177 528 285 594 Gonst.
300 528 341 594 Ut
351 531 543 601 occuratur,
557 524 739 594 decernens
751 527 796 615 (1)
814 526 1018 593 memorialia
1032 525 1074 592 ab
1090 546 1155 593 una
1168 528 1313 613 Congre-

126 653 261 737 gatione
277 654 400 719 reiecta
422 650 462 717 ab
485 651 551 717 alia
575 652 761 739 recipienda
777 672 843 717 non
858 671 940 727 esse,
956 656 1063 737 atque,
1079 654 1106 718 si
1129 652 1245 718 fraude
1259 652 1314 719 vel

128 777 316 861 ignorantia
341 778 542 862 recipiantur
569 781 602 842 et
628 777 856 863 expediantur,
882 776 966 843 haec
995 778 1091 843 irrita
1121 798 1202 843 esse.
1227 774 1315 845 Hine

128 902 165 965 in
187 920 281 966 more
303 902 439 987 positum
464 908 522 983 est,
547 906 582 967 ut
604 904 711 967 statim
735 922 775 967 ac
797 901 906 985 aliqua
928 900 1147 989 congregatio
1173 902 1316 971 advertit

129 1042 248 1107 preces
263 1024 327 1087 iam
342 1022 443 1089 fuisse
466 1024 499 1089 in
523 1024 635 1090 eodem
652 1026 781 1111 negotio
798 1025 896 1091 alteri
911 1024 1163 1112 congregationi
1179 1027 1313 1103 oblatas,

130 1146 310 1213 rescribat:
335 1146 597 1215 Recurrendum
621 1148 668 1215 ad
686 1148 844 1231 priorem
869 1149 1186 1237 Conprepatioaem,

222 1272 295 1337 Hoc
309 1271 475 1337 decretum
500 1278 691 1339 renovatum
708 1278 740 1339 et
756 1270 982 1339 confirmatum
999 1275 1061 1341 fuit
1075 1295 1096 1339 a
1112 1274 1211 1341 Clem.
1228 1275 1313 1341 XIII

131 1392 186 1457 die
201 1394 245 1459 15
260 1393 392 1477 Aprilis
402 1394 494 1461 1758
509 1394 600 1461 hisce
616 1394 741 1463 verbis:
762 1394 875 1463 «Cum
892 1396 1040 1463 Summus
1056 1397 1093 1463 D.
1114 1399 1151 1463 N.
1166 1398 1317 1465 Clemens

135 1518 170 1580 P.
195 1517 280 1582 XIII
314 1518 613 1585 emoderatorIbus
636 1540 747 1586 rerum
775 1526 808 1587 et
836 1521 1056 1607 negotiorum,
1080 1541 1165 1607 quae
1192 1522 1233 1586 ad
1260 1542 1315 1587 ra·

133 1646 252 1707 tionem
278 1643 452 1709 Sucrarurn
476 1645 571 1711 Urbis
594 1644 890 1733 Congregationum
913 1646 1095 1733 pertinent,
1115 1632 1241 1713 'certior
1265 1648 1316 1713 fa·

136 1774 203 1834 otus
221 1770 321 1835 fuerit
335 1767 376 1834 de
392 1768 632 1837 inobservantia
648 1771 854 1837 saluberrimi
871 1771 1011 1853 Decreti,
1027 1770 1112 1857 quod
1126 1772 1215 1838 iussu
1230 1794 1255 1839 s.
1273 1792 1315 1837 m.

139 1894 317 1958 innocentii
339 1892 406 1959 XII
430 1893 529 1959 latum
553 1894 615 1959 fuit
638 1900 670 1961 et
694 1894 821 1980 publice
845 1894 965 1961 editum
988 1896 1045 1963 die
1067 1897 1091 1959 4
1114 1896 1207 1962 Iunii
1222 1895 1317 1961 1692

139 2018 176 2082 ab
198 2018 351 2084 Ansaldis
373 2020 471 2103 ipsius
496 2018 662 2085 Pontificio
687 2020 862 2097 Auditore3
885 2040 1023 2105 cumque
1039 2020 1080 2087 ab
1095 2023 1134 2087 iis
1150 2023 1317 2107 acceperit

142 2142 221 2206 mala
240 2142 427 2226 turbasque.
444 2162 526 2227 quae
546 2145 709 2217 eveniunt,
727 2150 763 2211 ut
786 2148 954 2229 postquam
978 2164 1103 2230 preces,
1123 2146 1192 2210 sive
1216 2145 1256 2211 de
1279 2166 1317 2213 re

142 2286 220 2349 qnae
248 2270 374 2353 gratiae
404 2269 445 2333 sit
475 2269 545 2333 sive
575 2270 731 2343 iustitiae,
755 2268 853 2334 alicui
876 2288 920 2335 ex
943 2268 1054 2333 ilsdem
1079 2264 1191 2335 Sacris
1214 2269 1315 2357 Gorg.

144 2390 262 2456 oblatae
284 2392 417 2472 fuerint,
434 2398 476 2474 et,
492 2392 545 2457 vel
560 2393 703 2457 reiectae
726 2393 850 2457 fuerint
874 2392 925 2457 rel
948 2392 1087 2477 suspicio
1111 2395 1153 2457 sit
1172 2400 1206 2460 et
1219 2394 1317 2458 timor

146 2536 184 2579 ne
206 2518 399 2591 relidantur,
424 2519 520 2583 missa
544 2536 583 2581 ea
606 2517 882 2603 Congregatione‚
906 2517 971 2581 alia
994 2516 1035 2583 de
1058 2517 1171 2582 eadem
1194 2538 1232 2585 re
1258 2538 1317 2584 ne·

147 2642 285 2725 gotioque
318 2642 454 2726 aliisque
483 2642 635 2727 precibus
665 2642 801 2707 adeatur
824 2642 928 2707 Sacra
951 2643 1186 2727 congregatio,
1210 2662 1319 2726 aqua

149 2761 274 2829 fortasse
303 2766 410 2830 minus
433 2766 592 2831 instructa
615 2766 749 2831 evenire
772 2770 886 2850 potest,
912 2770 947 2831 ut
970 2764 1168 2831 concedatur
1192 2764 1275 2848 quod
1298 2786 1319 2830 a

151 2891 243 2973 prima
256 2891 308 2957 vel
333 2890 526 2977 denegatum
549 2891 658 2957 fuerat
681 2892 734 2956 vel
757 2891 952 2976 denegatum
975 2890 1105 2965 fuisset;
1128 2889 1251 2955 idcirco
1271 2891 1319 2954 in·

153 3010 268 3097 dignum
291 3013 388 3099 plane
418 3032 489 3078 esse
519 3032 624 3098 neque
654 3012 826 3079 ferendum
858 3010 1105 3098 prudentissime
1129 3013 1319 3077 existimans

156 3134 302 3209 Pontifex,
330 3139 366 3200 ut
392 3140 588 3219 praeventae
612 3134 879 3220 congregationis
907 3133 1056 3200 eludatur
1087 3132 1258 3210 iudicium;
1287 3139 1321 3199 et

156 3278 250 3326 secum
279 3263 385 3326 animo
416 3250 570 3346 reputans
600 3261 684 3326 haec
714 3264 849 3326 evenire
879 3261 1020 3345 potuisse
1051 3259 1135 3344 quod
1165 3261 1320 3344 temporis

157 3382 235 3467 lapsu
267 3386 436 3451 obliterata
465 3386 565 3451 fuerit
599 3384 869 3470 providentissimi
905 3384 1059 3450 eiusmodi
1091 3384 1221 3449 Decreti
1252 3404 1320 3449 me·

159 3508 262 3583 moria;
285 3509 375 3575 nobis
398 3509 564 3575 mandavit
585 3515 622 3575 ut
644 3508 727 3575 idem
752 3510 926 3576 Decretum
953 3511 1070 3575 iterum
1098 3508 1218 3595 publici
1240 3509 1321 3575 iuris

160 3626 241 3699 lieret
268 3636 340 3719 ipsis
371 3638 437 3701 suis
460 3636 579 3717 verbis,
605 3633 837 3721 Pontificiaque
868 3636 1062 3701 auctoritate
1095 3632 1321 3700 confirmatum

162 3762 324 3841 renovetur,
350 3764 411 3825 etc.
428 3781 459 3824 r.

238 3879 339 3953 Quare
370 3884 466 3949 etiam
490 3884 523 3947 in
547 3883 652 3948 causis
682 3882 884 3949 iudicialibus
907 3902 972 3949 non
995 3880 1177 3948 admittitur
1202 3901 1323 3967 provo·

239 4180 273 4252 (l)
290 4184 318 4238 ln
336 4182 411 4256 stylo
430 4183 531 4241 Curiae
550 4184 715 4241 memor-tare
734 4184 806 4239 idem
819 4189 863 4239 est
882 4201 915 4239 ac
927 4183 1042 4240 libellus
1061 4183 1190 4255 supplex,
1201 4198 1258 4255 quo
1276 4195 1323 4237 res

166 4277 245 4352 aliqua
260 4291 358 4357 petitur
376 4295 405 4345 et
422 4289 535 4360 scriptis
553 4294 738 4356 examinant
757 4306 801 4345 res
819 4307 838 4344 a
855 4288 990 4345 memoris
1009 4288 1086 4344 illius
1105 4306 1122 4343 a
1140 4304 1197 4360 quo
1214 4287 1325 4357 efflagi-

169 4388 238 4458 tatur,
254 4411 301 4450 non
320 4397 445 4453 excedat·
