3292 5109
482 298 525 341 na
551 298 688 343 runicus
713 299 979 347 accrmsmsrrsrs
1276 281 1316 343 15

236 420 270 505 2)
292 422 341 485 vel
367 442 426 507 per
448 426 638 507 potestatem
662 424 983 506 administrantium,
1001 447 1064 511 qua
1078 427 1159 512 legis
1171 426 1318 493 studetur

147 547 266 612 utiliori
288 548 470 613 executioni
494 554 549 611 aut
565 547 825 632 interpretationi
848 569 908 633 pro
930 549 1013 615 bono
1036 550 1236 615 subditorum
1250 553 1318 615 uni·

146 669 264 734 versali
277 674 331 733 aut
346 668 511 753 peculiari,
530 670 598 735 sire
613 670 653 735 ad
672 673 857 736 instantiam
873 671 1002 737 illorum
1018 693 1153 757 quorum
1170 676 1316 749 interest,

145 797 212 860 sire
227 814 272 860 err
284 793 392 877 officio
407 814 427 857 a
443 796 641 878 magistratu,
656 816 774 881 nempe
786 799 949 881 aequitate
961 799 1130 882 exigente:
1147 818 1189 865 en
1202 820 1318 865 munus

146 923 177 985 S.
197 920 508 1008 Conpreqatiooum
524 922 766 1009 primigenium

234 1049 267 1132 3)
284 1047 334 1111 vel
348 1067 408 1131 per
415 1050 614 1130 potestatem
627 1067 708 1131 pure
720 1046 924 1120 iudicialem,
938 1069 1001 1133 qua
1011 1050 1101 1135 leges
1117 1052 1320 1136 applicantur

150 1182 181 1243 in
203 1200 277 1243 casu
302 1174 457 1261 peculiari
481 1173 584 1258 quoad
607 1176 786 1259 peculiares
809 1177 1060 1245 contendentes:
1089 1200 1129 1245 en
1154 1182 1320 1264 provincia

152 1300 395 1381 theudium

237 1425 268 1510 4)
292 1424 343 1490 vel
368 1444 428 1509 per
452 1428 638 1509 potestatem
662 1426 850 1496 coactivam,
875 1448 938 1511 qua
962 1429 994 1492 in
1019 1429 1135 1493 invitos
1158 1434 1215 1495 aut
1238 1429 1319 1494 relu-

153 1559 268 1617 ctantes
293 1552 375 1635 legis
390 1556 445 1615 aut
468 1550 590 1614 decreti
606 1552 756 1616 executio
773 1558 930 1637 urgetur;
955 1553 1019 1618 huc
1042 1560 1188 1639 spectant
1210 1572 1319 1637 appa·

148 1682 269 1746 ritores
294 1684 325 1743 et
349 1680 381 1742 in
404 1696 526 1762 genere
550 1676 708 1761 officiales
731 1679 863 1745 ordinis
886 1680 1055 1745 militaris.
1085 1716 1100 1727 -
1126 1678 1178 1744 Ita
1205 1676 1320 1743 confir-

151 1810 250 1870 matur
275 1804 445 1873 distinctio,
463 1822 556 1887 quam
573 1823 671 1887 supra
687 1806 846 1869 innuimus
863 1824 894 1869 n.
914 1804 962 1867 10.

235 1928 289 1993 Ea
312 1935 419 1993 autem
435 1948 516 2012 quae
532 1930 663 2013 proprie
686 1932 760 1993 sunt
783 1928 904 1993 ordinis
927 1930 1099 2015 legislativi
1123 1934 1178 1994 aut
1193 1928 1321 2015 dogma·

158 2050 204 2115 tici
225 2071 288 2136 pro
310 2052 462 2115 universa
484 2050 634 2117 Ecclesia
657 2051 787 2116 decerni
811 2051 916 2117 solent
939 2054 972 2115 in
986 2048 1143 2116 Conciliis
1166 2048 1322 2116 Oecume·

151 2178 247 2252 nicis;
274 2195 335 2260 pro
364 2174 560 2241 dioecesibus
591 2175 725 2261 singulis
757 2195 810 2240 res
841 2176 1057 2261 disciplinaris
1087 2175 1257 2241 ordinatur
1288 2178 1321 2240 in

149 2299 292 2387 Synodo

235 2426 291 2491 15.
316 2422 370 2489 Ex
394 2425 483 2490 hisce
506 2428 652 2510 negotiis,
677 2445 759 2509 quae
782 2431 878 2491 antea
905 2425 1149 2510 expostularunt
1172 2426 1322 2489 constitu·

150 2554 271 2616 tionem
295 2550 451 2616 ordinarii
475 2550 600 2636 collegii
625 2553 851 2645 aconsistorio
874 2552 1020 2631 seiuncti,
1045 2551 1177 2615 fuerunt
1192 2550 1322 2635 negotia

148 2676 261 2741 stricte
286 2674 454 2741 iudicialia.

235 2795 334 2861 Haec
365 2798 448 2861 enim
480 2799 595 2882 quippe
619 2816 701 2881 quae
732 2800 908 2881 exquirunt
935 2798 1064 2883 longam
1087 2802 1120 2863 et
1150 2775 1323 2882 patienlem

149 2924 226 3005 facti
252 2929 290 2990 et
311 2924 398 2990 iuris
413 2926 660 3010 inquisitionem,
677 2924 843 2991 commode
858 2925 1008 3009 componi
1023 2945 1088 2988 non
1104 2928 1245 3009 possunt,
1263 2924 1323 2987 nisi

153 3070 224 3115 nnus
251 3051 461 3135 magistratus
494 3058 550 3117 aut
573 3050 699 3135 quidam
723 3070 935 3136 personarum
967 3049 1047 3114 ordo
1069 3049 1234 3114 incumbat
1255 3054 1322 3113 tum

155 3182 187 3247 ad
207 3176 391 3247 audiendas
414 3178 551 3261 partium
568 3175 787 3261 allegationes,
806 3180 839 3241 et
861 3176 899 3240 ad
916 3178 1003 3241 facta
1016 3173 1238 3248 examinanda,
1257 3179 1325 3239 tum

148 3306 185 3368 ad
208 3303 405 3369 sententiam
431 3300 622 3365 iudicialiter
645 3299 942 3384 pronunciandam,
967 3299 1076 3364 habita
1099 3298 1251 3361 nimirum
1276 3299 1324 3361 rei

148 3433 382 3493 controversae
406 3443 551 3508 congrua
574 3423 696 3488 notitia.
721 3458 736 3471 -
760 3420 915 3487 Eamdem
939 3442 1051 3486 rerum
1075 3421 1323 3487 vicissitudinem

149 3574 206 3619 nos
222 3554 322 3619 docet
337 3551 470 3616 historia
485 3550 596 3615 curiae
612 3567 773 3613 romanae.

241 3675 294 3739 16.
320 3672 464 3759 Namque
487 3674 667 3741 huiusmodi
683 3694 797 3739 causas
818 3675 984 3741 iudiciales
1007 3673 1195 3759 iampridem
1220 3676 1326 3761 coepit

149 3800 306 3866 Pontifex
330 3800 482 3887 delegare
498 3803 564 3865 suis
587 3800 762 3885 capellanis
786 3820 845 3885 pro
866 3801 1050 3864 necessario
1073 3800 1234 3865 factorum
1249 3818 1326 3866 exa·

152 3929 249 4007 mine,
275 3931 408 4011 utputa
434 3946 494 4012 pro
518 3925 715 4011 excipiendis
741 3924 1007 3998 attestationibus,
1032 3946 1091 4011 pro
1119 3926 1327 4010 exquirendis

152 4056 385 4129 instrumentis,
417 4075 456 4121 eo
487 4056 620 4119 consilio
643 4060 679 4119 ut
711 4053 870 4139 capellani
900 4054 942 4153 de
973 4053 1087 4120 altatis
1116 4059 1147 4120 et
1171 4053 1328 4138 probatas

157 4185 267 4263 postea
296 4178 404 4265 Papae
432 4179 607 4255 referrent,
633 4178 803 4263 aliquando
828 4180 923 4242 etiam
954 4178 1148 4262 amplissimo
1179 4176 1327 4243 adstante

155 4302 377 4371 Oardinalium
399 4302 522 4371 Senatu
546 4327 602 4372 seu
626 4302 837 4371 Consistorio.
862 4300 957 4367 Tunc
979 4324 999 4367 a
1023 4301 1112 4388 Papa
1135 4306 1327 4387 pronuncia·

159 4428 252 4495 batur
281 4430 450 4505 sententia,
478 4430 637 4514 exquisito
668 4430 763 4494 etiam
795 4424 1017 4494 cardinalium
1045 4448 1212 4510 consensu,
1237 4430 1262 4492 si
1294 4429 1328 4493 in
