3292 5109
305 203 372 269 384
823 220 908 267 raas
932 219 969 267 11.

306 342 455 409 ferebant
485 342 581 409 (laud.
605 343 768 413 Vinarius,
794 343 1015 429 Vicesgerens
1046 346 1078 406 et
1106 342 1169 407 duo
1197 338 1492 411 Locumteneutas3

305 466 361 532 sed
376 469 537 532 sententia
565 465 721 531 edebatur
735 484 756 529 a
772 466 1025 532 Locumtanente
1048 464 1208 531 criminali
1226 465 1279 549 qui
1302 462 1391 528 illam
1415 462 1491 528 sub-

306 589 469 656 scribebat
484 596 516 655 et
532 592 718 657 executioni
734 589 956 655 demandabat.
971 591 1078 675 Usque
1094 588 1135 654 ad
1152 595 1281 657 nostros
1296 589 1364 655 dies
1380 589 1490 653 huius·

305 715 389 781 modi
406 717 490 781 ratio
502 716 698 801 procedendi
713 719 746 781 in
760 716 866 783 causis
878 715 1099 781 criminalibus
1116 716 1187 781 lere
1201 717 1327 802 integra
1339 735 1493 801 perseve-

307 842 401 923 rarit,
423 840 479 905 sed
497 845 528 905 et
544 841 622 905 Pius
636 840 703 906 Vll
727 839 848 905 celebri
865 840 961 907 Motu
981 840 1127 924 proprio
1151 860 1180 904 a.
1200 839 1295 915 1816,
1313 845 1344 904 et
1361 840 1489 925 Grego-

306 966 375 1030 rius
396 965 480 1030 XVI
504 966 537 1029 in
561 965 626 1029 suis
649 964 789 1029 decretis
813 963 927 1049 quibus
950 971 1017 1030 tum
1041 984 1228 1050 processum
1259 964 1386 1029 civilem
1419 970 1488 1029 tum

307 1087 508 1153 criminalem
539 1087 695 1155 moderati
727 1094 810 1162 sunt,
836 1090 932 1153 etiam
963 1090 995 1154 in
1025 1089 1177 1155 tribunali
1205 1088 1395 1155 dioecesano
1419 1090 1489 1154 Ro-

308 1231 413 1293 mano,
438 1214 469 1277 in
491 1212 658 1277 meliorem
682 1212 819 1278 formam
844 1219 877 1279 et
899 1213 1098 1299 temporibus
1112 1215 1259 1299 apprime
1275 1213 1420 1279 idoneam
1438 1234 1489 1277 re·

308 1337 469 1423 degerunt
484 1341 614 1403 veteres
636 1337 832 1423 procedendi
850 1358 996 1405 normas:
1022 1339 1063 1405 cf.
1081 1338 1144 1403 vol.
1163 1358 1202 1405 111
1219 1339 1316 1405 Dello
1336 1340 1489 1405 raccolta

308 1462 395 1527 delle
418 1460 507 1547 leoni
523 1480 541 1526 e
556 1461 776 1544 disperierant
799 1482 829 1526 a.
848 1463 943 1543 1834,
960 1462 1019 1529 ubi
1037 1463 1260 1546 reperiuntur
1275 1464 1361 1548 leyen
1377 1463 1492 1528 editae

306 1603 374 1667 pro
398 1604 489 1650 nora
509 1584 719 1667 procedendi
740 1586 921 1652 ratione».
941 1622 958 1634 -
978 1587 1014 1651 ln
1031 1588 1205 1673 agitatione
1228 1606 1398 1651 causarum
1418 1586 1489 1649 sive

308 1705 449 1771 civilium
472 1706 541 1771 sive
564 1706 778 1771 criminalium
793 1712 920 1792 partem
937 1707 1107 1789 habebant,
1124 1729 1184 1795 pro
1205 1712 1321 1772 natura
1345 1708 1490 1792 negotio-

309 1848 398 1902 rum,
423 1828 625 1893 Procurator
648 1828 733 1894 Fisci
757 1828 843 1895 Cam.
870 1830 1085 1915 Apostolioae
1102 1850 1159 1895 sau
1180 1830 1381 1894 Procurator
1406 1830 1488 1895 Gen.

309 1950 443 2028 Curiae;
467 1956 500 2017 et
522 1954 619 2017 etiam
635 1952 821 2019 Advocatus
836 1960 869 2022 et
885 1955 1087 2020 Procurator
1103 1955 1273 2021 Generalis
1297 1974 1489 2040 pauperum.

399 2076 504 2142 Hodie
526 2076 610 2163 apud
634 2076 727 2144 Card.
752 2079 879 2145 Vicarii
912 2079 1033 2147 Urbani
1058 2080 1186 2147 Curiam
1217 2081 1382 2145 constituti
1414 2086 1491 2143 sunt

309 2204 376 2263 tum
399 2200 628 2285 Vicesgereus
652 2206 720 2264 tum
752 2200 988 2266 Locnmtenens
1011 2200 1132 2276 civilis;
1157 2206 1190 2266 et
1213 2202 1434 2287 Vicesgereus
1458 2204 1495 2264 et

310 2324 377 2409 ipse
401 2322 495 2390 Gard.
520 2323 673 2389 Vicarius
696 2346 770 2391 suos
798 2324 920 2393 habent
941 2326 1124 2393 Auditores.
1152 2362 1168 2375 -
1195 2325 1388 2392 cancellarii
1418 2344 1491 2387 mu-

310 2468 389 2514 nere
412 2448 560 2535 fungitur
583 2450 795 2533 secretarius,
820 2453 865 2517 ita
893 2451 1071 2537 appellatus
1102 2453 1293 2537 praesertim
1318 2458 1351 2518 ut
1376 2450 1491 2516 distin-

310 2581 467 2661 gueretur
489 2596 509 2640 a
531 2577 673 2642 Notariis
696 2583 729 2642 et
751 2579 926 2644 Actuariis.
952 2580 1131 2643 Praeterea
1162 2584 1375 2643 recensentur
1399 2574 1491 2641 Pro-

311 2704 421 2767 motor
442 2698 586 2766 Fiscello
604 2721 671 2784 pro
694 2700 838 2789 oenotris
862 2702 1123 2785 Ecclesiasticis;
1147 2708 1179 2767 et
1195 2702 1354 2767 Defensor
1377 2720 1420 2765 ex
1436 2699 1492 2765 ol-

311 2822 383 2890 ficio
408 2824 649 2891 Prosessionum
674 2828 911 2912 Religiosarum
936 2834 968 2893 et
992 2828 1124 2893 Vinculi
1152 2826 1403 2899 matrimonialis,
1429 2842 1493 2889 nec

311 2968 375 3015 non
398 2951 575 3035 Deputatus
596 2972 657 3037 pro
680 2954 839 3039 regimine
862 2954 1131 3019 monasteriorum
1155 2953 1349 3021 monialium.
