3292 5109
304 242 349 307 40
821 258 907 308 enas
931 258 970 307 11.

304 385 395 467 quasi
417 383 616 450 ordinarium
640 404 765 457 munus,
790 382 978 471 expediendi
1003 384 1128 451 seilicet
1150 384 1345 450 iudicialiter
1369 403 1484 451 causas

304 506 407 574 eidem
431 509 616 575 commissas
638 527 681 574 ex
703 509 908 595 delegatione
931 496 1052 575 Summi
1079 506 1251 577 Pontifiois.

394 632 466 697 Hoo
488 633 659 719 collegium
681 652 739 697 seu
760 632 914 705 tribunal,
935 632 1018 717 quod
1041 632 1198 719 appellari
1221 634 1390 699 consuevit
1414 635 1483 699 Au-

305 757 444 824 ditorum
468 778 637 823 causarum
662 758 693 825 S.
713 758 828 824 Palatii
853 759 903 823 vel
930 758 1120 825 Auditorum
1146 759 1177 825 S.
1203 758 1317 832 Rotae,
1340 759 1405 826 hoo
1429 758 1485 825 ha·

304 882 374 947 buit
389 880 447 948 sibi
463 882 602 970 speciale
619 889 652 948 et
670 884 800 949 omnino
816 883 993 969 singulare,
1011 902 1111 967 usque
1134 882 1175 947 ad
1199 889 1311 950 nostra
1327 878 1496 971 tempora(

306 1013 341 1074 ut
370 1008 514 1095 singulas
544 1015 756 1094 cognosceret
786 1028 900 1075 causas
930 1028 976 1103 err
1006 1008 1240 1077 commissione
1271 1030 1328 1075 seu
1358 1009 1485 1096 delega-

304 1135 394 1199 tione
408 1134 529 1219 Papae;
546 1137 580 1199 at
602 1132 702 1197 nihilo
725 1133 830 1197 secius
854 1138 920 1197 tum
944 1150 987 1197 ex
1003 1132 1234 1201 consuetudine
1256 1139 1324 1200 turn
1348 1152 1391 1196 ex
1412 1133 1486 1198 iure

306 1261 427 1343 scripto
446 1278 561 1323 munus
584 1257 722 1323 haberet
745 1254 970 1323 demandatum
995 1256 1210 1343 cognoscendi
1234 1262 1358 1321 certum
1383 1275 1487 1341 genus

307 1401 486 1447 causarum.
497 1415 515 1429 -
529 1380 620 1455 Quae
635 1379 872 1448 constitutionis
884 1381 966 1443 ratio
979 1381 1109 1445 omnino
1122 1381 1275 1465 exprimit
1288 1380 1378 1446 initia
1391 1378 1486 1444 buius

305 1504 477 1571 tribunalis
499 1505 710 1570 coalescentis
729 1522 772 1569 ex
788 1504 899 1589 Papae
918 1502 1136 1576 Adiuturibus‚
1150 1504 1204 1587 qui
1221 1503 1300 1568 Eius
1315 1501 1487 1571 tribunalis

306 1632 397 1715 quasi
419 1630 603 1696 adsessores
627 1634 722 1693 erant
745 1633 778 1694 et
801 1628 1016 1699 collaterales,
1033 1629 1150 1713 quique
1174 1629 1243 1694 eius
1266 1630 1354 1694 iussu
1376 1634 1410 1695 et
1432 1648 1487 1693 au·

305 1757 455 1821 ctoritate
478 1774 592 1819 causas
615 1752 822 1819 assumebant
843 1750 1058 1827 definiendas„

394 1880 503 1954 Quare
526 1883 634 1943 autem
656 1877 814 1963 appellari
839 1878 984 1963 coeperit
1006 1876 1148 1943 tribunal
1173 1878 1204 1944 S.
1231 1879 1334 1944 Rotae
1358 1884 1407 1943 est
1430 1898 1488 1944 oe-

304 2004 406 2072 lebris
439 2002 669 2087 disquisitionis
698 2003 782 2081 ratio
819 2003 906 2067 inter
937 2002 1090 2069 eruditos.
1124 2002 1190 2070 Alii
1221 2023 1241 2069 a
1272 2004 1396 2069 circulo
1425 2020 1488 2069 seu

305 2135 383 2196 rota
406 2148 499 2212 quam
531 2126 702 2213 signabant
732 2126 907 2195 auditores
937 2126 1093 2204 sedendo;
1118 2127 1172 2192 alii
1196 2147 1217 2193 u
1241 2128 1363 2195 circulo
1386 2148 1487 2213 argu-

305 2259 487 2321 mentorum
511 2258 544 2317 et
566 2251 831 2337 disputationum
856 2252 911 2317 alii
935 2252 1115 2337 aquodam
1139 2259 1213 2318 rota
1231 2252 1486 2339 porphyretica,

307 2586 379 2631 esset
402 2584 546 2628 meusium
569 2573 798 2627 universitatibus
823 2573 980 2627 studiorum
1004 2590 1058 2643 per
1078 2590 1182 2643 popam
1202 2574 1232 2625 in
1251 2572 1413 2627 consistorio
1427 2589 1487 2643 pu·

306 2682 379 2736 blico
397 2697 485 2752 super
501 2682 554 2735 boo
571 2680 691 2734 materia
709 2679 757 2733 oet
774 2679 916 2733 similibus
933 2680 1105 2734 audientium
1124 2681 1200 2748 duri;
1220 2678 1272 2733 boc
1292 2684 1402 2733 tantum
1421 2694 1489 2733 cou-

306 2784 408 2840 cedena
425 2788 457 2837 ut
478 2782 507 2836 in
525 2799 637 2838 camera
661 2782 816 2853 paramenti
841 2799 913 2854 qnae
932 2783 1038 2839 vellent
1064 2788 1249 2853 proponerent
1268 2822 1335 2837 .....
1354 2781 1488 2853 Sequitur

306 2896 348 2950 nti
367 2893 577 2958 denuntiantia,
601 2908 663 2957 sau,
684 2896 717 2947 nt
737 2893 895 2947 eneruatius
924 2892 1031 2964 loquar,
1050 2894 1083 2949 de
1109 2894 1257 2949 audientiis
1284 2892 1382 2947 dicem.
1413 2892 1488 2947 Duos

306 3002 381 3058 enim
393 3000 494 3071 opinor
505 3000 534 3053 in
546 2998 652 3070 palatio
665 2998 846 3054 Arinionanai
860 3000 945 3056 inisse
966 2999 1136 3064 audientiast
1155 3001 1273 3057 alteram
1286 3018 1419 3071 mapnom
1434 2992 1487 3055 sub

307 3106 472 3163 consistorio
490 3105 665 3162 Clementiae
683 3105 781 3171 sitam,
800 3122 872 3176 qnae
891 3106 1055 3179 quandoque
1070 3108 1210 3179 petatium
1231 3125 1365 3179 mopnum
1382 3122 1489 3161 novum
1515 3124 1519 3131 ’

306 3230 456 3270 causarum
478 3212 651 3283 appellatum
676 3211 796 3267 alteram
819 3215 992 3269 audientium
1017 3215 1347 3284 contradictorios-quae
1367 3212 1488 3267 intumi

306 3319 429 3376 Gaobiaa
445 3320 531 3375 fuisse
549 3319 667 3374 videtur.
687 3346 722 3361 ·-
739 3301 809 3373 Trea
829 3319 903 3374 enim
924 3320 1059 3389 imprimis
1072 3335 1106 3374 eo
1119 3324 1245 3390 tempore
1258 3320 1286 3373 in
1301 3320 1379 3374 ouria
1397 3334 1490 3373 ascen

305 3422 413 3479 nandae
431 3428 496 3477 aunt
511 3421 677 3477 Auditorum
696 3422 808 3477 classes.
829 3422 953 3476 Primum
967 3422 1116 3477 Auditores
1135 3438 1281 3476 causarum
1301 3421 1398 3491 palatii
1414 3424 1489 3490 Apo-

304 3530 397 3584 atolioi
410 3530 559 3602 exquibus
576 3529 688 3585 saeculo
706 3528 931 3600 quintodecimo
950 3530 1064 3584 ineunte
1084 3527 1207 3583 tribunal
1228 3545 1324 3585 sacrae
1339 3528 1428 3583 Rotae
1443 3532 1488 3583 eat

303 3633 495 3689 constitutum.
519 3632 623 3689 Deinde
641 3612 782 3687 redditores
800 3648 947 3686 musarum
967 3647 1095 3687 camerae
1115 3631 1303 3701 Apostolieae,
1322 3632 1369 3703 qui
1389 3645 1489 3687 caum

304 3735 427 3791 minores
444 3736 474 3791 in
491 3753 602 3791 camara
619 3744 798 3791 occurrentes
816 3737 1030 3807 cognoscebant.
1055 3734 1178 3806 Denique
1198 3733 1308 3789 auditor
1327 3734 1488 3789 litterarum

305 3842 549 3909 contradictarum,
570 3844 617 3914 qui
645 3843 680 3897 ad
707 3843 911 3899 cancellariam
941 3861 973 3897 ac
998 3844 1109 3899 litteras
1134 3844 1274 3913 pontificis
1301 3841 1488 3912 expediendas

307 3953 475 4023 pertinebat.
493 3980 530 3995 -
549 3952 673 4008 lamvero
691 3954 796 4022 ambigi
816 3953 915 4026 nequit
933 3953 1000 4025 quin
1020 3952 1155 4023 palatium
1174 3970 1307 4023 magnum
1330 3968 1487 4021 causarum,

308 4060 337 4113 in
356 4076 411 4131 qno
434 4061 511 4115 oiroa
527 4070 619 4115 rotam
637 4060 699 4115 aive
717 4062 839 4117 stadium
857 4060 999 4115 auditores
1019 4062 1080 4114 iura
1098 4059 1237 4121 dicebant.
1253 4060 1338 4115 tuerit
1364 4057 1490 4113 tribunal

306 4171 464 4226 auditorum
488 4170 560 4225 sacri
585 4169 692 4240 palatii.
718 4170 825 4225 Causae
845 4170 1055 4241 onim,quarum
1073 4172 1138 4222 acta
1156 4167 1230 4223 baud
1249 4168 1352 4238 exiguo
1370 4180 1490 4222 numero

306 4277 392 4333 etiam
414 4294 488 4331 nuno
505 4277 534 4331 in
553 4273 704 4330 'tabulario
723 4274 861 4330 Vaticano
885 4278 1074 4339 asservantur,
1086 4289 1218 4345 persaepe
1242 4272 1372 4328 dicuntur
1391 4271 1438 4343 agi
1458 4270 1491 4325 a‘n

302 4384 410 4454 potatio
428 4401 529 4455 magno
548 4400 707 4451 causarum,
727 4388 780 4438 ete.
793 4401 812 4440 a
