3292 5109
495 244 541 289 ns
567 241 705 290 runicus
729 239 994 287 accensissrims
1281 216 1347 283 443

170 367 311 433 iustitiae
327 366 416 447 ord0,
432 368 482 433 las
498 388 569 433 esse
584 368 657 432 Vic.
672 366 824 433 Generali
841 367 948 449 aliqua
963 365 1025 430 hae
1041 364 1081 431 de
1096 385 1133 430 re
1150 365 1347 441 decernere;

169 492 228 558 sed
250 492 440 558 recolantur
462 493 549 558 dicta
570 514 669 579 supra
691 514 723 557 n.
748 492 814 558 328
829 512 861 558 a.

256 618 290 705 2)
315 620 352 684 ln
387 618 538 685 Vicarios
554 620 634 685 Gen.
652 616 936 705 suffraganeorum
960 627 992 684 et
1015 619 1047 683 iu
1068 638 1177 683 eorum
1195 615 1347 692 subditos,

168 742 243 808 Vic.
261 745 433 810 Generalis
449 745 694 829 Archiepiscopi
711 765 750 809 ea
767 746 855 809 valet
879 764 1046 815 exercere,
1065 762 1146 826 quae
1162 746 1236 805 sunt
1252 742 1346 805 iuris-

167 867 317 933 dictionis
333 871 519 934 ordinariae
532 870 869 956 Metropolitanorum:
887 869 928 935 cf.
947 869 1151 949 Laurentum,
1168 869 1189 933 l.
1206 888 1243 937 c..
1260 888 1294 933 a.
1311 864 1345 932 3.

167 994 368 1061 Sententiam
385 997 534 1083 Pirhing‚
552 997 605 1080 qui
620 998 717 1061 aliter
732 995 861 1061 videtur
880 997 1011 1068 sentire,
1029 993 1282 1080 reprobavimus,
1300 993 1348 1058 ad

164 1140 199 1185 n.
225 1119 308 1186 328.

257 1247 333 1311 340.
358 1250 397 1313 In
423 1247 531 1332 specie
546 1245 651 1330 quoad
667 1248 913 1333 competentiam
930 1245 1056 1311 Vicarii
1072 1244 1252 1325 Generalis,
1265 1244 1347 1308 haec

167 1370 398 1437 advertantur:

259 1496 291 1579 l)
315 1497 388 1563 Vic.
412 1500 492 1564 Gon.
517 1518 582 1562 non
606 1502 711 1582 potest
734 1516 857 1563 causas
879 1498 1057 1583 praetores
1080 1495 1274 1561 oimioates
1298 1514 1348 1559 co-

170 1641 348 1707 gnoscere;
366 1625 458 1689 etita
473 1621 699 1708 explicandum
716 1642 885 1688 censemus
901 1627 1002 1705 caput
1017 1622 1117 1695 Licet.
1135 1621 1184 1686 De
1200 1622 1254 1704 off.
1280 1620 1346 1685 Vic.

169 1746 209 1811 ia
233 1748 257 1811 6
278 1745 320 1832 (l,
334 1746 392 1833 13)
415 1748 609 1815 decernens:
637 1750 761 1813 «Licet
776 1750 809 1812 in
828 1746 1005 1815 Officialem
1023 1748 1173 1833 Episcopi
1189 1767 1249 1832 per
1264 1766 1348 1811 com·

171 1871 356 1937 missionem
388 1872 484 1939 officii
519 1874 719 1959 generaliter
748 1873 808 1939 sibi
839 1872 974 1946 factam,
1006 1893 1175 1938 causarum
1208 1872 1347 1957 cognitio

99 2058 104 2067 .
172 1998 401 2067 transferatur.
419 2006 609 2086 potestatem
632 2007 741 2067 tamen
764 2000 971 2084 inquirendi,
988 1999 1183 2082 compendi
1206 2004 1266 2063 aut
1283 2018 1347 2081 pa

171 2123 292 2189 aiendi
316 2124 511 2210 aliquotam
534 2145 692 2193 excessus
713 2145 773 2191 reu
792 2126 926 2210 aliquos
948 2144 971 2190 a
993 2126 1063 2191 sois
1087 2124 1262 2209 beneficiis,
1279 2124 1347 2207 offi-

171 2245 234 2311 ciis
247 2249 300 2312 aet
316 2248 669 2316 administrationibus
684 2249 874 2323 amovendi,
892 2247 1075 2330 transferri
1093 2248 1263 2315 antemos.
1279 2246 1348 2311 nisi

164 2370 230 2437 sibi
251 2373 442 2455 specialiter
465 2374 548 2439 haec
570 2374 825 2441 committantur
841 2394 871 2437 ι».
890 2374 970 2438 Nam
994 2374 1138 2457 quamvis
1154 2372 1264 2455 plures
1281 2372 1346 2435 Do·

171 2501 289 2567 oteres,
306 2495 360 2561 ubi
383 2495 495 2561 videre
519 2502 568 2561 est
589 2496 673 2581 apud
690 2497 896 2576 Leurenium,
913 2516 966 2579 op.
981 2496 1044 2569 cit,
1062 2515 1092 2580 q.
1111 2496 1185 2569 140,
1204 2496 1234 2559 vi
1252 2495 1347 2561 huius

169 2619 320 2691 canonis,
345 2624 510 2700 asserant,
534 2620 669 2684 Vicario
693 2618 846 2685 Generali
878 2618 1051 2684 nullimode
1083 2622 1268 2702 competere
1291 2636 1346 2681 co-

174 2742 350 2825 gnitionem
375 2762 545 2807 causarum
566 2742 789 2813 criminalium,
806 2743 867 2807 nisi
884 2741 1018 2807 accedat
1033 2742 1178 2824 speciale
1200 2744 1347 2808 monda-

169 2872 252 2940 tum,
275 2873 382 2932 tamen
408 2868 605 2932 conformius
628 2872 678 2932 est
701 2868 824 2932 notioni
848 2867 1033 2931 Vicariatus
1058 2871 1093 2931 ut
1116 2868 1144 2930 ei
1169 2886 1234 2931 non
1258 2888 1347 2933 com-

171 2992 290 3071 petant,
318 3007 361 3052 ex
383 2988 533 3054 mandato
556 2989 713 3073 generali,
737 3008 854 3053 causae
876 2988 1054 3075 praetores
1077 2988 1271 3052 criminales.
1297 2990 1347 3054 Re

170 3113 299 3197 quidem
322 3132 403 3177 vera
433 3114 485 3178 cit.
510 3119 613 3196 caput
634 3113 777 3196 loquitur
806 3111 847 3176 de
879 3113 983 3177 causis
1014 3132 1096 3196 quae
1127 3113 1347 3179 secumferunt

166 3238 380 3321 privationes
403 3237 652 3322 beneficiorum,
682 3236 880 3321 officiorum,
905 3256 961 3301 sen
985 3256 1105 3321 poenas
1129 3238 1345 3321 gravissimas.

168 3394 187 3409 -
212 3360 322 3434 Quare
344 3360 413 3444 ipse
437 3359 633 3432 Leurenius‚
659 3359 680 3424 t.
705 3380 745 3434 c.,
769 3380 802 3423 n.
827 3357 852 3425 3
875 3361 1039 3445 opinatur,
1065 3360 1198 3425 Vicario
1223 3380 1347 3445 compe·

165 3488 248 3564 tore,
265 3482 385 3565 absque
408 3481 538 3567 speciali
562 3480 723 3562 mandato,
740 3500 855 3546 causas
877 3481 1027 3552 leviores,
1052 3482 1150 3546 veluti
1176 3483 1347 3567 impositio·

165 3628 241 3674 nem
264 3607 413 3679 mulctae,
438 3611 471 3671 et
493 3607 573 3671 alias
596 3606 628 3671 id
651 3626 763 3692 genus.

257 3728 320 3796 Sed
346 3732 461 3812 Bouix,
486 3732 536 3796 De
560 3731 635 3796 lua.
653 3732 680 3805 I,
693 3751 731 3815 p.
748 3732 822 3796 429
845 3730 1059 3816 reprehendit
1083 3737 1115 3797 et
1137 3733 1344 3807 Leurenium,

166 3860 188 3924 l.
212 3878 251 3931 c..
276 3876 308 3942 q.
332 3858 399 3922 149
421 3861 455 3921 et
477 3857 684 3942 Fagnanum,
708 3858 746 3921 ia
773 3876 847 3939 cap.
875 3856 1043 3927 Quoniam
1067 3858 1116 3922 De
1139 3860 1194 3941 off.
1219 3858 1344 3944 detep„

165 4004 200 4049 a.
214 3981 272 4056 38,
286 3984 359 4065 quia
375 3985 544 4047 autumant
561 3983 633 4047 Vic.
650 3983 742 4053 Gen„
760 3985 830 4046 siue
845 3983 976 4067 speciali
992 3982 1154 4055 mandato,
1168 4002 1269 4066 posse
1286 3985 1347 4050 cte·

163 4108 257 4173 eicos
279 4106 540 4174 concubinarios
558 4126 582 4172 a
597 4106 835 4194 beneficiorem
852 4107 1148 4174 administratione
1170 4128 1347 4175 removere

166 4240 200 4301 et
214 4232 372 4319 beneficio
392 4233 546 4316 priam,
564 4234 654 4298 iuxta
669 4235 870 4318 praescripta
888 4232 1022 4299 Consilii
1040 4232 1229 4309 Tridentini.
1248 4268 1266 4282 ·
1284 4234 1346 4299 Re·

162 4378 248 4425 vera
263 4360 314 4426 isti
330 4365 482 4425 auctores
496 4360 528 4423 in
540 4357 686 4445 pluribus
701 4378 816 4444 parum
832 4358 891 4425 sibi
906 4358 1059 4425 videntur
1075 4365 1235 4435 constare,
1249 4380 1346 4445 quum
