3292 5109
354 268 419 334 142
666 228 669 235 Ι
880 288 965 336 rans
987 289 1025 336 11.

351 411 462 477 curiae
484 410 524 475 ab
541 410 731 477 Innocentio
745 412 811 476 XII
829 411 993 478 inductam
1017 409 1073 498 (cf.
1091 432 1123 477 n.
1141 411 1208 495 90),
1234 431 1298 497 qua
1322 411 1525 496 peculiarium

350 532 559 599 tribunalium
576 553 729 599 numerus
744 532 914 599 admodum
929 532 1090 599 cohibitus
1105 534 1183 611 ruia
1204 508 1415 618 quamobrem
1430 534 1525 618 (long.
1603 597 1607 606 ,

350 654 393 723 de
409 657 645 743 Pr0pupaadc
667 657 753 723 Fide
775 656 910 744 posthac
926 657 971 723 uti
988 657 1167 743 Collegium
1183 656 1428 723 cardinalitium
1446 656 1527 722 dum·

349 790 442 849 taxat
457 782 608 851 exercuit
622 780 878 848 iurisdictionem
901 783 935 847 in
959 802 1074 849 causas
1089 802 1162 849 cum
1177 784 1316 869 negotiis
1335 802 1413 848 suae
1435 782 1529 847 admi·

350 906 548 972 nistrationis
572 924 747 981 connexas,
766 911 799 971 et
814 906 849 971 in
863 906 1063 992 propositum
1087 906 1169 971 haec
1183 905 1283 971 habet
1298 907 1345 970 De
1360 905 1450 969 Luca
1465 906 1487 971 t.
1501 925 1526 972 c.

349 1050 383 1097 a.
410 1032 452 1097 7.·
477 1032 628 1098 «Adhuc
650 1038 770 1110 tamen,
786 1032 828 1098 ad
849 1034 953 1098 instar
975 1035 1170 1118 praesertim
1187 1032 1455 1118 Congregationis
1472 1032 1527 1097 Re

350 1158 592 1244 galerium-ab
615 1160 722 1243 aliquo
744 1164 911 1244 tempore,
935 1160 1043 1243 aliqua
1070 1158 1217 1225 forensia
1245 1158 1299 1224 vel
1330 1158 1528 1223 contentiosa

349 1283 478 1367 negotia
500 1302 660 1368 peragere
679 1302 718 1347 ac
734 1282 895 1355 decidere,
912 1302 986 1348 cum
1002 1282 1114 1347 eodem
1131 1281 1426 1372 congregationum
1451 1299 1528 1345 sum·

348 1406 451 1470 mario
476 1406 766 1503 etextraiudiciali
791 1407 894 1493 stylo,
919 1408 1106 1488 consuevit,
1130 1406 1183 1471 vel
1206 1406 1331 1471 scilicet
1353 1406 1447 1488 quia,
1472 1424 1527 1491 pre

347 1528 501 1597 consueta
516 1530 658 1596 humana
680 1530 862 1596 conditione
883 1550 940 1596 seu
958 1529 1143 1615 fragilitate,
1161 1529 1258 1594 etiam
1277 1530 1362 1594 inter
1377 1530 1529 1612 ipsosmet

348 1658 566 1722 missionarios
588 1662 621 1722 et
644 1658 811 1741 operarios
834 1655 1037 1721 diversarum
1060 1654 1267 1741 Religionum
1290 1652 1343 1719 vel
1368 1653 1530 1718 Instituto

348 1802 431 1864 rum,
455 1781 686 1847 aemulationes
702 1786 734 1845 ct
750 1782 953 1865 quaestiones
976 1779 1055 1844 oriri
1080 1778 1206 1845 soleant
1228 1777 1312 1862 quod
1328 1798 1371 1843 ex
1387 1776 1529 1862 epistolis

349 1905 442 1970 Pauli
460 1910 491 1971 et
507 1904 687 1970 exactibus
705 1904 931 1990 Apostolorum
952 1902 1087 1988 aliisque
1104 1906 1206 1969 sacris
1221 1903 1338 1969 litteris
1354 1900 1530 1967 edocemur

346 2030 381 2095 in
405 2030 474 2114 ipsa
496 2048 621 2113 quoque
645 2028 808 2114 primitiva
839 2033 872 2093 ct
899 2030 1045 2093 nascenti
1070 2028 1219 2094 Ecclesia
1243 2029 1436 2111 contigisse,
1463 2027 1529 2093 sire

348 2151 432 2237 quod
455 2152 586 2218 eaedem
609 2154 831 2219 contamiones
846 2151 900 2216 vel
919 2152 1151 2217 aemulationes
1175 2153 1324 2217 oriantur
1346 2154 1436 2217 inter
1460 2151 1528 2217 mis·

347 2280 505 2344 sionarios
531 2284 569 2345 et
600 2279 758 2364 parochos
789 2279 933 2363 aliosque
965 2280 1103 2345 clericos
1129 2280 1352 2346 actionales...
1377 2284 1435 2345 aut
1459 2299 1530 2346 cum

348 2405 533 2471 earumdem
559 2407 762 2493 Religionum
786 2406 1007 2492 superioribus
1029 2407 1120 2473 circa
1146 2406 1400 2472 iurisdictionem
1425 2413 1462 2473 et
1483 2408 1530 2473 di·

348 2528 526 2593 rectionem
549 2529 678 2593 illorum
710 2502 881 2594 cuiuslibet
905 2526 1083 2613 Religionis
1113 2528 1294 2612 respective
1324 2527 1531 2594 alumnorum

348 2654 402 2737 qui
425 2652 501 2717 huic
524 2654 615 2737 operi
638 2652 786 2718 destinati
802 2652 871 2716 sive
887 2648 1004 2716 addicti
1021 2651 1096 2733 sint,
1109 2650 1244 2736 ideoque
1261 2652 1531 2739 congregationis

347 2778 452 2863 potius
476 2776 593 2842 subditi
616 2776 768 2843 censendi
791 2778 928 2841 veniunt
945 2796 975 2840 a.
1614 2835 1616 2844 .

437 2898 601 2964 Potestate
624 2918 749 2983 quoque
774 2899 964 2984 legistatiua
986 2898 1087 2984 pollet
1109 2898 1192 2963 haec
1212 2898 1431 2985 congregatio
1449 2918 1533 2984 quae
1614 2877 1616 2888 ¹

346 3020 377 3084 ei
400 3023 585 3086 necessario
608 3019 820 3085 adiudicanda
845 3025 909 3097 est;
936 3019 1091 3105 siquidem
1114 3020 1285 3086 Institutor
1301 3021 1332 3085 ei
1347 3040 1533 3105 quamcum-
1614 3049 1616 3078 i

347 3161 409 3227 que
432 3143 595 3229 delegavit
616 3142 805 3209 facultatem
828 3141 869 3207 ad
892 3145 1095 3209 commissum
1120 3163 1236 3208 munus
1255 3142 1454 3227 explendum
1478 3164 1531 3209 ne

347 3267 520 3330 cessariam
552 3271 608 3333 aut
638 3272 871 3352 opportunam;
900 3266 1002 3331 edixit
1031 3268 1117 3331 enirn
1149 3267 1265 3333 Const·
1291 3265 1532 3334 lascrutubiti:
1614 3319 1616 3342 ,

349 3389 540 3491 ‹Volentes
563 3397 598 3456 ut
620 3392 876 3479 (Oardinalest....
893 3394 1000 3458 omnia
1016 3397 1050 3457 et
1064 3393 1191 3477 singula
1213 3394 1345 3477 negotia
1368 3390 1408 3455 ad
1434 3388 1533 3457 tidem
1614 3365 1616 3412 ³

346 3519 379 3581 in
402 3520 556 3583 universo
579 3518 697 3584 mundo
720 3519 961 3605 propagandam
984 3520 1182 3605 pertinentia
1202 3523 1402 3604 cognoscant
1415 3525 1451 3584 et
1466 3523 1533 3584 tra·

346 3644 435 3706 ctent
460 3646 493 3707 et
514 3643 721 3729 grauiora...
746 3663 835 3729 quoe
858 3643 1080 3710 acciaeeriat
1102 3642 1144 3708 ad
1168 3644 1233 3708 Nos
1257 3643 1423 3716 referant,
1450 3644 1533 3707 Mis-

346 3763 531 3829 sionibus....
556 3764 832 3849 superintendant,
856 3765 1020 3829 ministros
1047 3765 1251 3830 necessarios
1275 3764 1475 3829 constituant
1498 3768 1533 3829 et

346 3894 478 3955 mutent.
505 3891 570 3955 Nos
593 3890 679 3955 enim
703 3890 756 3957 eis.
773 3895 839 3957 tam
863 3891 1041 3976 praemissa
1072 3910 1168 3973 quam
1199 3892 1307 3954 omnia
1337 3894 1371 3957 et
1399 3888 1534 3974 singula

345 4012 410 4077 alia
440 4013 579 4099 desuper
606 4014 793 4079 necessaria
825 4018 858 4078 et
887 4017 1085 4099 opportuna,
1110 4014 1207 4078 etiam
1239 4014 1266 4077 si
1295 4012 1374 4077 talia
1403 4012 1534 4077 fuerint

345 4156 429 4223 quae
459 4139 648 4224 specialem,
680 4137 863 4225 specificam
894 4148 929 4205 et
959 4158 1147 4226 expressam
1184 4141 1355 4224 requirunt
1389 4121 1533 4203 mentic-

344 4282 429 4347 nem‚
453 4263 603 4338 faciendi,
621 4262 766 4350 gerendi,
791 4262 965 4344 tractandi,
989 4236 1164 4353 agendiet
1181 4250 1367 4349 exequendi
1384 4264 1531 4349 plenam.

344 4387 482 4455 liberam
505 4393 537 4455 et
560 4386 697 4474 amplam
721 4388 919 4470 facultatem,
939 4389 1164 4455 auctoritatem
1179 4393 1212 4454 et
1230 4393 1424 4475 potestatem
1441 4390 1535 4475 Apo·
