3292 5109
482 308 689 358 us1nmcus
714 308 980 357 sccursmsmcis
1275 291 1319 357 33

231 436 346 519 ltaque
368 434 421 501 die
444 436 529 501 lovis
552 434 592 501 de
619 455 714 501 mane
748 455 861 501 omues
886 434 1030 501 Praelati
1065 440 1131 501 tam
1159 437 1321 503 Votantes

140 578 235 643 qnam
259 559 441 634 Pouentes‚
466 560 590 627 scilicet
619 561 644 627 ii
670 579 714 627 ex
738 560 983 627 Reserandariis
1007 562 1060 646 qui
1083 580 1198 627 causas
1221 561 1317 629 habe-

141 680 218 747 bant
241 683 444 757 referendas,
468 683 704 751 conveniebant
726 684 759 747 in
785 683 905 769 palatio
928 684 1095 750 Praefecti
1114 684 1170 772 (1).
1195 684 1321 753 Causae
1429 679 1431 682 ’

140 808 274 892 agitatio
297 809 422 875 initium
446 810 541 875 sumit
563 828 584 873 a
607 808 765 873 relatione
788 826 883 892 quam
907 808 986 875 facit
1008 808 1147 883 Ponens,
1163 830 1320 895 suumque

140 938 251 999 votum
274 934 416 999 omnium
440 934 572 1020 primns,
588 932 675 1015 olim,
699 931 905 1019 proferebat;
929 933 1025 1000 bodie
1040 954 1120 1000 vero
1143 934 1184 1000 ab
1207 936 1270 1001 boc
1290 938 1321 1001 ei

140 1056 364 1123 abstinendum
389 1062 439 1123 est
462 1076 505 1123 ex
526 1057 782 1143 praescriptione
805 1056 869 1121 iam
893 1059 947 1122 cit
972 1056 1049 1123 God.
1074 1057 1278 1144 Gregoriani.
1301 1092 1319 1107 -

142 1183 287 1250 Proinde
310 1204 439 1249 cauam
461 1162 613 1249 decidere
636 1181 754 1248 debent
779 1182 946 1254 Votautes,
960 1184 1012 1268 qui
1036 1190 1145 1249 votum
1168 1186 1321 1270 proferre

141 1308 249 1374 solent
263 1326 302 1374 eo
317 1307 432 1373 ordine
446 1313 482 1373 ut
498 1309 605 1373 iunior
620 1304 759 1393 (ratione
775 1288 987 1394 cooptationis
1010 1310 1044 1373 iu
1066 1308 1251 1395 collegium)
1271 1312 1321 1375 in·

142 1436 258 1520 cipiet,
286 1439 384 1519 atque
411 1433 604 1501 Praefectus
629 1438 705 1499 vota
731 1433 872 1505 adnotet
898 1433 940 1499 ad
967 1454 1079 1499 eorum
1107 1435 1322 1502 maioritatem

142 1560 365 1629 concludendo
396 1560 635 1627 resolutionem.
659 1557 721 1625 Ubi
747 1578 828 1625 vero
855 1564 930 1623 s’ota
956 1560 1021 1626 sint
1042 1560 1144 1645 paria
1165 1563 1243 1627 tunc
1268 1562 1322 1627 vel

143 1686 320 1772 propositio
354 1680 478 1750 differri
512 1682 594 1748 solet
624 1682 677 1748 vel
712 1682 780 1769 ipse
810 1682 1003 1749 Praefectus
1033 1688 1143 1748 votum
1176 1682 1322 1749 addendo

143 1810 363 1893 quaestionem
388 1806 530 1874 resolvit.
555 1807 599 1871 At
622 1806 834 1890 frequentius,
850 1807 885 1871 in
906 1807 970 1873 boc
993 1826 1080 1880 casu,
1098 1776 1222 1872 differri
1244 1825 1322 1872 con·

144 1931 250 1996 suevit
273 1929 436 1996 resolutio.

235 2054 267 2119 Si
295 2059 420 2139 partes,
445 2074 581 2139 quarum
611 2056 763 2127 interest,
789 2056 972 2120 sententiae
1001 2074 1067 2119 uon
1097 2055 1321 2138 acquiescant,

148 2173 364 2265 efflagitante
385 2179 556 2245 Praefecto
580 2178 778 2265 beneficiam
800 2198 911 2245 aecae
932 2178 1128 2245 audientiae
1143 2177 1204 2265 (2);
1228 2197 1324 2262 quam

146 2304 327 2369 concedere
343 2304 395 2367 vel
419 2302 582 2389 denegare
599 2304 631 2366 in
648 2303 717 2368 eius
736 2307 786 2367 est
808 2307 978 2388 potestate.
1005 2303 1114 2386 Neque
1137 2323 1196 2388 pro
1220 2304 1325 2388 prima

145 2432 219 2496 viee
250 2430 405 2515 denegari
435 2430 533 2501 solet,
558 2428 621 2493 imo
655 2448 716 2513 pro
751 2447 924 2494 causarum
959 2430 1119 2514 gravitate
1149 2434 1183 2497 et
1211 2406 1345 2494 rerum*

91 2581 94 2589 ·
145 2554 306 2619 adiunctis
335 2552 430 2616 etiam
462 2549 583 2637 pluries
614 2548 810 2617 conceditur.
844 2552 890 2614 At
915 2549 956 2614 ad
978 2550 1129 2615 evitanda
1158 2549 1325 2636 dispendia

145 2696 256 2745 aevae
278 2681 337 2741 aot
358 2675 489 2758 pluries
510 2674 652 2740 iteratae
674 2672 871 2763 audientiae
895 2673 1097 2755 Praefectus,
1110 2676 1164 2758 qui
1188 2680 1238 2741 est
1259 2694 1324 2738 mo

146 2801 279 2867 derator
294 2808 441 2867 actorum
457 2800 490 2863 in
506 2798 690 2885 Signatum,
707 2800 733 2863 si
750 2804 826 2865 vota
842 2798 950 2864 videat
972 2800 1116 2884 proferri
1135 2799 1255 2883 absque
1271 2822 1324 2867 ne

146 2925 288 2991 cessaria
304 2925 354 2988 rei
369 2924 491 3005 notitia,
504 2924 608 3010 potius
625 2922 854 2989 resolutionem
871 2942 987 2988 causae
1004 2925 1169 3008 suspendit
1188 2945 1322 3010 eamque

236 3150 276 3221 (Ι)
296 3150 346 3204 Est
365 3166 424 3203 mos
441 3166 529 3222 aeque
548 3154 641 3205 cartus
660 3151 755 3205 curiae
774 3166 916 3217 romanae,
935 3152 1099 3222 cuicumque
1119 3151 1260 3206 tribunali
1276 3157 1326 3207 aut

147 3256 360 3327 congregationi
380 3255 465 3309 lixum
484 3254 643 3325 assignandi
662 3254 736 3310 diem
756 3271 805 3325 pro
824 3256 1019 3326 congressibus
1037 3260 1065 3311 et
1083 3257 1265 3310 conventibus
1278 3274 1326 3326 ge·

147 3360 298 3416 neralibns.
317 3387 355 3402 -
372 3359 440 3413 ltem
467 3376 567 3414 causae
592 3360 620 3412 iu
649 3360 835 3415 determinato
858 3376 974 3415 numero
998 3361 1114 3430 proponi
1136 3360 1227 3414 solent
1235 3380 1242 3424 ς
1268 3360 1325 3428 sed,

147 3467 225 3538 qnasi
246 3482 295 3535 per
313 3466 514 3533 exceptionem,
527 3464 556 3517 in
570 3463 721 3532 Signatura
737 3462 864 3519 institiae
882 3482 938 3519 non
957 3464 1112 3518 attenditur
1130 3462 1199 3519 baec
1218 3465 1325 3534 regula

147 3572 298 3627 Praeterea
317 3572 345 3624 in
362 3570 439 3640 praxi
460 3570 554 3624 curiae
580 3574 677 3624 riotatn
704 3569 818 3640 dignum
841 3574 899 3636 est,
917 3570 1055 3624 iudicibus
1074 3588 1124 3640 pro
1146 3571 1237 3625 studio
1261 3589 1326 3626 cau·

147 3696 241 3733 sarum
265 3684 295 3732 et
313 3676 454 3731 advocatis
475 3692 524 3747 pro
546 3674 705 3733 defensione
730 3677 875 3732 admodum
895 3679 979 3738 breve
999 3680 1115 3748 praefigi
1134 3684 1257 3749 tempus;
1277 3682 1325 3752 qni
1352 3741 1360 3753 ,

148 3803 216 3853 mos,
235 3789 315 3840 notat
334 3785 373 3840 De
392 3784 477 3851 Luca,
496 3802 539 3855 op.
556 3787 610 3851 cit,
628 3786 697 3840 disc.
716 3786 761 3851 31,
779 3804 806 3839 a.
821 3786 865 3852 10,
887 3786 922 3839 ob
942 3786 1062 3840 sobriam
1082 3791 1112 3841 et
1128 3786 1268 3841 concisam
1286 3789 1326 3840 ta·

147 3898 256 3948 ctornm
276 3896 305 3948 et
324 3900 553 3961 argumentorum
575 3891 771 3948 tractationem
796 3908 852 3947 nou
875 3892 1044 3962 impediebat
1063 3892 1158 3946 iudicii
1176 3894 1326 3947 maturita-

147 4003 205 4054 tem
224 4004 254 4055 et
272 3998 469 4053 advocatorum
489 3997 716 4053 cavillationibus
736 3998 842 4053 aditum
866 3997 1071 4068 praecludebat
1090 3998 1181 4059 Quare
1202 3998 1327 4055 solemne

148 4109 191 4159 est
208 4106 237 4158 iu
256 4104 332 4177 stylo
351 4104 446 4159 cariae
464 4102 607 4158 advocatis
625 4104 861 4173 praestituerent
878 4104 955 4175 typis
970 4104 1062 4160 editae
1075 4106 1327 4162 animadversiones

147 4216 176 4265 et
195 4209 389 4280 responsiones
406 4212 484 4263 certo
501 4206 632 4263 soliorum
650 4224 765 4263 numero
784 4209 994 4265 contineantur:
1010 4212 1046 4264 cf.
1068 4211 1132 4266 Cod.
1146 4214 1192 4266 cit.
1208 4212 1251 4266 Pii
1266 4211 1326 4279 Vll,

147 4320 307 4374 απ.1105.

236 4424 278 4497 (2)
298 4422 352 4478 cu.
372 4424 401 4478 in
421 4422 442 4476 I
454 4423 519 4489 aab,
537 4440 565 4478 a.
586 4423 662 4478 655.

200 4570 202 4573 .
293 4530 354 4585 Sec.
374 4528 452 4599 Lapa
