3292 5109
436 298 480 346 ns
503 297 643 346 rnnrcns
666 296 933 345 sccussmsrrcrs
1220 274 1285 341 167

201 422 271 489 110.
296 420 343 509 (1)
368 421 440 489 Hoc
462 422 627 508 singulare
650 426 708 494 est,
732 419 816 506 quod
841 421 971 506 negotia
986 418 1208 505 Regularum,
1225 419 1285 484 etsi

124 549 246 633 aliquam
270 548 436 635 implicent
458 550 715 631 contentionem,
743 547 954 613 nihilominus
983 544 1177 612 definiantur
1199 544 1286 611 iuris

123 672 229 740 ordine
250 692 321 740 nore
343 678 487 740 servato.
513 672 713 758 Quicumque
732 672 816 738 enim
837 673 992 757 strepitus
1005 668 1163 737 iudicialis
1179 690 1285 735 remo-

121 797 230 865 vendus
252 804 301 863 est
323 817 345 862 a
366 796 578 864 conventibus
600 805 634 864 et
656 797 787 863 familiis
810 796 1033 883 Regularium.
1056 795 1140 863 Rem
1162 796 1209 861 ite
1230 814 1286 861 sx-

121 920 207 1005 plicat
229 918 321 985 card.
346 919 393 985 De
418 920 505 985 Luca
528 920 549 985 1.
566 940 593 987 c.
613 939 647 984 n.
665 918 724 985 14:
749 939 828 984 ‹....
845 938 960 985 causas
983 917 1196 1004 Regularium
1217 936 1284 981 non

122 1042 209 1108 solum
229 1042 384 1126 publicas
406 1062 505 1130 super
529 1044 685 1130 regimine
715 1042 894 1130 Religionis
923 1044 956 1108 in
987 1044 1192 1122 uniuersum,
1217 1040 1285 1105 sive

123 1166 196 1230 inter
217 1185 311 1231 unam
336 1166 537 1252 Religionem
566 1172 598 1231 et
621 1165 776 1238 alterum,
800 1164 857 1231 sed
888 1166 984 1231 etism
1010 1164 1168 1248 petralas
1198 1163 1285 1227 inter

124 1290 196 1373 ipsos
216 1290 384 1376 religiosos
409 1293 496 1357 viros
519 1310 617 1377 super
644 1286 870 1363 electionibus,
898 1288 1012 1355 officiis
1035 1295 1069 1354 et
1092 1287 1286 1374 praelaturis

124 1418 170 1476 aut
183 1432 277 1498 super
292 1412 528 1499 praecedentiis
544 1416 726 1497 ceterisque
741 1414 965 1494 occurrentiis,
982 1412 1181 1500 generaliter
1203 1410 1286 1475 hoec

123 1532 148 1598 S.
164 1534 256 1621 Cong.
275 1537 440 1623 cognoscit
455 1544 490 1601 et
504 1538 657 1603 terminat
672 1536 862 1603 summarie
876 1541 908 1602 et
922 1536 965 1601 de
983 1536 1092 1619 plano
1106 1534 1181 1601 sota
1202 1531 1287 1616 facti

124 1660 247 1727 reritote
268 1662 431 1747 inspecto,
448 1662 655 1748 quandoque
680 1682 758 1729 cum
774 1660 1091 1728 emireiudicielibdr
1111 1658 1285 1743 probatio·
1401 1750 1407 1761 .

122 1784 280 1853 nitescet
305 1806 383 1853 cum
406 1786 646 1872 sufficientibus
670 1785 962 1874 iustificationibus
988 1784 1285 1870 perscripturus,

124 1910 200 1974 nullo
221 1917 329 1976 temen
344 1912 489 1977 adhibito
502 1912 631 1977 formali
648 1932 802 1999 processu
831 1931 903 1976 cum
927 1912 1054 1975 notario
1077 1917 1110 1975 et
1132 1929 1205 1975 cum
1221 1908 1286 1975 telo

122 2037 274 2103 iudiciaria
291 2060 321 2104 ›.

196 2162 259 2227 Pro
283 2162 566 2228 informationibus
590 2164 774 2229 necessario
801 2161 1019 2248 exquirendis,
1036 2162 1119 2227 haec
1134 2166 1286 2227 servatur

121 2285 217 2367 praxis
240 2287 284 2349 ita
307 2285 413 2351 relate
435 2306 455 2349 a
479 2287 532 2351 cit.
550 2287 694 2352 Auctore
717 2288 738 2352 l.
757 2306 805 2353 c:
832 2286 977 2373 ‹Stylus
999 2292 1106 2351 eutem
1130 2283 1285 2371 estquod

121 2410 369 2493 quemadmodum
394 2412 426 2476 in
451 2410 535 2477 dicte
558 2412 622 2477 alia
645 2412 752 2499 specie
777 2414 980 2499 negotiorum
996 2414 1229 2498 Episcoporum
1252 2414 1285 2474 et

121 2533 304 2603 Clericorum
329 2542 363 2602 et
390 2536 595 2613 Monialium,
620 2537 730 2604 habito
761 2558 900 2604 recursu
929 2559 989 2624 per
1016 2540 1101 2603 viam
1132 2538 1286 2625 simplicis

120 2652 208 2721 libelli
230 2657 493 2729 extraiudicialis.
511 2658 663 2725 scribitur
680 2662 840 2748 Episcopo
863 2682 922 2748 pro
945 2662 1217 2728 informatione...
1240 2662 1286 2724 ita

120 2778 147 2842 in
174 2782 238 2848 istis
268 2785 408 2870 negotiis
432 2784 641 2870 Regularium
672 2786 865 2853 rescribitur
895 2787 1108 2853 Procuratori
1132 2785 1285 2852 Generali

121 2900 299 2990 Religionis.
324 2908 379 2991 qui
409 2929 538 2994 semper
566 2910 600 2973 in
624 2910 715 2975 curia
746 2911 876 2992 assistit,
896 2916 930 2976 et
960 2908 1150 2994 quandoque
1181 2906 1285 2974 eidem

121 3024 268 3110 Generali,
291 3049 356 3114 qua
378 3030 488 3095 habita
511 3034 538 3095 si
562 3052 627 3097 una
650 3034 790 3118 partium
824 3052 895 3099 enm
926 3034 1092 3120 impugnet
1118 3037 1214 3119 atque
1237 3031 1285 3096 nl-

122 3154 243 3217 terutam
264 3154 464 3241 praetendat,
482 3154 565 3219 eliae
588 3157 759 3242 capiuntur
782 3158 1028 3224 informat-iones
1044 3163 1077 3224 et
1092 3156 1285 3223 adhibentur

122 3273 287 3363 diligentiae
311 3299 372 3366 pro
395 3282 534 3347 veritate
557 3281 791 3367 indaganda».

198 3404 267 3469 141.
292 3406 332 3471 In
364 3406 563 3491 exequendis
594 3406 809 3474 decisionibus
842 3408 936 3474 editis
964 3410 1050 3476 iuris
1073 3410 1286 3477 ordinemne

121 3532 237 3595 smoelc
254 3534 303 3595 est
319 3528 439 3614 aliquid
455 3531 610 3618 speciale,
624 3538 658 3598 ut
674 3532 805 3598 adnotet
820 3532 905 3599 idem
921 3534 968 3599 De
983 3534 1072 3599 Luca
1088 3536 1109 3600 1.
1125 3555 1153 3601 c.
1172 3533 1285 3599 -Nam

195 3775 231 3845 (1)
253 3776 307 3832 Ubi
327 3777 459 3832 iudicium
479 3778 622 3833 ferendum
639 3781 675 3833 sit
690 3779 724 3835 de
739 3780 816 3851 gravi
832 3781 948 3835 crimine
962 3783 997 3835 ab
1011 3781 1147 3850 Episcopo
1166 3784 1285 3849 patrato,

119 3894 155 3933 res
172 3880 279 3938 Summo
298 3884 426 3939 Pontifici
448 3892 490 3939 est
510 3890 651 3942 reservato
664 3887 697 3941 ad
715 3888 916 3957 praescriptum
934 3887 1051 3942 Concilii
1071 3888 1146 3941 Trid.
1164 3904 1230 3942 sess.
1243 3888 1285 3939 24

118 3998 136 4032 c.
150 3986 169 4034 5
182 3986 220 4039 De
232 3990 286 4057 ref.
301 3996 328 4041 et
341 4004 407 4041 sess.
420 3990 463 4040 25
477 4008 499 4043 c.
514 3990 550 4041 14
563 3990 605 4044 De
618 3994 683 4061 roffi·
701 3995 745 4044 est
767 3992 867 4045 notitia
884 3991 952 4045 iacti
971 3992 1044 4046 solet
1061 3992 1096 4045 sd
1114 3990 1284 4045 audientium

119 4080 183 4139 ssffii
202 4090 298 4144 reterri
323 4106 373 4159 por·
392 4089 463 4143 banc
482 4091 744 4162 congregationem.
765 4124 780 4134 -
802 4094 873 4151 Dein
893 4072 1024 4151 Pontifex
1049 4096 1094 4151 vel
1115 4095 1180 4150 huic
1199 4093 1284 4161 cong.

119 4186 156 4241 rel
173 4190 217 4245 alii
236 4192 369 4247 tribunali
382 4191 428 4247 vel
440 4193 555 4263 speciali
569 4195 788 4266 Congregetioni
802 4196 992 4253 Cardinelium
1008 4215 1119 4254 causum
1135 4195 1286 4252 committit
1347 4232 1350 4237 -

121 4292 287 4365 iudicandam
295 4316 439 4370 processus
448 4306 541 4356 autem
553 4304 581 4357 in
590 4308 699 4373 factum
711 4304 857 4376 delegetur
868 4307 1055 4363 conficiendos
1063 4307 1147 4362 alicui
1155 4305 1286 4362 Praeleto

123 4402 277 4473 tripertitus
294 4424 342 4464 seu
361 4408 492 4463 residenti
507 4409 535 4463 in
549 4409 624 4478 locis,
639 4412 685 4464 ubi
700 4412 802 4467 nolitis
814 4415 882 4468 facti
902 4413 997 4468 facilis
1016 4420 1045 4470 et
1063 4420 1140 4470 certa
1158 4413 1285 4469 hebetur.
