3292 5109
284 250 353 317 292
813 272 897 320 rans
922 272 958 319 11.

283 392 441 459 haeredes
464 394 548 461 idern
575 396 836 462 committebatur
859 397 916 463 sed
941 415 1105 482 quousque
1130 398 1325 482 possessoris
1348 400 1465 475 morte,

284 520 502 605 resignatione
524 528 581 589 aut
610 522 675 587 alia
701 524 859 589 canonica
893 523 1038 608 legitima
1072 542 1170 587 causa
1203 528 1359 588 uacaret:
1390 518 1466 585 inde

283 660 399 707 nomen
424 642 525 728 officii
548 644 677 711 aemulis
700 645 874 711 vocabilis,
899 645 1008 720 Quare
1031 644 1253 709 intercedebat
1276 648 1466 709 contractus

285 766 482 848 emptionis,
513 767 730 851 ususfructus
752 775 808 834 aut
830 789 951 836 ceruus
978 769 1210 855 couupualiui.
1241 769 1305 833 Ast
1333 766 1469 832 suberat

284 892 380 956 etiarn
404 898 596 960 contractus
625 894 832 979 uleulorius;
861 893 1017 978 siquidem
1045 892 1312 980 praesumebatur
1338 896 1467 977 emptor

284 1017 396 1082 vivere
420 1038 477 1083 seu
500 1016 639 1085 officium
669 1020 893 1106 possiderem
917 1025 1043 1086 certum
1066 1027 1206 1105 tempus;
1234 1037 1330 1103 quam
1353 1018 1466 1083 conie-

285 1148 409 1211 cturam
425 1144 478 1209 vel
501 1144 534 1208 in
551 1145 696 1211 favorem
719 1146 926 1212 concedentis
942 1146 996 1211 vel
1012 1146 1263 1212 concessionarii
1279 1165 1346 1210 non
1364 1140 1465 1209 semel

284 1268 418 1334 fallebat
441 1275 586 1337 eventus.
612 1270 681 1335 Non
705 1290 799 1337 secus
814 1268 851 1336 fit
864 1274 906 1336 'in
921 1275 1098 1339 contractu
1121 1270 1273 1345 ailulilio,
1300 1271 1392 1335 cuius
1407 1269 1466 1333 uti·

284 1396 358 1459 litas
381 1395 569 1478 pecuniaria
596 1415 655 1481 pro
687 1417 751 1460 uno
778 1396 937 1468 etaltera
972 1397 1187 1462 contrahente
1221 1395 1394 1459 commissa
1416 1396 1467 1459 est

284 1515 377 1581 aleae
399 1517 486 1580 vitae
509 1516 594 1581 illius
621 1518 673 1583 cui
696 1517 779 1582 alius
802 1517 907 1583 uitam
933 1523 1115 1600 praestare
1138 1516 1249 1598 debet,
1275 1536 1334 1581 seu
1357 1514 1467 1578 omnia

285 1639 470 1705 necessaria
493 1641 593 1704 victui
617 1644 650 1707 el
672 1641 872 1706 habitationi.

375 1764 428 1829 Uti
450 1782 510 1849 par
526 1770 582 1837 est,
600 1763 705 1831 officia
728 1765 841 1850 quibus
865 1766 1017 1830 inhaeret
1038 1764 1275 1830 administratio
1300 1765 1348 1828 rei
1372 1762 1465 1849 spiri·

286 1890 381 1957 tualis
404 1910 461 1955 seu
484 1892 627 1956 muneris
649 1892 833 1976 gravissimi
855 1912 920 1955 non
944 1895 1095 1976 poterant
1118 1890 1210 1955 reddi
1233 1890 1464 1963 haereditaria.

286 2012 343 2079 sed
358 2013 502 2078 conferri
526 2012 685 2080 debebant
707 2015 818 2081 habita
840 2016 977 2096 ratione,
995 2014 1172 2080 industriae
1194 2033 1363 2099 personae,
1388 2014 1467 2078 hinc

286 2133 454 2200 vocabilia
473 2138 576 2199 erant.
603 2170 620 2183 -
647 2134 718 2199 Hoc
741 2136 871 2200 nomine
894 2135 1045 2202 distincta
1066 2141 1152 2216 sunt,
1169 2136 1244 2219 quia
1263 2136 1328 2199 alia
1350 2134 1467 2199 consti·

285 2262 356 2324 tuta
379 2264 473 2325 erant
499 2258 603 2324 officia
625 2260 754 2325 venalia
775 2281 847 2327 aaa
868 2260 1037 2327 vocabilia
1044 2281 1058 2345 3
1082 2266 1194 2346 utputa
1217 2260 1328 2346 officia
1351 2260 1466 2327 ciuilia

287 2382 472 2465 capiloliua
496 2402 630 2467 quorum
654 2386 847 2451 exercitium
869 2384 968 2450 heres
991 2385 1043 2450 vel
1067 2405 1126 2470 per
1149 2404 1184 2450 se
1206 2384 1260 2450 vel
1283 2405 1343 2469 per
1365 2384 1466 2449 alium

287 2526 445 2572 exercere
469 2506 612 2581 debebat,
630 2510 766 2574 sednon
786 2512 856 2575 sine
870 2508 1073 2595 beneplacito
1096 2511 1280 2596 Superioris
1296 2512 1350 2595 qui
1373 2511 1466 2575 hisce

288 2628 476 2696 officialibus
499 2639 660 2717 praeerat.

378 2757 470 2821 Haec
492 2756 647 2824 institutio
663 2757 709 2843 (1)
725 2758 822 2823 facile
839 2760 872 2823 in
889 2779 996 2825 mores
1017 2760 1216 2845 pertransiit,
1233 2760 1308 2843 quia
1330 2759 1395 2823 iam
1420 2759 1466 2823 in-

287 2876 436 2944 valuerat
469 2877 553 2963 apud
584 2879 745 2944 Romanos
779 2879 838 2944 sub
874 2881 1002 2945 nomine
1033 2881 1244 2947 militiarum.
1275 2916 1296 2929 -
1328 2881 1468 2947 Militiae

378 3112 416 3178 (l)
436 3110 475 3165 cf.
497 3112 515 3164 l.
533 3112 641 3182 penult.
661 3116 678 3177 §
698 3114 821 3168 Alumuo
840 3116 869 3184 ffi
891 3115 933 3169 De
953 3116 1040 3185 lepcti
1057 3124 1085 3169 et
1101 3116 1239 3184 fideicom.
1260 3116 1307 3168 lib.
1325 3114 1384 3179 33;
1403 3115 1423 3167 l.
1435 3115 1466 3181 3,

288 3219 361 3285 §Da
380 3220 437 3273 diei
454 3220 483 3291 ff.
504 3220 545 3275 De
564 3220 732 3288 minorihus5
751 3221 770 3273 l.
783 3223 831 3290 fin.
854 3221 917 3276 Coa
938 3224 979 3275 De
994 3224 1176 3293 pipuoribus3
1196 3222 1214 3274 l.
1238 3221 1355 3275 Omnino
1373 3225 1392 3286 ἓ
1409 3221 1467 3273 lm·

283 3330 382 3398 putari
397 3328 462 3381 l'od.
477 3328 518 3381 De
532 3326 672 3397 inofficias.
692 3336 752 3381 test.
772 3356 806 3369 -
828 3328 943 3383 Praeter
960 3328 1052 3382 officia
1070 3328 1181 3382 venalia
1193 3328 1333 3382 vacabitis
1344 3326 1390 3382 vel
1409 3345 1465 3383 non

287 3435 427 3491 vacabilia
439 3435 612 3489 habebantur
623 3436 708 3489 etiam
722 3430 783 3490 loca
796 3437 932 3490 montium
943 3436 1082 3491 vocabilia
1091 3438 1139 3489 uel
1150 3452 1207 3488 uon
1215 3435 1362 3488 vocabilia.
1373 3435 1465 3500 blane,

287 3546 317 3601 in
329 3561 442 3615 genere,
454 3546 601 3614 praecipue
613 3546 642 3599 in
656 3545 805 3615 provinciis
815 3545 1045 3601 Meridionalibus
1055 3543 1163 3610 ltaliae,
1173 3541 1369 3612 appellabatur
1381 3558 1466 3613 quae·

287 3668 405 3723 cumque
424 3651 599 3706 coacervatio
618 3668 787 3705 summarum
800 3651 963 3719 capitalium
977 3651 1017 3704 uti
1031 3650 1112 3704 hodie
1131 3652 1164 3703 fit
1182 3650 1211 3702 in
1224 3647 1322 3717 Capsis
1336 3663 1465 3716 compen·

288 3758 411 3822 diorum,
428 3755 474 3811 uel
493 3756 610 3809 aliarum
630 3772 721 3810 rerum
735 3756 827 3825 pretio
843 3756 1062 3821 aestimaturum,
1076 3756 1116 3809 uti
1132 3755 1164 3808 lit
1182 3756 1211 3808 in
1223 3755 1321 3808 Monte
1336 3753 1467 3820 Pietatis,-

289 3864 334 3919 vel
354 3880 445 3918 neruum
465 3880 515 3916 usu
540 3862 813 3931 consumptibilium,
833 3864 874 3916 uti
893 3863 1031 3931 agebatur
1048 3862 1079 3916 in
1098 3862 1242 3916 Montibus
1265 3859 1466 3914 frumentariis.

287 3971 413 4024 Iamvero
428 3970 489 4024 locu
501 3969 665 4024 dicebantur
678 3969 819 4039 portiones
835 3985 1004 4022 summarum
1018 3968 1180 4037 capitalium
1192 3979 1210 4022 st
1222 3970 1262 4020 ita
1275 3966 1467 4021 consumendo

288 4082 327 4128 tot
346 4074 408 4127 loca
425 4090 474 4127 seu
493 4074 633 4141 portiones
651 4078 720 4144 quot
737 4078 803 4127 sunt
821 4078 962 4127 scutorum
978 4088 1050 4143 qaae
1070 4071 1244 4141 recipiuntur
1261 4074 1389 4136 centena,
1407 4069 1467 4123 sive

286 4179 342 4233 ista
354 4179 411 4232 sint
428 4183 508 4232 scula
521 4182 658 4245 monetae,
670 4180 728 4235 sive
742 4180 798 4234 sint
817 4180 878 4234 auri
893 4194 961 4236 ..a
979 4180 1019 4233 ila
1038 4179 1077 4234 De
1091 4178 1177 4244 Lusa,
1190 4178 1232 4232 Dc
1245 4178 1314 4232 locis
1329 4180 1467 4230 montium

285 4284 454 4338 uacabilium
472 4286 562 4351 Urbis,
575 4301 633 4353 cap.
647 4284 667 4351 l,
680 4282 705 4337 3.
715 4313 751 4325 -
761 4282 818 4338 Ista
830 4284 893 4339 loca
906 4290 987 4340 erant
998 4282 1137 4339 vacabilia
1150 4283 1173 4336 si
1186 4282 1222 4335 ad
1234 4287 1343 4336 certum
1357 4286 1467 4350 tempus

284 4391 542 4456 constituebantur,
561 4408 654 4457 secus,
675 4392 698 4444 si
718 4392 746 4445 in
766 4396 947 4462 perpetuum,
966 4408 1014 4447 seu
1034 4396 1116 4447 erant
1135 4406 1191 4445 non
1210 4389 1357 4444 secabilia.
1377 4388 1467 4442 Hodie
