3292 5109
651 320 861 369 ALLEGATUM
883 320 930 367 IV.

734 586 806 641 ·tt.

450 783 587 824 sonuum
608 781 814 822 perornamus
833 781 975 822 invocas!
993 779 1126 820 nisenus.

287 995 305 1038 s(
320 983 367 1049 N.,
386 982 541 1054 Episcopus
560 982 596 1036 N.
610 1009 645 1024 -
659 981 767 1036 Dilecto
786 980 822 1034 N.
835 1008 873 1021 -
890 983 924 1037 Ut
942 997 1051 1046 comae,
1070 996 1141 1049 puae
1160 979 1189 1031 in
1206 985 1301 1032 nostro
1324 977 1378 1031 tri·

199 1089 298 1144 bunali
322 1093 450 1161 capnosci
475 1092 635 1160 consiperit,
661 1091 753 1144 debita
778 1107 842 1143 cum
866 1092 1027 1144 rnaturitate
1050 1088 1243 1151 discutiantur,
1268 1093 1294 1138 et
1312 1086 1378 1137 iuro

202 1197 293 1249 nostri
309 1197 378 1264 fisci,
397 1213 563 1267 mensaeque
578 1205 716 1261 tueantur,
732 1196 897 1249 aduocatum
916 1194 1041 1264 fiscalem
1056 1193 1210 1263 providere
1222 1165 1379 1260 cupientes,

200 1305 227 1355 in
248 1311 295 1356 tua
315 1304 481 1372 intepritate,
499 1304 624 1367 scientia,
643 1312 670 1356 et
687 1319 786 1356 rerum
804 1302 980 1370 apendarum
993 1300 1166 1370 experientia
1176 1297 1336 1368 plurimum
1348 1294 1379 1346 in

203 1411 323 1464 Domino
342 1411 447 1480 confsi,
470 1411 508 1464 Te
526 1411 563 1464 ad
581 1411 633 1463 boc
652 1425 755 1462 munus
774 1408 912 1478 elipimus,
932 1418 959 1461 et
976 1410 1152 1477 deputamus,
1170 1421 1233 1458 cum
1251 1403 1378 1456 omnibus

202 1519 362 1584 honoribus,
380 1517 596 1587 praeropatiois,
614 1517 773 1586 priuilepiis
792 1525 818 1570 et
837 1515 1039 1579 eotoiumentis,
1053 1523 1109 1566 tam
1121 1515 1157 1565 de
1171 1512 1234 1565 iure
1246 1509 1378 1580 quernae

200 1625 399 1680 consuetudine
418 1625 496 1692 enipi
514 1624 618 1677 solitis:
635 1623 804 1678 Mandantcs
824 1624 953 1676 oniuibus
971 1631 997 1676 et
1015 1621 1135 1691 suspulis
1157 1629 1270 1673 nostroe
1291 1619 1377 1670 iuris-

198 1729 315 1808 dictioni
341 1729 486 1794 subiectis,
504 1737 536 1780 ut
559 1727 596 1781 Te
616 1728 644 1780 in
669 1727 756 1780 talem
780 1728 898 1781 habeant
923 1735 949 1780 el
970 1734 1178 1795 recopnoscant,
1197 1734 1225 1778 et
1242 1725 1291 1776 ubi
1309 1735 1379 1792 opus

199 1837 297 1906 fuerit,
307 1839 419 1906 faueant
430 1833 648 1889 dominantia
659 1850 787 1904 quorum,
798 1843 849 1888 etc.
860 1835 972 1898 Datum,
982 1842 1072 1886 stc·
1080 1833 1126 1897 N,
1136 1831 1290 1901 Episcopus
1300 1829 1376 1884 N.-

202 1943 246 2012 N,
267 1945 457 1998 cancellarius
470 1957 494 2000 r.
509 1942 546 1996 Ei
564 1946 683 2011 ponatur
702 1939 827 2012 sigillum
846 1945 977 1996 consueto
996 1940 1067 1995 loco.

764 2187 812 2242 XI.

377 2382 510 2423 Positum
529 2382 735 2422 DEPUTATIONIS
754 2381 930 2421 narnusoms
948 2380 1199 2432 Mstnluoutonmt,

424 2473 538 2513 NEGNON
558 2473 733 2512 ossensouts
753 2471 952 2512 Pnosssssmms
970 2470 1149 2510 nautatossls.

286 2683 304 2727 t<
319 2671 365 2738 N,
386 2671 541 2742 Episcopus
560 2671 596 2724 N.
609 2697 646 2711 -
659 2670 768 2724 Dilecto
786 2669 823 2723 N.
836 2695 873 2711 -
888 2669 957 2724 Cum
969 2689 986 2722 a
1000 2669 1150 2723 Benedicta
1166 2667 1214 2723 XI
1218 2669 1246 2734 V,
1265 2669 1296 2722 in
1314 2685 1377 2722 con-

203 2781 344 2834 stitutione
362 2796 433 2850 qnae
451 2780 547 2848 incipit
566 2777 615 2832 Dei
635 2777 812 2832 miseratione
827 2779 949 2846 prooids
960 2786 1094 2831 statutum
1105 2778 1203 2847 fuerit,
1215 2786 1246 2830 ut
1264 2778 1294 2828 in
1311 2793 1377 2830 oen-

200 2884 316 2937 tilandis
334 2883 578 2936 matrimoniorum
597 2884 715 2952 (quoties
733 2882 768 2935 de
788 2897 886 2936 eorum
898 2882 1029 2934 nullitate
1041 2883 1146 2950 cipitur)
1160 2882 1258 2948 cnissis,
1274 2882 1376 2951 aliquis

198 2990 356 3059 deputetur,
377 2991 431 3059 qui,
451 2990 501 3042 sub
521 2986 760 3042 matrimoniorum
776 2987 927 3042 defensoris
939 2989 1059 3054 nomine,
1072 2987 1234 3043 eorumdem
1247 2989 1375 3041 valorem

198 3111 234 3147 eoo
259 3094 347 3165 officio
375 3095 524 3158 sustineat,·
550 3095 655 3147 idcirco
675 3093 743 3158 Nos,
761 3096 797 3148 de
817 3104 864 3147 tua
883 3095 1033 3148 idoneitate
1052 3103 1077 3148 et
1091 3095 1229 3162 probitate
1246 3095 1375 3162 apprime

197 3202 310 3270 conscii,
330 3203 367 3254 Te
386 3203 423 3255 ad
443 3201 616 3271 explendum
630 3200 659 3253 in
672 3209 768 3254 nostra
787 3200 867 3254 curia
885 3203 990 3254 dictum
1010 3200 1138 3270 officium,
1153 3204 1231 3254 iuxta
1240 3201 1375 3270 praelau-

196 3310 281 3361 datae
300 3308 500 3361 constitutionis
524 3316 650 3361 tenorem
670 3316 695 3360 et
713 3311 902 3377 praescripta,
926 3310 1114 3373 nominamus,
1134 3309 1324 3362 constituimus
1341 3323 1375 3360 ac

198 3413 380 3483 deputamus3
399 3430 462 3467 curn
481 3416 599 3466 annexis
617 3417 654 3467 ete
671 3417 735 3466 iure
754 3415 846 3468 eidem
864 3413 952 3484 officio
969 3415 1129 3480 bonoribus,
1148 3414 1287 3478 oneribus,
1300 3429 1375 3468 emo·

200 3519 330 3572 lumentis
349 3528 376 3572 et
392 3519 568 3588 privilepiis:
586 3520 750 3573 mandantes
770 3521 896 3572 comibus
909 3519 1030 3574 Nostrae
1045 3520 1232 3573 iurisdictioni
1248 3518 1373 3582 subditis,

196 3633 227 3677 ut
245 3625 284 3678 Te
297 3625 326 3677 in
345 3625 524 3694 defensorem
542 3625 787 3677 matrimoniorum
807 3635 966 3694 aynoscant,
986 3635 1012 3678 et
1030 3641 1101 3694 quae
1119 3625 1188 3691 Tibi,
1206 3634 1236 3678 ut
1255 3624 1314 3690 tali,
1326 3625 1375 3677 de·

196 3736 297 3788 bantur
316 3733 405 3804 officia
425 3741 578 3803 praestent.
598 3731 633 3784 ln
652 3748 807 3802 quorum...
834 3733 972 3786 Datum...
990 3760 1026 3774 -
1045 3733 1090 3799 N,
1110 3733 1264 3802 Episcopus
1281 3732 1318 3786 N.
1336 3760 1374 3772 -

196 3839 243 3906 N,
263 3835 489 3895 cancellarius».
510 3839 545 3894 Et
564 3843 683 3909 ponatur
702 3838 826 3909 sigillum
845 3843 979 3894 consueto
997 3838 1066 3893 loco.

283 4001 364 4054 Nota.
379 4027 412 4041 -
428 3999 561 4054 Formula
576 3999 610 4053 ad
623 3999 809 4069 deputandum
824 4001 1011 4070 professionis
1023 4001 1175 4070 relipiosae
1187 4001 1374 4071 defensorem,

193 4105 278 4161 facile
296 4123 331 4161 ex
350 4106 502 4176 praemisso
521 4105 682 4161 concinnari
701 4105 811 4174 poterit.
