3292 5109
712 332 714 341 .
740 297 947 345 athanatum
970 297 1004 344 V.

784 627 786 634 ·
852 594 885 649 11.

372 805 525 846 renuntia
545 805 790 846 ntsrnnsartonuu
810 805 1015 846 CONCESSARUU
1034 807 1053 846 Α
1071 806 1095 847 S·
1114 805 1362 846 Pozntrttrtrtanta

715 914 770 953 PRO
788 914 861 954 FORO
879 914 1024 953 EXTERNO.

278 1110 308 1183 a)
327 1112 503 1183 Dispensatio
522 1115 555 1168 ab
573 1128 671 1166 causas
688 1113 816 1167 honestas
836 1115 936 1183 farore
954 1128 1114 1182 pauperum
1133 1121 1159 1165 et
1176 1112 1381 1166 miserabilium
1400 1113 1461 1166 cui·

369 1235 485 1288 cumque
505 1228 587 1271 tanae
604 1217 756 1272 soluendae
774 1217 936 1287 imparium.

369 1407 414 1463 Ita
431 1419 589 1464 summetur
607 1411 753 1464 instantia:

441 1586 606 1640 Rectissime
625 1585 711 1640 Pater

370 1744 494 1815 cyrillus
512 1745 544 1799 X
558 1749 587 1799 et
606 1745 685 1800 Livia
698 1745 735 1813 Y,
747 1762 891 1816 pauperes,
909 1747 995 1801 dioec.
1009 1746 1042 1800 N.
1056 1747 1151 1802 affines
1170 1748 1199 1801 in
1218 1747 1307 1818 primo
1325 1747 1374 1801 lin.
1388 1747 1454 1801 coll.

276 1849 375 1919 gradu,
387 1849 453 1921 quia
471 1855 565 1905 orator
585 1856 627 1906 est
645 1849 744 1906 viduus
763 1869 798 1906 ex
817 1867 911 1906 sorore
935 1852 1073 1919 natricis,
1092 1857 1121 1907 et
1139 1852 1324 1922 spiritualiter
1343 1854 1460 1922 cognati

280 1955 310 2010 in
327 1955 359 2008 2ιι
377 1955 469 2025 speeie
482 1957 529 2025 (l),
549 1957 757 2011 matrimonium
775 1957 850 2012 inter
868 1973 897 2012 se
916 1956 1081 2012 contrahere
1100 1959 1251 2028 cupientes,
1271 1957 1459 2013 sanctitatem

280 2059 409 2114 Vestram
428 2041 461 2116 de
479 2067 651 2132 opportunae
670 2063 885 2133 dispensationis
903 2064 995 2133 gratia
1007 2062 1152 2118 humiliter
1164 2064 1349 2134 deprecantur
1362 2065 1398 2118 ob
1412 2081 1459 2119 se·

278 2170 397 2237 quantes
415 2169 538 2223 rationes
556 2168 726 2225 authenticis
744 2170 917 2225 documentis
929 2173 1136 2240 comprobatas:
1152 2172 1254 2225 bonum
1273 2170 1360 2241 prolis
1380 2171 1458 2225 vidui

277 2277 407 2344 oratoris,
426 2279 584 2347 angustiam
603 2280 667 2346 loci,
689 2281 827 2336 defectum
846 2280 926 2334 dotis.

442 2455 548 2508 Forma
567 2455 714 2526 Rescripti.

371 2599 459 2652 Sacra
477 2597 698 2651 Paenitentiaria
715 2599 751 2652 de
769 2599 889 2668 speciali
906 2608 931 2652 et
950 2615 1085 2668 expressa
1103 2599 1264 2669 Apostolica
1282 2601 1459 2655 Auctoritata

280 2706 486 2775 suprascriptos
505 2715 632 2760 oratores
650 2723 667 2758 a
685 2707 826 2776 quibusvis
844 2708 994 2771 sententiis,
1015 2709 1142 2760 censuris
1161 2715 1187 2759 et
1201 2710 1302 2776 poenis
1320 2707 1459 2760 ccclesia-

278 2815 354 2865 sticis
373 2821 429 2865 tant
446 2831 464 2866 a
483 2817 545 2866 iure
565 2831 648 2884 quam
672 2816 707 2868 ab
731 2814 841 2866 homine
866 2817 964 2882 quavis
989 2817 1132 2867 occasione
1157 2815 1204 2868 aei
1230 2831 1315 2868 causa
1341 2814 1413 2882 lutis,
1433 2817 1461 2869 si

278 2921 378 2988 quibus
397 2921 601 2989 quomodolibet
620 2923 744 2976 innodati
761 2923 825 2986 sint,
844 2924 881 2975 ad
897 2923 1026 2991 effectum
1038 2924 1238 2991 infrascriptae
1251 2923 1361 2991 proriae
1373 2924 1459 2975 dum-

276 3039 356 3082 taaat
383 3032 599 3102 consequendae,
624 3031 706 3084 huius
730 3031 863 3100 rescripti
889 3041 985 3083 tenore
1009 3030 1156 3083 absoluens
1176 3040 1202 3083 et
1223 3031 1368 3083 absolutas
1392 3033 1460 3100 fore

279 3150 404 3200 censens,
420 3133 570 3187 Oratarum
593 3134 742 3188 Ordinario
760 3135 925 3205 facultatem
948 3137 1081 3200 concedit,
1095 3153 1158 3188 cum
1172 3135 1272 3188 iisdem
1291 3137 1459 3202 oratoribus,

278 3241 304 3292 si
321 3257 390 3294 uera
408 3241 461 3294 sint
480 3242 613 3310 exposita,
633 3249 659 3294 et
676 3241 826 3295 dummodo
845 3257 932 3310 super
946 3240 1036 3310 petita
1053 3240 1261 3309 dispensatione
1273 3256 1407 3294 recursus
1419 3241 1460 3294 ad

280 3349 470 3418 Apostolicam
489 3349 635 3402 Datariam
654 3352 746 3418 factus
763 3365 819 3401 nan
837 3350 880 3414 sit,
900 3348 1034 3417 aliudque
1053 3349 1092 3400 eis
1114 3347 1277 3400 canonicum
1296 3364 1353 3401 non
1372 3349 1459 3401 obstet

279 3457 516 3524 impedimentum,
536 3460 681 3525 quominus
701 3455 824 3524 lepitima
836 3455 1013 3510 matrimonio
1027 3455 1160 3524 coniunpi
1169 3455 1286 3524 possint,
1304 3470 1392 3525 super
1409 3471 1460 3510 re-

279 3565 392 3616 censitis
410 3565 439 3615 in
454 3565 586 3632 precibus
605 3563 808 3632 impedimentis
827 3574 866 3629 ut,
885 3563 945 3614 iltis
964 3572 992 3616 et
1012 3561 1255 3616 Constitutionibus
1273 3571 1356 3631 atque
1377 3561 1461 3615 Ordi-

279 3672 439 3724 natiouidus
457 3671 634 3740 Apostolicia
653 3671 807 3740 ceterisque
819 3672 969 3723 contrariis
981 3670 1197 3738 quibuscumque
1209 3684 1267 3720 non
1280 3668 1459 3734 conantibus,

281 3777 489 3830 matrimonium
506 3785 623 3846 uterque
642 3780 715 3829 inter
733 3791 763 3830 se
778 3776 903 3846 publice,
921 3783 1032 3828 seratam
1050 3777 1143 3842 fornia
1164 3773 1245 3825 Sacri
1260 3771 1377 3826 Concilii
1394 3774 1460 3826 Tri·

279 3883 394 3946 demini,
422 3883 585 3936 contrahere
604 3883 633 3934 in
653 3899 685 3936 eo
701 3882 879 3951 postmodum
903 3896 1052 3933 renmnere
1078 3879 1151 3932 licite
1169 3895 1204 3931 ac
1223 3878 1312 3932 libere
1335 3879 1459 3945 valeant,

281 3991 442 4058 apostolica
455 3991 626 4044 Artdoritate
639 3992 668 4042 in
679 3999 797 4058 utroque
809 3993 873 4060 foro
886 3988 1107 4042 misericorditer
1119 3997 1145 4042 et
1155 3989 1245 4056 pratis
1257 3986 1459 4056 dispensandi:

276 4099 392 4166 prolem
410 4099 615 4168 suscipiendam
635 4099 735 4152 exinde
756 4097 910 4166 lepitimam
927 4095 1094 4148 nuncimrdo.

371 4205 474 4256 Datum
493 4213 543 4257 etc.

373 4433 403 4489 (1)
420 4435 452 4479 Cf.
468 4437 591 4478 Tractatus
605 4433 633 4478 da
648 4434 799 4487 Paenitentia,
814 4445 837 4475 n.
852 4431 901 4475 276.
