3292 5109
632 262 839 312 ncuoeruu
862 264 895 311 v.
1290 246 1353 313 51⁴1

177 545 207 616 d)
222 547 398 617 Dispensatio
411 547 446 600 ab
458 545 664 616 impedimento,
675 551 760 616 quum
769 547 871 600 initum
883 545 941 600 inm
954 555 996 602 est
1007 547 1168 617 eoniuqium
1179 548 1217 602 od
1230 549 1358 619 effectum

264 662 379 726 putatos
405 653 535 722 coninqes
559 653 724 706 admittendi
747 655 924 709 renovationi
947 671 1097 710 consensus
1117 654 1283 726 praestandi
1306 657 1358 729 sub

270 765 363 832 sornn
381 759 534 813 tridentina
552 757 611 814 sive
631 771 749 814 rastros
768 759 828 814 sive
847 774 983 814 enitere.

210 1023 212 1028 Ι
269 955 314 1010 Ita
332 965 489 1010 summetur
507 956 654 1009 instantia:

342 1115 508 1170 Beatissimo
526 1115 614 1170 Pater

270 1257 370 1314 Petrus
388 1259 416 1312 X
436 1262 464 1313 ot
482 1257 612 1313 Cornelio
631 1257 666 1326 Y,
686 1257 772 1312 dioec.
793 1258 835 1326 N,
859 1258 1058 1329 consanguinei
1077 1260 1106 1314 in
1125 1260 1210 1314 terlio
1228 1258 1278 1314 lin.
1291 1257 1357 1314 coll.

180 1364 269 1434 gredo
289 1363 464 1435 (bonafide),
490 1365 698 1420 matrimonium
725 1366 836 1436 publice
855 1366 883 1420 in
903 1367 974 1420 facie
994 1365 1136 1422 Ecclesiae
1155 1367 1229 1422 inter
1247 1383 1277 1421 so
1295 1381 1360 1419 con-

181 1475 341 1524 truxerunt:
360 1471 505 1539 cupientes
523 1469 603 1524 modo
623 1469 692 1524 iliud
711 1469 899 1538 convalidare,
911 1470 1095 1526 sanctitatem
1109 1471 1237 1525 Vestram
1256 1471 1289 1525 de
1308 1487 1359 1541 op·

182 1580 316 1646 portunus
335 1577 548 1647 dispensationis
566 1577 659 1647 gratia
678 1576 834 1633 humillime
845 1578 1030 1649 deprecentur
1047 1579 1082 1633 nd
1098 1578 1211 1633 vitanda
1229 1576 1361 1632 seandala

179 1697 253 1752 queo
271 1698 306 1736 ex
325 1697 421 1737 sorum
439 1682 559 1737 divortio
578 1687 772 1754 sequerentur.

343 1861 448 1916 Fonna
467 1862 615 1933 Rescripti.

271 2000 359 2053 Sacra
377 1999 595 2054 Paenitentiaria
612 2001 649 2054 de
666 2001 785 2070 speciali
804 2010 830 2054 et
849 2015 985 2071 expressa
1003 2002 1164 2070 Apostolica
1183 2000 1357 2054 Auctoritate

183 2111 388 2178 suprascriptos
410 2117 536 2162 oratores
554 2126 571 2160 a
590 2109 729 2178 quibusvis
748 2109 900 2176 sententiis,
920 2111 1047 2162 censuris
1066 2119 1093 2162 et
1107 2111 1208 2178 poenis
1226 2107 1360 2162 eeclesia-

181 2212 257 2265 sticis
276 2221 333 2264 tam
345 2227 363 2265 a
374 2212 438 2266 iure
450 2229 534 2281 quam
546 2212 581 2266 ab
592 2213 704 2266 bomine
715 2213 813 2281 quaeis
825 2213 970 2267 occasione
981 2214 1029 2267 oei
1042 2227 1126 2266 causa
1140 2212 1211 2272 latis,
1224 2211 1360 2281 siquibus

182 2319 387 2389 quomodolibet
406 2321 530 2372 innodati
553 2320 618 2385 sint,
644 2322 681 2372 ad
706 2321 837 2390 effectum
861 2321 1061 2390 infrascriptae
1085 2320 1195 2389 qratiae
1213 2321 1360 2372 dumtaeat

181 2425 400 2493 consequendae,
419 2425 502 2478 buius
519 2423 651 2494 rescripti
663 2433 759 2478 tenore
777 2423 925 2478 absolvens
944 2434 971 2478 et
988 2426 1132 2478 absolutos
1149 2427 1215 2494 sore
1234 2439 1357 2490 cernens,

186 2531 337 2585 Oratorum
359 2512 509 2586 Ordinario
527 2532 691 2602 facultatem
710 2531 845 2596 concedit,
864 2549 928 2585 cnm
947 2533 1045 2586 iisdem
1058 2532 1224 2598 oratoribus,
1239 2533 1361 2601 praeuia

182 2637 240 2691 siue
256 2655 311 2707 per·
327 2655 357 2690 sa
376 2637 433 2690 siae
453 2655 509 2709 per
532 2639 619 2692 aliam
643 2639 772 2692 idoneam
798 2640 1016 2693 ecclesiasticam
1037 2655 1190 2709 personam
1207 2639 1243 2691 ab
1261 2637 1303 2691 Eo
1322 2638 1361 2690 ad

180 2747 233 2800 ltoe
250 2746 411 2816 specialiter
429 2749 618 2816 deputandam
637 2763 735 2800 eornm
753 2747 927 2801 absolutione
945 2765 963 2799 a
981 2749 1108 2801 censuris
1121 2757 1147 2801 et
1157 2746 1256 2816 poenis
1269 2745 1362 2800 eccle·

182 2852 308 2916 siasticis‚
326 2854 352 2905 si
368 2869 436 2922 quas
450 2855 483 2906 ob
491 2855 649 2923 praemissa
662 2854 844 2919 incurrerint,
859 2863 884 2907 et
897 2855 932 2906 ab
944 2855 1064 2908 incestus
1077 2855 1210 2917 reatibus,
1222 2861 1360 2922 quatenus

182 2962 344 3031 formaliter
361 2963 577 3028 intercesserint,
596 2979 659 3016 cum
684 2978 810 3032 oonqrno
830 2965 1004 3032 poenitentia
1026 2963 1156 3027 salutari,
1175 2963 1201 3014 si
1218 2978 1287 3015 cera
1305 2963 1360 3015 sint

181 3071 316 3142 exposita,
335 3081 361 3125 et
380 3073 530 3126 dammodo
549 3087 637 3142 snper
652 3071 738 3142 petita
751 3073 957 3142 dispensatione
971 3088 1104 3126 recursus
1117 3073 1155 3126 ad
1170 3070 1361 3142 apostolicam

184 3179 329 3232 Datariam
347 3183 438 3250 sectus
453 3193 509 3231 non
522 3178 566 3244 sit,
578 3179 713 3248 aliudque
727 3181 767 3234 eis
780 3181 945 3232 canonicam
956 3195 1012 3232 non
1024 3180 1109 3234 obstet
1121 3181 1361 3250 impedimentum,

182 3284 331 3350 quominus
345 3283 467 3352 lepitimo
481 3283 658 3336 matrimonio
672 3283 804 3352 coninnqi
812 3283 929 3352 possint,
939 3298 1026 3351 super
1035 3283 1180 3336 recensitis
1189 3285 1218 3335 in
1229 3285 1360 3352 precibus

183 3387 387 3456 impedimentis
406 3397 444 3452 ut,
463 3362 524 3440 illis
541 3405 575 3440 ac
589 3387 762 3456 praemissis,
780 3386 1024 3441 Constitutionibus
1036 3396 1118 3456 atque
1135 3386 1361 3442 ordinationibus

183 3495 358 3564 Apostolicis,
379 3498 532 3566 ceterisque
550 3498 699 3551 contrariis
719 3498 937 3566 quibuscumque
949 3513 1005 3550 non
1018 3498 1195 3561 obstantibus,
1213 3499 1360 3551 matrimo-

182 3601 261 3650 nium
279 3609 397 3670 nterque
415 3602 491 3654 inter
508 3617 538 3654 se
556 3603 614 3654 siae
626 3601 748 3670 publice,
760 3603 819 3654 sire
832 3604 950 3671 prioate,
964 3612 1076 3656 serrata
1088 3606 1182 3672 forma
1197 3602 1278 3673 Sacri
1293 3601 1362 3656 Con-

182 3709 243 3761 cilii
267 3709 432 3774 Tridentini,
451 3711 486 3763 de
504 3727 575 3762 noea
594 3712 758 3764 contrahere
778 3720 803 3764 et
822 3712 853 3762 in
871 3725 903 3764 eo
919 3711 1099 3779 postmodum
1117 3727 1267 3766 remanere
1287 3713 1362 3767 licite

183 3829 217 3866 ac
237 3813 325 3866 libare
342 3815 464 3880 ualeant,
481 3815 547 3884 pari
565 3815 725 3885 Apostolisa
745 3815 918 3868 Auctoritate
938 3817 966 3867 in
984 3823 1103 3884 utroque
1121 3818 1184 3884 soro
1203 3815 1362 3868 misericor·

182 3921 256 3973 diter
282 3930 308 3973 et
332 3924 420 3990 pratis
444 3922 640 3991 dispensandi:
664 3923 779 3992 prolem
803 3923 861 3976 sire
887 3931 1044 3991 susceptam
1069 3925 1128 3974 sioe
1151 3923 1359 3992 suscipiendam

184 4025 287 4078 exinde
308 4024 460 4094 lepitimarn
479 4025 656 4079 decernendo
675 4043 707 4078 ac
725 4027 880 4095 respective
898 4024 1058 4078 nuncianda
1071 4023 1119 4095 (1).

272 4130 375 4186 Datum
395 4140 445 4185 etc.

272 4287 301 4344 (l)
317 4291 380 4332 bisse
395 4289 493 4334 formula
510 4290 575 4334 valet
593 4303 634 4347 pro
656 4291 805 4334 instrimoniis
825 4289 926 4333 invalide
939 4291 1002 4334 initis
1016 4297 1064 4334 tum
1078 4292 1102 4333 in
1116 4291 1176 4334 bons
1198 4297 1248 4332 tum
1263 4291 1285 4333 in
1299 4290 1362 4334 mels

185 4359 230 4404 tide
244 4367 267 4404 et
281 4360 372 4415 quondo
386 4375 431 4406 non
445 4367 537 4406 constat
551 4374 581 4406 nn
596 4364 618 4406 in
633 4363 693 4407 bona
703 4361 740 4406 rel
751 4365 774 4406 in
784 4361 847 4406 mals
857 4362 901 4406 tide
910 4368 1014 4406 oratam
1028 4363 1120 4406 inerint.
1135 4363 1167 4406 Et
1176 4361 1228 4405 hine
1238 4362 1364 4418 apponitur
