3292 5109
520 300 564 347 on
590 301 1019 349 1uurcnsnocussmsmc1s
1307 282 1373 348 323

193 421 240 485 sic
265 419 418 505 ligarunt,
443 425 498 486 aut
520 421 617 486 alium
641 422 799 487 antelios
823 441 902 506 quos
926 422 966 487 de
988 424 1060 487 iure
1091 420 1257 496 deberent,
1281 422 1373 488 adire

193 549 316 633 possint
331 571 361 615 s.

328 671 360 760 4)
385 674 546 758 Exceptio
566 681 616 740 ast
639 674 743 759 quoad
768 676 958 761 Regulares,
983 695 1042 761 pro
1065 674 1179 759 quibus
1202 675 1376 757 dispensat

193 796 290 861 etiam
314 798 347 859 in
371 796 499 863 casibus
521 798 667 883 publicis,
686 818 724 863 eo
744 818 860 885 nempe
884 799 1020 865 consilio
1043 803 1079 863 ut
1102 798 1297 863 commodius
1314 799 1374 864 Re·

192 918 345 1004 ligionem
377 921 504 1006 ingredi
532 922 663 987 valeant
692 923 725 986 in
758 942 861 1007 eaque
886 941 1090 1009 permanere.
1115 923 1154 987 In
1178 942 1256 987 casu
1278 923 1374 1006 parti·

193 1046 298 1111 calari
321 1066 400 1111 vero
424 1049 553 1131 quinam
582 1068 697 1133 reapse
720 1050 784 1113 sint
807 1069 903 1113 casus
928 1048 1045 1113 occulti
1067 1048 1120 1113 vel
1144 1049 1258 1121 minus,
1286 1048 1373 1112 dimi·

192 1168 336 1233 tiendum
360 1173 410 1234 est
430 1171 535 1255 potius
557 1172 693 1239 relative
710 1170 749 1237 ab
765 1170 925 1237 adiunctis
940 1158 1092 1237 locorum'
1102 1177 1135 1236 et
1149 1190 1372 1256 personarum,

194 1295 239 1359 ita
255 1301 290 1359 nt
305 1295 426 1360 factum
444 1316 464 1359 a
479 1295 625 1380 pluribus
637 1298 794 1382 personis,
812 1298 865 1362 vel
883 1297 922 1361 ab
939 1316 1004 1360 uua
1020 1301 1052 1363 et
1067 1295 1107 1360 ab
1123 1296 1227 1362 altera
1249 1294 1380 1361 tautnm'

195 1424 370 1510 cognitum,
389 1444 470 1508 quae
493 1431 602 1491 tamen
625 1426 824 1491 voluntatem
846 1426 898 1490 vel
923 1425 1067 1490 habitum
1083 1426 1309 1509 praeseferant
1331 1425 1375 1490 di-

196 1547 348 1632 vulgandi
366 1548 545 1614 huiusmodi
564 1556 708 1623 eventus,
727 1550 860 1615 deberet
877 1549 940 1615 dici
955 1550 1135 1634 publicum;
1159 1554 1376 1622 econtraoc-

197 1670 316 1737 cultum
337 1670 451 1735 haberi
470 1676 574 1757 potest
590 1673 617 1736 si
632 1674 729 1737 etiam
748 1692 768 1736 a
787 1673 929 1756 quinque
945 1672 999 1735 vel
1017 1676 1140 1758 septem
1160 1679 1376 1757 cognoscatur

194 1791 249 1874 qui
272 1798 433 1857 secretum
453 1794 604 1859 servandi
620 1793 743 1861 habent
765 1796 963 1882 propositum
984 1795 1037 1859 vel
1057 1793 1211 1869 habitum,
1228 1795 1279 1860 vel
1303 1814 1374 1861 rem

195 1914 364 2001 divulgare
375 1912 450 1982 'non
474 1918 593 1991 valent,
610 1924 724 2005 utputa
739 1921 773 1983 in
788 1921 945 2006 populosa
961 1921 1103 1987 civitate.
1123 1956 1141 1969 ·
1159 1920 1311 1995 Quaestio
1326 1925 1375 1987 est

195 2037 340 2103 relativa
363 2042 395 2103 et
418 2044 584 2112 concreta,
609 2040 665 2105 sed
688 2041 753 2106 late
777 2040 902 2106 dehac
926 2041 1089 2128 disputant
1113 2042 1277 2107 Doctores.

284 2160 360 2225 271.
386 2160 590 2227 Reducentes
607 2162 647 2228 ad
671 2183 794 2228 summa
817 2164 925 2248 capita
947 2164 1104 2248 speciales
1127 2164 1306 2245 facultates,
1330 2164 1375 2228 in-

195 2286 323 2351 nuimus
347 2286 556 2352 Benedictum
579 2288 664 2354 XlV
695 2290 728 2353 in
756 2290 809 2355 cit.
837 2288 931 2353 Bulla
953 2288 1080 2357 Pastor
1102 2289 1235 2363 Bonus,
1262 2289 1375 2353 Poeni·

195 2412 366 2476 tertiariae
391 2414 604 2478 concessisse:

332 2536 363 2621 l)
387 2536 559 2603 absoluere
574 2557 594 2602 a
609 2539 750 2623 peccatis
774 2543 806 2602 et
830 2559 850 2602 a
874 2540 1020 2604 censuris
1044 2539 1189 2623 exceptis
1212 2538 1375 2603 nonnullis

196 2662 326 2746 speciali
349 2662 443 2727 modo
468 2664 575 2749 Papae
599 2664 791 2739 reservatis;
816 2666 892 2728 item
916 2663 1086 2729 absolvere
1109 2662 1149 2728 ab
1172 2663 1303 2739 haeresi
1326 2682 1375 2727 oc·

197 2787 291 2859 culta,
317 2792 440 2853 tantum
464 2808 523 2873 pro
547 2787 618 2852 foro
642 2788 781 2865 interno,
806 2787 927 2871 absque
950 2789 1015 2853 alia
1037 2787 1237 2853 adiuratione
1265 2806 1375 2851 coram

198 2910 385 2989 Ordinari0;
406 2932 423 2975 s
441 2910 620 2986 dummodo,
638 2918 731 2977 cavet
755 2913 920 2985 Pontifex,
942 2912 1071 2977 eosdem
1095 2918 1186 2977 actus
1206 2908 1375 2996 (haeresis)

197 3040 342 3121 quamvis
365 3036 404 3101 de
428 3057 486 3101 sua
509 3042 626 3104 natura
655 3036 827 3101 noscibiles
851 3058 909 3103 seu
934 3036 974 3101 ad
997 3037 1143 3101 notitiam
1171 3034 1375 3109 deducibiles,

196 3161 312 3235 nullus,
330 3180 423 3244 quem
448 3162 505 3245 ipsi
530 3162 642 3233 sciant,
660 3166 714 3225 aut
731 3159 877 3232 credant,
895 3159 1058 3224 notaverit
1073 3158 1126 3222 vel
1149 3157 1328 3224 adverterit
1343 3178 1374 3221 ».

198 3284 310 3350 Potest
332 3304 411 3347 vero
435 3284 606 3350 absolvere
629 3284 813 3349 haereticos
837 3274 934 3349 etiam
954 3283 1110 3366 publicos
1123 3301 1184 3367 pro
1206 3281 1279 3346 foro
1303 3300 1377 3345 con·

197 3407 360 3478 scientiae,
379 3406 506 3491 quando
530 3426 663 3472 necesse
683 3427 748 3471 non
764 3411 813 3471 est
829 3406 1003 3491 complices
1018 3404 1217 3471 denunciare
1231 3405 1285 3471 rel
1302 3406 1376 3489 quia

197 3551 262 3595 non
286 3538 376 3604 sunt,
401 3531 454 3595 vel
483 3536 584 3617 agunt
613 3533 646 3597 in
671 3530 857 3617 regionibus
888 3531 994 3616 palam
1021 3531 1150 3596 haeresi
1177 3530 1319 3612 infectis,
1343 3532 1378 3595 in

198 3653 311 3737 quibus
335 3656 554 3739 Inquisitionis
577 3656 752 3720 auctoritas
776 3675 842 3719 non
864 3656 962 3740 viget.

331 3782 365 3868 2)
391 3782 556 3847 concessit
580 3781 734 3845 Pontifex
757 3780 946 3845 facultatem
962 3775 1167 3866 dispensandi
1190 3800 1290 3864 super
1304 3798 1378 3865 qua·

198 3924 334 3989 cumque
357 3906 602 3991 irregularitate
618 3911 651 3972 et
674 3905 885 3980 inhabilitate,
910 3906 1007 3971 etiam
1031 3905 1243 3995 proveniente
1267 3924 1310 3968 ex
1324 3903 1379 3967 ho-

197 4030 326 4096 micidio
350 4032 541 4107 voluntaria,
567 4034 599 4098 in
623 4032 750 4099 casibus
772 4037 882 4098 tamen
906 4032 1041 4098 occultis
1064 4036 1097 4096 et
1120 4030 1289 4095 dnmmodo
1312 4050 1378 4094 non

197 4172 250 4221 res
275 4157 316 4221 sit
332 4155 371 4221 de
386 4157 593 4242 assequendis
611 4156 766 4223 Ecclesiis
791 4154 1036 4223 cathedralibus
1051 4160 1083 4221 et
1104 4154 1379 4239 Metropolitanis:

199 4281 324 4348 etiamsi
347 4286 464 4365 agatur
495 4278 535 4344 de
565 4280 749 4359 haereticis,
778 4279 842 4343 nisi
870 4277 1015 4364 gravitas
1038 4297 1133 4343 casus
1162 4275 1295 4343 suadeat
1324 4296 1380 4343 cos

198 4403 411 4470 remittendos
434 4422 506 4469 esse
529 4403 570 4469 ad
593 4404 626 4470 S.
649 4404 902 4488 Inquisitionem.
