3292 5109
491 331 535 376 ou
560 330 701 377 runicus
724 329 990 377 nocuusinsrrcrs
1277 315 1342 383 449

249 451 284 517 Si
309 451 486 536 Episcopus
512 471 592 515 vero
617 450 740 517 duabus
764 448 964 515 dioecesibus
991 469 1093 533 aeque
1120 452 1343 538 principaliter

158 577 258 641 unitis
273 577 487 660 praepositus,
510 576 657 662 singulae
682 575 821 640 dioecesi
847 596 944 640 unum
961 578 1133 641 constituat
1149 578 1343 643 Generalem

159 701 329 766 Vicarium
345 707 378 765 et
392 700 470 765 hinc
486 700 564 765 duos
581 700 728 774 destinet,
747 701 881 785 quisque
897 720 1010 767 causas
1026 720 1224 787 cognoscere
1247 702 1345 768 debet

158 827 194 889 in
217 824 290 890 loco
320 844 398 889 suae
428 824 614 891 ordinariae
648 825 854 890 residentiae.
879 861 897 871 -
924 826 972 891 cf.
997 826 1181 911 Pignatelli,
1206 832 1283 893 tom.
1310 828 1342 901 7,

162 951 310 1016 Consult.
336 948 392 1022 64,
416 969 450 1013 a.
475 950 507 1014 4.

250 1073 325 1138 345.
351 1071 503 1137 Vicarius
527 1073 696 1138 Generalis
720 1081 809 1137 certe
834 1094 891 1137 seu
915 1074 1004 1138 iuxta
1037 1093 1237 1139 communem
1269 1094 1343 1139 sen-

159 1196 295 1260 tentiam
325 1214 391 1257 non
421 1199 527 1277 potest
554 1193 613 1258 sibi
644 1192 723 1257 dare
755 1194 959 1259 substitutum
983 1214 1040 1258 seu
1063 1195 1341 1279 Vicesgerentem

160 1322 236 1402 quia
257 1320 375 1391 nullus,
400 1318 537 1384 inferior
564 1320 721 1403 principe,
746 1320 916 1384 Vicariurn
945 1321 990 1384 ita
1013 1321 1209 1385 constituere
1240 1325 1344 1405 potest

161 1445 197 1503 ut
219 1444 319 1504 toturn
342 1439 481 1505 officium
510 1462 604 1505 suurn
634 1462 692 1505 seu
719 1446 920 1525 potestatem
949 1440 1164 1507 ordinariam
1196 1443 1225 1506 ei
1256 1462 1344 1506 com-

161 1568 283 1647 mittat,
317 1568 380 1631 nisi
414 1568 447 1631 id
476 1588 497 1631 a
527 1568 600 1653 lege
631 1572 688 1631 aut
719 1569 876 1652 principis
912 1565 1069 1632 beneficio
1104 1567 1262 1633 indultum
1293 1572 1343 1637 sit.

161 1725 181 1738 -
207 1690 279 1755 Hac
301 1692 429 1755 ratione
459 1692 637 1775 Episcopus
667 1690 727 1754 sibi
759 1692 925 1757 coustituit
949 1691 1118 1755 Vicarium
1150 1690 1345 1755 Generalem

161 1814 238 1895 quia
259 1818 308 1877 est
332 1815 362 1876 ei
385 1832 573 1877 concessum
596 1832 617 1876 a
639 1814 711 1877 iure
742 1832 922 1877 commune.
949 1848 966 1858 -
992 1811 1153 1885 Quocirca
1176 1812 1207 1877 V
1209 1814 1249 1875 ic.
1278 1813 1345 1877 Ge-

160 1938 284 2002 neralis
306 1957 371 2001 non
394 1937 483 2001 valet
505 1937 703 2001 constituere
726 1934 907 2000 huiusmodi
936 1936 1155 2001 Substitutum.
1181 1971 1199 1983 -
1225 1937 1257 2000 Si
1288 1956 1343 1999 ac-

160 2060 257 2126 cedat
279 2081 359 2125 uero
382 2061 523 2146 speciale
546 2061 698 2145 Episcopi
720 2059 914 2133 mandatum,
939 2061 1001 2124 hoc
1033 2062 1077 2124 ita
1101 2060 1345 2146 intelligendum

161 2192 212 2251 est
236 2192 270 2251 ut
293 2188 471 2271 Episcopus
495 2185 651 2250 concedat
674 2205 731 2249 suo
755 2186 890 2250 Vicario
914 2186 1010 2249 alium
1037 2186 1158 2270 eligere
1176 2184 1344 2249 Vicarium

162 2312 369 2386 Generalem‚
393 2311 489 2376 huius
513 2310 709 2396 designando
732 2331 914 2395 personam.
940 2312 976 2374 ln
1002 2310 1081 2375 locis
1099 2311 1150 2375 ubi
1168 2332 1249 2375 unus
1273 2317 1343 2375 tan-

161 2440 231 2499 tum
255 2438 304 2499 est
325 2432 568 2498 constituendus
593 2433 665 2497 Vic.
691 2433 871 2512 Generalis,
896 2433 959 2498 hoc
981 2432 1165 2496 mandatum
1194 2436 1341 2516 aequira-

160 2561 249 2624 leret
271 2560 470 2623 revocationi
497 2559 591 2624 unius
615 2562 648 2622 et
671 2558 889 2623 constitutioni
909 2558 1052 2621 alterius.
1078 2556 1126 2623 Gt.
1152 2558 1341 2638 Leurenius‚

162 2685 187 2748 l.
211 2704 239 2751 c.
264 2702 295 2767 q.
320 2684 397 2748 198.

256 2809 366 2891 Neque
385 2814 490 2893 potest
508 2808 535 2869 V
539 2811 577 2872 ic.
596 2808 774 2879 Generalis,
792 2808 911 2889 absque
936 2808 1066 2891 speciali
1091 2790 1250 2881 mandato,
1269 2828 1344 2873 con-

163 2934 299 2998 stituere
322 2932 506 3016 delegatum
529 2932 570 2995 ad
594 2934 838 2996 universitatem
864 2952 1034 2996 causarum
1058 2952 1116 2995 seu
1135 2937 1240 2997 totam
1256 2950 1345 2997 suam

163 3058 417 3123 iurisdictionem
441 3058 629 3143 delegando.
655 3093 673 3105 -
699 3057 809 3131 Quare
832 3059 858 3121 si
884 3077 977 3121 casus
1001 3058 1121 3122 incidat
1144 3064 1178 3121 ut
1193 3056 1267 3121 Vic.
1286 3058 1345 3122 Ge-

163 3184 287 3249 neralis
310 3184 425 3248 debeat
440 3184 552 3275 abesse
575 3205 595 3248 a
617 3183 765 3257 dioecesi,
791 3185 887 3247 etiam
910 3183 950 3247 ad
973 3202 1038 3247 non
1061 3184 1192 3269 longum
1207 3190 1344 3268 tempus,

164 3307 226 3373 sibi
249 3306 401 3391 delegare
431 3307 568 3371 iudicem
599 3307 639 3372 ad
671 3308 917 3371 universitatem
949 3326 1119 3371 causarum
1150 3327 1214 3371 non
1242 3311 1346 3391 potest

164 3433 268 3497 inscio
292 3432 459 3517 Episcopo,
488 3439 543 3496 aut
566 3452 604 3496 eo
628 3451 691 3495 non
716 3432 922 3501 assentiente,
954 3433 1013 3495 nisi
1043 3433 1208 3496 contraria
1238 3432 1347 3516 vigeat

163 3556 200 3618 in
224 3554 295 3617 loco
318 3554 463 3638 legitima
487 3554 702 3619 consuetudo:
728 3553 771 3619 cf.
795 3554 941 3638 Luyman
965 3556 997 3617 in
1021 3573 1095 3636 cop.
1113 3554 1273 3619 Romanu
1296 3553 1346 3619 Dc

165 3681 223 3762 off.
256 3678 322 3744 Vic.
346 3679 384 3743 in
408 3680 440 3753 6,
465 3700 498 3743 n.
523 3678 577 3758 12,
602 3684 633 3744 et
655 3678 707 3744 13.

257 3803 407 3866 Iamvero
431 3800 619 3867 substitutus
642 3801 768 3866 Vicarii
793 3801 963 3866 Generalis
987 3802 1020 3863 in
1043 3802 1114 3864 iure
1137 3806 1272 3865 vocatur
1297 3800 1346 3863 Vi-

164 3944 354 4010 cespercns‚
379 3925 506 4008 quando
532 3925 715 3989 immediate
738 3924 778 3988 ab
802 3926 961 4009 Episcopo
985 3926 1174 3989 constitutus
1198 3928 1255 3988 est.
1276 3924 1308 3985 V
1310 3943 1345 3987 o-

164 4052 262 4113 catur
281 4054 389 4113 autem
404 4048 651 4114 Locumlenens
667 4047 794 4131 quando
811 4068 883 4112 eum
905 4045 963 4112 sibi
981 4068 1022 4111 ex
1037 4048 1168 4131 speciali
1185 4045 1345 4127 mandate,

163 4173 276 4258 prouti
307 4173 549 4257 explicavimus,
574 4173 728 4237 Vicarius
755 4172 926 4237 Generalis
955 4172 1124 4237 substituit.
1151 4170 1198 4236 Cf.
1223 4170 1346 4235 Leure-

164 4295 465 4380 mmlcod

259 4422 359 4486 Posse
382 4421 746 4492 Vica1·iumGeu.,sine
770 4422 901 4504 speciali
925 4421 1083 4494 mandato,
1102 4439 1197 4484 unam
1217 4440 1345 4485 causam

314 4546 373 4597 Soc.
393 4544 471 4613 Lapa
1168 4540 1203 4595 29
