3292 5109
491 290 535 336 on
561 288 700 336 romeus
724 286 991 335 necansrasrrcrs
1287 267 1332 333 49

149 406 247 472 dituri
277 406 454 473 tradendae
478 412 572 473 erant
597 405 655 473 aed
681 404 765 493 apud
787 404 931 472 tribunal
961 404 1178 491 deponendae.
1204 405 1249 471 At
1270 403 1330 469 sub
1396 472 1399 477 ,

149 532 275 597 initium
305 533 402 598 huius
429 532 560 615 saeculi,
584 535 751 617 postquam
783 533 816 596 in
849 538 934 598 statu
961 533 1058 598 etiam
1083 529 1254 597 Pontificio
1277 552 1332 597 res

149 658 298 744 publicae
331 678 467 725 eversae
502 659 651 733 fuerunt,
675 661 709 723 in
733 658 846 723 iisdem
881 658 1102 725 restaurandis
1124 662 1330 744 prospectum

149 784 212 851 fuit
236 789 270 850 ut
292 783 502 851 Auditoribus
536 803 662 869 quoque
687 782 719 850 S.
745 784 851 849 Rotae
886 788 1012 850 certum
1043 785 1253 850 honorarium
1276 787 1332 850 tri-

149 908 323 981 bueretur.
348 908 557 993 propinarum
581 926 640 972 usu
663 907 795 973 omniuo
822 906 1017 992 proscripto.
1041 906 1088 972 cf.
1114 908 1252 987 Moruni,
1276 925 1331 991 op.

151 1034 204 1100 cit.
228 1034 272 1098 V.
297 1031 476 1099 Tribuaali
498 1032 535 1098 di
556 1032 669 1100 Roma
692 1034 754 1113 (l).

152 1228 246 1299 Magis
258 1245 326 1284 vero
337 1229 433 1283 docuit
445 1230 546 1299 praxis,
559 1228 704 1284 occasione
724 1228 810 1297 pestis
817 1247 825 1292 ς
848 1227 920 1300 quod
939 1227 1049 1283 scilicet
1061 1229 1184 1284 Praelati
1197 1229 1334 1298 deputati,

151 1336 228 1391 ultra
245 1351 365 1407 magnos
382 1335 493 1390 labores
511 1334 671 1405 personales
690 1351 815 1405 peneque
835 1335 982 1390 continuas
1000 1334 1112 1405 vigilias
1130 1350 1193 1389 cum
1211 1335 1334 1390 evidenti

152 1440 279 1511 periculo
291 1441 377 1507 vitae,
387 1439 524 1494 notabiles
543 1456 653 1510 quoque
672 1439 705 1494 de
724 1440 838 1509 proprio
856 1445 1008 1509 erogarent
1025 1458 1147 1495 summas
1165 1441 1194 1495 in
1212 1440 1335 1497 eleemo-

151 1548 230 1619 synis
249 1551 280 1602 et
298 1547 529 1603 subventionibus
547 1547 720 1601 intirmorum
733 1551 762 1602 et
781 1552 983 1617 suspectorum,
1001 1551 1030 1602 et
1048 1553 1141 1602 tamen
1161 1546 1203 1602 illi
1223 1548 1271 1619 qui
1289 1548 1336 1603 de·

153 1654 244 1724 putati
266 1670 323 1709 non
344 1656 465 1719 tuerent,
483 1668 567 1723 aegre
595 1654 723 1708 ferebant
744 1656 830 1724 atque
851 1652 974 1724 aliquam
993 1654 1200 1724 deputationum
1219 1654 1321 1710 affecta

152 1760 237 1825 bant,
341 1759 430 1828 igitur
459 1775 514 1813 non
538 1758 649 1813 videtur
673 1774 745 1829 quae
777 1758 850 1811 ratio
874 1758 918 1813 vel
945 1759 1096 1814 necessitas
1127 1759 1223 1829 exigat
1252 1757 1336 1813 huius

154 1866 257 1920 abusus
271 1864 451 1920 tolerantiam
464 1882 490 1921 a.
504 1866 613 1935 Reapse
631 1865 663 1920 de
684 1864 822 1920 Praelatis
842 1866 986 1937 utriusque
1004 1850 1111 1936 Signat
1131 1868 1160 1922 in
1172 1867 1263 1923 Reloa.
1282 1870 1335 1922 etc.

154 1970 189 2022 D.
202 1969 249 2036 31,
266 1987 294 2023 n.
309 1970 350 2023 17
362 1968 432 2024 haec
450 1968 549 2024 habet:
567 1982 585 2024 «
601 1968 670 2023 Tam
690 1969 774 2023 istum
795 1985 879 2041 quam
897 1968 1017 2025 alterum
1037 1970 1206 2039 Signaturae
1222 1970 1337 2025 Gratiae

155 2076 281 2132 laborem
299 2077 370 2133 adeo
388 2092 520 2147 magnum
548 2080 713 2146 supportant
738 2077 784 2130 isti
811 2075 934 2131 Praelati
954 2082 1098 2145 rotantes,
1117 2078 1206 2147 gratis
1223 2078 1337 2132 omnino

156 2186 261 2257 absque
280 2184 340 2239 ulla
358 2200 393 2239 ue
412 2184 521 2255 quidem
540 2184 656 2237 minima
673 2184 800 2239 mercede
814 2184 859 2238 rel
873 2184 1012 2254 stipendio
1030 2185 1089 2240 sive
1108 2184 1281 2253 litigantium
1295 2200 1338 2239 re·

156 2290 328 2359 cognitione,
345 2306 396 2344 suo
414 2294 524 2360 sumpto
542 2290 668 2347 incuria
686 2305 749 2343 cum
771 2288 949 2343 convenienti
963 2288 1061 2343 decore
1080 2306 1110 2345 se
1128 2290 1337 2356 substentando‚

155 2397 267 2467 ipsique
285 2396 386 2453 Curiae
404 2396 593 2463 inserviend03
611 2396 736 2467 quinimo
755 2394 844 2465 aliqui
863 2410 898 2449 ex
917 2394 979 2449 istie
997 2395 1135 2449 Praelatio
1150 2395 1197 2467 qui
1216 2396 1246 2450 in
1263 2396 1338 2450 Con-

157 2504 325 2575 gregatione
344 2501 494 2559 Consultae
521 2503 713 2558 interveniunt
740 2503 769 2555 in
789 2502 854 2556 aliis
872 2503 978 2556 duabus
1002 2502 1124 2557 eiusdem
1150 2501 1339 2559 hebdomadae

156 2606 255 2662 diebus
274 2604 453 2672 cumulatius,
472 2606 559 2659 alium
577 2622 710 2675 magnum
729 2604 835 2661 habent
853 2604 977 2659 laborem
996 2621 1080 2674 supra
1098 2605 1277 2659 enunciatum
1295 2603 1339 2658 vi-

156 2715 240 2771 dendi
259 2720 289 2771 et
306 2715 444 2770 referendi
464 2730 608 2785 processus
627 2714 786 2768 criminales
807 2714 836 2768 in
856 2712 931 2767 dicta
943 2712 1167 2783 Congregatione
1180 2711 1339 2778 Consultae;

157 2828 186 2879 et
205 2823 372 2894 quandoque
390 2822 419 2875 iu
437 2820 533 2877 eadem
552 2820 724 2877 hebdomada
743 2819 923 2875 cumulantur
941 2820 1057 2889 negotia
1077 2819 1196 2874 aliarum
1214 2820 1341 2889 Congre-

157 2928 305 2998 gationum
324 2927 354 2980 in
378 2924 479 2995 quibus
502 2924 708 2991 interveniunt,
727 2927 797 2994 puta
815 2923 931 2977 Rituum
957 2926 986 2977 et
1010 2923 1196 2978 lmmuuitatis
1213 2929 1267 2977 etc.

157 3032 228 3085 adeo
241 3034 274 3084 ut
285 3034 363 3084 recte
381 3028 437 3082 dici
454 3026 549 3083 valeat
566 3028 640 3098 quod
658 3026 747 3081 maior
766 3028 804 3082 sit
821 3025 902 3081 labor
920 3026 1002 3080 unius
1020 3042 1055 3082 ex
1074 3026 1117 3081 hia
1135 3025 1274 3081 Praelatio
1291 3026 1340 3097 qui

159 3136 232 3191 bene
251 3150 334 3189 suum
352 3134 473 3187 officium
490 3134 582 3189 facere
601 3132 671 3188 velit
689 3150 772 3205 quam
794 3133 946 3189 cuiuslibet
963 3133 1088 3203 primarii
1106 3132 1277 3204 nimiumque
1286 3147 1341 3187 ‚oc-

157 3239 254 3309 cupati
273 3237 410 3293 Advocati
428 3236 474 3292 vel
493 3237 700 3303 Procuratoris3
719 3241 749 3293 et
766 3241 861 3294 tamen
880 3242 923 3293 est
941 3237 1021 3293 labor
1039 3254 1115 3294 mere
1134 3236 1274 3308 araturus
1292 3237 1341 3308 qui

157 3347 283 3402 libenter
301 3350 461 3416 praestatur
473 3344 608 3417 illumque
628 3345 786 3416 praestandi
805 3346 915 3401 occasio
933 3345 1119 3412 desideratum
1138 3350 1222 3417 etque
1240 3346 1270 3400 in
1287 3344 1342 3399 hoc

157 3450 327 3521 praesertim
345 3449 518 3518 dignoscitur
535 3448 629 3519 Papae
649 3449 848 3522 Romanaeque
869 3450 963 3506 curiae
981 3452 1155 3509 maiestas».
1174 3448 1255 3505 Unde
1274 3465 1342 3503 con·

156 3560 248 3616 cludit
265 3559 411 3629 peculium
424 3560 520 3613 curiae
533 3575 593 3614 essa
612 3562 641 3611 in
659 3574 708 3629 epe
729 3560 773 3628 (cf.
795 3559 813 3612 l.
829 3576 852 3613 c.
866 3560 940 3613 Disc.
952 3561 1003 3626 32,
1022 3577 1049 3613 n.
1065 3561 1126 3631 63),
1136 3560 1209 3631 quod
1227 3559 1342 3613 effatum

157 3684 244 3737 saepe
258 3666 396 3732 inculcat3
415 3670 444 3721 et
456 3665 586 3732 advertit,
600 3683 680 3719 usum
693 3666 874 3736 propinarum
887 3666 1014 3738 quamuis
1027 3665 1239 3737 reprobandum,
1248 3670 1343 3721 nmen

156 3772 316 3827 nullimode
334 3771 508 3841 praepediese
533 3772 658 3826 iustitiae
684 3771 953 3827 administrationem
978 3775 1007 3827 in
1033 3771 1221 3828 tribunalibus
1248 3770 1343 3827 Colle·

158 3879 285 3951 gialibus
305 3879 394 3934 Rotae
413 3883 442 3934 et
460 3878 601 3935 Gamerae.
621 3878 661 3934 cf.
682 3879 700 3931 l.
721 3897 753 3945 a,
774 3880 806 3932 D.
828 3880 878 3947 38,
895 3898 922 3933 ra
942 3880 992 3933 30.

252 3986 291 4059 (l)
314 3984 472 4040 pervetusti
491 3984 576 4037 moris
593 3983 745 4055 vestigium
770 3999 826 4055 quo
851 3984 945 4039 curiae
967 3985 1132 4041 officialibus
1150 3987 1230 4058 quasi
1249 3987 1343 4057 Papae

158 4091 396 4149 commensalibus
408 4106 518 4145 annona
536 4094 566 4145 et
584 4089 656 4145 aliae
675 4106 719 4145 res
737 4089 766 4143 id
786 4105 875 4158 genus
888 4091 1138 4162 suppeditabantur
1150 4094 1185 4146 ab
1198 4093 1259 4163 ipsa
1270 4109 1345 4163 penu

160 4202 266 4256 Domus
285 4199 461 4265 pontificiae,
474 4197 555 4253 hodie
573 4197 663 4252 adhuc
682 4198 821 4269 reperitur
840 4198 913 4269 apud
931 4198 957 4253 S.
972 4199 1059 4271 (long.
1073 4202 1189 4256 Rituum
1207 4201 1345 4257 incensis

161 4306 381 4365 beatificationis
399 4310 428 4361 et
446 4307 673 4361 canonizationis.
687 4306 738 4369 Qui
753 4288 827 4362 enim
841 4308 870 4362 in
883 4307 986 4363 eisdem
999 4314 1106 4379 partem
1120 4315 1208 4381 agunt
1224 4311 1344 4366 donandi

163 4421 229 4471 sunt
240 4416 275 4469 ab
285 4412 457 4468 instantibus
476 4417 553 4468 certa
568 4414 727 4485 quantitate
741 4416 821 4483 casei,
834 4414 970 4482 sacchari‚
980 4414 1127 4482 chocolati,
1146 4421 1175 4471 et
1193 4433 1345 4474 cereorum.

310 4520 375 4574 Soc.
396 4518 475 4590 Lapa
1186 4522 1203 4576 4
