3292 5109
292 289 358 357 294
638 322 641 329 ⁴
809 311 894 358 raas
918 311 955 357 11.

380 434 456 500 241.
481 436 519 499 In
543 433 628 518 stylo
652 434 874 499 cancellariae
903 436 1035 519 proprio
1062 437 1096 500 iu
1127 437 1231 501 Bullis
1262 436 1471 522 expediendis

290 558 467 623 immutatio
487 556 649 623 factat
600 562 649 621 est
670 576 691 620 a
714 557 822 622 Leone
845 558 930 622 XIII
962 560 1015 642 qui
1038 562 1218 644 suppressit
1204 560 1470 625 tcharacterem

289 684 486 748 teutonicum
509 680 606 767 vulgo
630 681 802 755 Bollatico,
827 681 947 746 dIctum
971 680 1473 769 etiamloapobardicum,e1-

290 828 436 893 pressum
459 808 528 871 sine
550 804 646 887 linea,
670 807 740 871 sine
764 812 881 891 puncto
905 812 938 870 et
960 809 1029 872 sIne
1052 807 1238 894 dipthongo
1262 809 1471 893 adoptatum,

289 933 378 998 videt
364 938 428 1012 tur,
451 932 485 994 in
508 929 606 997 CurIa
621 931 871 1016 ApostoIIcaat
872 950 1013 1017 empore,
1030 952 1091 1016 quo
1114 933 1198 998 haec
1221 935 1392 999 AvenIone
1414 954 1475 998 re-

289 1058 420 1125 sidebat.
447 1042 595 1123 Iamvero
619 1057 685 1121 Leo
701 1056 816 1123 XIII
810 1077 843 1121 rn
867 1057 974 1123 Gonst.
997 1058 1181 1124 Universae
1203 1058 1388 1133 Ecclesiae,
1416 1058 1475 1125 die

291 1337 556 1393 animadversIonem
581 1336 615 1391 ad
640 1336 804 1455 bodlernum
829 1342 935 1391 statum
959 1337 1118 1392 Officiorum
1141 1338 1333 1457 Vacabilium,
1354 1354 1475 1409 quornm

290 1557 333 1608 est
351 1554 386 1607 ob
406 1552 556 1621 tempora
550 1569 579 1606 1n
597 1568 668 1621 quae
687 1550 843 1605 incidimus
862 1553 1048 1613 Quamobrem
1066 1566 1101 1606 ex
1120 1552 1251 1607 consulto
1264 1553 1477 1606 Commissionis

291 1659 490 1716 cardinalitiae
509 1677 526 1713 a
545 1658 631 1714 Nobis
649 1658 796 1713 institutae
815 1675 865 1727 pro
883 1658 1002 1714 Nostrae
1021 1659 1153 1714 Datariae
1173 1662 1387 1726 instauratione,
1405 1678 1475 1715 con·

291 1767 385 1821 silium
398 1766 540 1835 coepimus
550 1764 715 1819 decernendi
717 1782 817 1835 ,quam
831 1763 911 1817 modo
923 1763 1106 1831 decernimus,
1116 1765 1300 1820 abolitionem
1313 1766 1475 1820 Officiorum

292 1871 467 1927 Vacabilium
486 1872 620 1941 cuiusque
645 1872 764 1942 generis,
784 1888 818 1925 ea
839 1872 1005 1925 redimendo
1023 1882 1159 1941 qualenam
1178 1888 1247 1942 opas
1264 1874 1309 1939 sit,
1328 1878 1359 1927 et
1376 1888 1475 1927 eorum

292 1979 495 2049 possessoribus
518 1978 680 2033 titularibus
704 1979 898 2033 substituendo
921 1978 1064 2032 Datariam
1084 1978 1223 2033 Nostram.
1243 1980 1318 2033 Rata
1339 1979 1476 2033 habemus

292 2085 462 2155 praeterea'
456 2103 484 2137 in
503 2084 631 2139 omnibus
650 2092 679 2139 et
697 2084 817 2154 singulis
836 2086 894 2138 suis
913 2086 1039 2154 partibus
1063 2090 1092 2141 et
1116 2103 1280 2141 revocamus
1306 2088 1334 2140 in
1359 2086 1475 2156 plenum

292 2190 417 2260 algorem
436 2189 493 2243 Nos
506 2188 559 2259 lpsi
579 2207 613 2244 ea
631 2189 819 2256 decernentes,
837 2190 859 2243 si
872 2206 942 2260 opus
954 2191 992 2244 sit
1004 2207 1076 2261 qnae
1089 2191 1213 2247 decrevit
1226 2191 1359 2246 Decessor
1372 2192 1478 2245 Noster

292 2300 359 2353 Pius
377 2298 427 2353 VII
444 2298 491 2353 fel.
505 2315 585 2354 mem
599 2299 627 2351 in
642 2298 772 2353 Audienti
775 2316 792 2351 a
811 2315 942 2353 concessa
953 2298 1094 2353 cardinali
1109 2301 1177 2354 Pro·
1181 2300 1295 2354 Datario
1313 2300 1477 2355 Alexandro

291 2404 393 2459 Mattei
406 2405 451 2459 die
466 2405 479 2455 1
496 2404 621 2459 Octobris
633 2404 715 2469 1814,
734 2408 763 2458 et
781 2402 909 2457 volumus
922 2402 1037 2472 posthac
1051 2420 1106 2457 non
1118 2404 1238 2474 amplius
1251 2404 1364 2460 concedi
1377 2407 1476 2461 favore

291 2512 527 2567 Vaeabilistarum
551 2512 660 2565 indulta
683 2510 914 2580 resignationem,
938 2512 1161 2575 translationum,
1184 2513 1413 2581 prorogationem
1438 2508 1475 2566 ad

292 2619 379 2671 vitam
393 2615 642 2689 (supranoiuenze),
656 2616 878 2671 nominationum
893 2616 928 2669 ad
940 2616 1111 2687 capellanias
1123 2621 1173 2671 aut
1185 2617 1284 2683 officia,
1297 2617 1476 2671 declarantes

291 2726 400 2781 irritam
420 2732 448 2780 et
467 2725 572 2779 nullam
591 2742 793 2795 quamcumque
811 2725 1004 2795 exceptionem
1025 2741 1097 2796 quae
1122 2729 1221 2779 contra
1245 2725 1351 2780 moveri
1370 2724 1475 2789 valeat,

292 2850 355 2887 curn
372 2833 480 2886 firqus
498 2836 645 2903 ratumque
670 2848 756 2901 usque
781 2830 880 2886 haberi
905 2832 1006 2886 debeat
1030 2832 1058 2885 in
1084 2848 1136 2885 sua
1159 2835 1250 2885 forma
1268 2838 1298 2886 et
1315 2834 1476 2887 substantia

293 2941 365 3013 quod
389 2940 442 2995 boc
466 2940 583 2994 Decreto
608 2937 709 2992 Nostro
734 2940 813 2992 Mota
830 2938 952 3009 Propria
977 2938 1181 2995 continetur».
1200 2938 1271 2999 Quia
1296 2938 1475 2993 Vacabilinm

292 3046 450 3101 Officiorum
470 3043 594 3097 bodlerni
614 3059 799 3112 possessores,
818 3058 874 3097 non
893 3045 1023 3097 obstante
1049 3042 1166 3096 istorum
1188 3042 1358 3108 abolitione,
1377 3060 1475 3113 prose·

292 3155 416 3225 quantur
439 3150 541 3205 eisdem
565 3148 630 3214 frui,
648 3164 791 3219 quousque
816 3149 851 3200 ab
877 3146 945 3217 ipsis
964 3164 1018 3201 non
1036 3147 1219 3213 redimantur,
1238 3147 1330 3202 soluto
1349 3165 1476 3219 congruo

292 3256 397 3326 pretio,
415 3255 514 3311 exinde
534 3254 681 3309 Decretum
706 3258 784 3309 vetat
802 3271 837 3308 ne
857 3253 1055 3308 Vacabalistae
1074 3259 1190 3307 utantur
1208 3254 1284 3321 iure,
1305 3271 1361 3308 non
1386 3255 1474 3309 semel

292 3375 430 3425 concesso,
449 3356 633 3412 transferendi
652 3355 696 3413 vel
716 3356 874 3425 resignandi
893 3356 976 3411 alteri
996 3356 1122 3410 Officium
1136 3357 1271 3411 Vacabile
1289 3356 1335 3411 vel
1354 3355 1427 3411 alios
1445 3358 1474 3410 in

291 3480 394 3534 genere
415 3463 562 3533 peragendi
585 3466 753 3531 contractus,
772 3464 872 3533 quibus
893 3462 964 3517 haec
982 3462 1079 3516 Officia
1097 3463 1315 3528 subiciebantur,
1334 3468 1476 3534 quatenus

292 3573 373 3624 erant
390 3569 511 3623 cerialta
530 3566 645 3623 Abolito
656 3584 723 3622 vero
735 3568 795 3637 ipso
808 3566 905 3621 Officio
923 3569 1046 3621 vocabili
1062 3569 1166 3634 vernali,
1179 3567 1286 3622 abolIta
1304 3574 1369 3622 sunt
1388 3570 1475 3623 etiam

291 3676 354 3729 iura
371 3691 420 3729 seu
439 3673 588 3744 privilegia
606 3674 723 3741 adnexa,
739 3674 828 3728 veluti
848 3673 1047 3727 nomInationis
1065 3674 1100 3727 ad
1122 3673 1294 3743 capellanias
1312 3674 1357 3729 vel
1376 3674 1411 3728 ad
1430 3675 1474 3727 oi-

291 3782 371 3848 lieia3
388 3782 423 3835 cf.
442 3782 566 3845 Maroni,
590 3796 648 3835 voc.
675 3781 843 3835 Vacabilisti.
860 3809 898 3821 -
915 3778 1114 3849 Capelianiee,
1135 3784 1201 3833 suut
1224 3779 1360 3849 specialia
1383 3779 1475 3834 officia

291 3903 363 3959 quae
381 3891 509 3957 spectant
526 3886 561 3939 ad
580 3888 693 3957 negotia
711 3885 904 3952 Vacabilium3
922 3890 1024 3956 utputa
1040 3886 1072 3940 ad
1087 3887 1262 3941 exactionem
1282 3892 1421 3953 taxarum,
1440 3886 1474 3939 ad

292 3994 440 4048 ratiocinia
452 3998 481 4047 et
493 3992 703 4047 distributiones
722 3993 860 4047 redituum
881 3993 944 4047 inde
963 3993 1194 4062 provenientium.
1207 4022 1245 4033 -
1257 3993 1474 4063 prorogationes

291 4098 327 4153 ad
344 4098 432 4153 vitam
445 4096 542 4169 (vulgo
559 4096 789 4168 sopraoviaeaze)
803 4100 869 4150 sunt
880 4098 1072 4151 concessiones
1085 4098 1176 4151 factae
1189 4097 1372 4151 Vacabilistis
1384 4102 1475 4151 trans·

291 4205 446 4261 ferentibus
471 4206 500 4259 in
524 4204 620 4270 aliurn,
640 4208 739 4274 utputa
762 4202 862 4269 filium,
882 4221 933 4257 sua
956 4204 1034 4271 iura,
1060 4220 1094 4257 ea
1118 4206 1170 4258 sub
1195 4204 1370 4271 conditione,
1394 4209 1427 4258 ut
1449 4204 1478 4258 ai.

292 4310 530 4366 eoncessionarius
548 4310 751 4380 praemoriatur
769 4309 947 4376 eoncedente,
959 4309 1005 4363 hic
1018 4310 1150 4365 succedat
1171 4312 1200 4364 in
1219 4312 1314 4365 omnia
1330 4311 1392 4365 iura
1410 4328 1476 4366 con·

294 4418 455 4473 cessionarii
474 4416 605 4472 defuncti.
