<?xml version="1.0" encoding="UTF-8"?>
<!DOCTYPE html PUBLIC "-//W3C//DTD XHTML 1.0 Transitional//EN"
    "http://www.w3.org/TR/xhtml1/DTD/xhtml1-transitional.dtd">
<html xmlns="http://www.w3.org/1999/xhtml" xml:lang="en" lang="en">
 <head>
  <title>
</title>
<meta http-equiv="Content-Type" content="text/html;charset=utf-8" />
  <meta name='ocr-system' content='tesseract 3.04.00' />
  <meta name='ocr-capabilities' content='ocr_page ocr_carea ocr_par ocr_line ocrx_word'/>
</head>
<body>
  <div class='ocr_page' id='page_1' title='image "./praelectionesin03legagoog_0135.png"; bbox 0 0 3292 5109; ppageno 0'>
   <div class='ocr_carea' id='block_1_1' title="bbox 467 294 1307 364">
    <p class='ocr_par' dir='ltr' id='par_1_1' title="bbox 467 294 1307 364">
     <span class='ocr_line' id='line_1_1' title="bbox 467 294 1307 364; baseline -0.001 -4"><span class='ocrx_word' id='word_1_1' title='bbox 467 314 512 361; x_wconf 84' lang='lat' dir='ltr'><strong>nn</strong></span> <span class='ocrx_word' id='word_1_2' title='bbox 535 313 675 361; x_wconf 78' lang='lat' dir='ltr'><strong>rupious</strong></span> <span class='ocrx_word' id='word_1_3' title='bbox 699 314 970 364; x_wconf 80' lang='lat' dir='ltr'><strong>sccunsrasrrcrs</strong></span> <span class='ocrx_word' id='word_1_4' title='bbox 1246 294 1307 361; x_wconf 83' lang='lat'><strong>131</strong></span> 
     </span>
    </p>
   </div>
   <div class='ocr_carea' id='block_1_2' title="bbox 139 432 1388 3871">
    <p class='ocr_par' dir='ltr' id='par_1_2' title="bbox 142 432 1313 1396">
     <span class='ocr_line' id='line_1_2' title="bbox 146 432 1310 526; baseline 0.004 -28"><span class='ocrx_word' id='word_1_5' title='bbox 146 432 206 507; x_wconf 88' lang='lat' dir='ltr'><strong>Quo</strong></span> <span class='ocrx_word' id='word_1_6' title='bbox 225 438 385 522; x_wconf 88' lang='lat' dir='ltr'><strong>proposito</strong></span> <span class='ocrx_word' id='word_1_7' title='bbox 408 437 597 525; x_wconf 86' lang='lat' dir='ltr'><strong>iampridem</strong></span> <span class='ocrx_word' id='word_1_8' title='bbox 612 440 759 507; x_wconf 85' lang='lat' dir='ltr'><strong>instituta</strong></span> <span class='ocrx_word' id='word_1_9' title='bbox 779 440 889 506; x_wconf 82' lang='lat' dir='ltr'><strong>luerat</strong></span> <span class='ocrx_word' id='word_1_10' title='bbox 904 440 937 507; x_wconf 91' lang='lat' dir='ltr'><strong>S.</strong></span> <span class='ocrx_word' id='word_1_11' title='bbox 955 441 1054 526; x_wconf 86' lang='lat' dir='ltr'><strong>Gong.</strong></span> <span class='ocrx_word' id='word_1_12' title='bbox 1073 438 1149 525; x_wconf 89' lang='lat' dir='ltr'><strong>Sup.</strong></span> <span class='ocrx_word' id='word_1_13' title='bbox 1167 444 1201 505; x_wconf 88' lang='lat' dir='ltr'><strong>et</strong></span> <span class='ocrx_word' id='word_1_14' title='bbox 1213 439 1310 507; x_wconf 83' lang='lat' dir='ltr'><strong>Univ.</strong></span> 
     </span>
     <span class='ocr_line' id='line_1_3' title="bbox 147 560 1313 652; baseline 0.002 -27"><span class='ocrx_word' id='word_1_15' title='bbox 147 560 268 644; x_wconf 89' lang='lat' dir='ltr'><strong>luquis.;</strong></span> <span class='ocrx_word' id='word_1_16' title='bbox 293 568 326 627; x_wconf 90' lang='lat' dir='ltr'><strong>et</strong></span> <span class='ocrx_word' id='word_1_17' title='bbox 340 562 374 626; x_wconf 89' lang='lat' dir='ltr'><strong>in</strong></span> <span class='ocrx_word' id='word_1_18' title='bbox 391 562 478 629; x_wconf 91' lang='lat' dir='ltr'><strong>Urbe</strong></span> <span class='ocrx_word' id='word_1_19' title='bbox 501 562 639 651; x_wconf 87' lang='lat' dir='ltr'><strong>collegia</strong></span> <span class='ocrx_word' id='word_1_20' title='bbox 662 564 798 631; x_wconf 87' lang='lat' dir='ltr'><strong>lundata</strong></span> <span class='ocrx_word' id='word_1_21' title='bbox 813 570 910 632; x_wconf 86' lang='lat' dir='ltr'><strong>erant</strong></span> <span class='ocrx_word' id='word_1_22' title='bbox 924 584 984 652; x_wconf 93' lang='lat' dir='ltr'><strong>pro</strong></span> <span class='ocrx_word' id='word_1_23' title='bbox 1000 561 1203 631; x_wconf 80' lang='lat' dir='ltr'><strong>instituendis</strong></span> <span class='ocrx_word' id='word_1_24' title='bbox 1225 562 1313 628; x_wconf 84' lang='lat' dir='ltr'><strong>iuve-</strong></span> 
     </span>
     <span class='ocr_line' id='line_1_4' title="bbox 145 682 1311 774; baseline 0.003 -27"><span class='ocrx_word' id='word_1_25' title='bbox 145 682 223 749; x_wconf 86' lang='lat' dir='ltr'><strong>nibus</strong></span> <span class='ocrx_word' id='word_1_26' title='bbox 243 704 261 749; x_wconf 90' lang='lat' dir='ltr'><strong>e</strong></span> <span class='ocrx_word' id='word_1_27' title='bbox 283 684 440 767; x_wconf 82' lang='lat' dir='ltr'><strong>Graecia,</strong></span> <span class='ocrx_word' id='word_1_28' title='bbox 465 686 658 759; x_wconf 62' lang='lat' dir='ltr'><strong>Germania</strong></span> <span class='ocrx_word' id='word_1_29' title='bbox 684 686 803 774; x_wconf 88' lang='lat' dir='ltr'><strong>Anglia</strong></span> <span class='ocrx_word' id='word_1_30' title='bbox 827 692 860 752; x_wconf 90' lang='lat' dir='ltr'><strong>et</strong></span> <span class='ocrx_word' id='word_1_31' title='bbox 882 686 1012 753; x_wconf 75' lang='lat' dir='ltr'><strong>aliunde</strong></span> <span class='ocrx_word' id='word_1_32' title='bbox 1030 684 1206 768; x_wconf 85' lang='lat' dir='ltr'><strong>advocatis,</strong></span> <span class='ocrx_word' id='word_1_33' title='bbox 1230 704 1311 769; x_wconf 88' lang='lat' dir='ltr'><strong>quas</strong></span> 
     </span>
     <span class='ocr_line' id='line_1_5' title="bbox 145 806 1311 875; baseline 0.003 -7"><span class='ocrx_word' id='word_1_34' title='bbox 145 807 273 872; x_wconf 89' lang='lat' dir='ltr'><strong>nationes</strong></span> <span class='ocrx_word' id='word_1_35' title='bbox 295 806 463 875; x_wconf 85' lang='lat' dir='ltr'><strong>haeretica</strong></span> <span class='ocrx_word' id='word_1_36' title='bbox 477 808 530 875; x_wconf 81' lang='lat' dir='ltr'><strong>vel</strong></span> <span class='ocrx_word' id='word_1_37' title='bbox 546 807 753 875; x_wconf 87' lang='lat' dir='ltr'><strong>schismatica</strong></span> <span class='ocrx_word' id='word_1_38' title='bbox 768 808 858 875; x_wconf 86' lang='lat' dir='ltr'><strong>labes</strong></span> <span class='ocrx_word' id='word_1_39' title='bbox 873 809 1042 875; x_wconf 83' lang='lat' dir='ltr'><strong>infecerat</strong></span> <span class='ocrx_word' id='word_1_40' title='bbox 1059 806 1209 874; x_wconf 84' lang='lat' dir='ltr'><strong>Validius</strong></span> <span class='ocrx_word' id='word_1_41' title='bbox 1224 806 1311 871; x_wconf 91' lang='lat' dir='ltr'><strong>enim</strong></span> 
     </span>
     <span class='ocr_line' id='line_1_6' title="bbox 143 932 1311 1022; baseline 0 -25"><span class='ocrx_word' id='word_1_42' title='bbox 143 934 283 999; x_wconf 79' lang='lat' dir='ltr'><strong>auxilium</strong></span> <span class='ocrx_word' id='word_1_43' title='bbox 307 933 487 1000; x_wconf 88' lang='lat' dir='ltr'><strong>catholicae</strong></span> <span class='ocrx_word' id='word_1_44' title='bbox 510 932 583 999; x_wconf 89' lang='lat' dir='ltr'><strong>fldei</strong></span> <span class='ocrx_word' id='word_1_45' title='bbox 606 935 660 1001; x_wconf 80' lang='lat' dir='ltr'><strong>vel</strong></span> <span class='ocrx_word' id='word_1_46' title='bbox 684 934 939 1022; x_wconf 73' lang='lat' dir='ltr'><strong>propugnandae</strong></span> <span class='ocrx_word' id='word_1_47' title='bbox 954 936 1007 1000; x_wconf 81' lang='lat' dir='ltr'><strong>val</strong></span> <span class='ocrx_word' id='word_1_48' title='bbox 1031 932 1215 1000; x_wconf 78' lang='lat' dir='ltr'><strong>dilatandae</strong></span> <span class='ocrx_word' id='word_1_49' title='bbox 1238 934 1311 998; x_wconf 89' lang='lat' dir='ltr'><strong>iure</strong></span> 
     </span>
     <span class='ocr_line' id='line_1_7' title="bbox 144 1058 1310 1146; baseline -0.001 -22"><span class='ocrx_word' id='word_1_50' title='bbox 144 1060 244 1127; x_wconf 87' lang='lat' dir='ltr'><strong>merito</strong></span> <span class='ocrx_word' id='word_1_51' title='bbox 265 1058 478 1145; x_wconf 87' lang='lat' dir='ltr'><strong>repetendum</strong></span> <span class='ocrx_word' id='word_1_52' title='bbox 502 1066 552 1127; x_wconf 91' lang='lat' dir='ltr'><strong>est</strong></span> <span class='ocrx_word' id='word_1_53' title='bbox 575 1080 596 1127; x_wconf 91' lang='lat' dir='ltr'><strong>a</strong></span> <span class='ocrx_word' id='word_1_54' title='bbox 618 1060 797 1131; x_wconf 82' lang='lat' dir='ltr'><strong>iuvenibus.</strong></span> <span class='ocrx_word' id='word_1_55' title='bbox 821 1063 886 1145; x_wconf 87' lang='lat' dir='ltr'><strong>qui,</strong></span> <span class='ocrx_word' id='word_1_56' title='bbox 910 1060 1029 1146; x_wconf 87' lang='lat' dir='ltr'><strong>optime</strong></span> <span class='ocrx_word' id='word_1_57' title='bbox 1051 1059 1199 1125; x_wconf 89' lang='lat' dir='ltr'><strong>instructi</strong></span> <span class='ocrx_word' id='word_1_58' title='bbox 1230 1077 1310 1143; x_wconf 92' lang='lat' dir='ltr'><strong>quc-</strong></span> 
     </span>
     <span class='ocr_line' id='line_1_8' title="bbox 142 1181 1312 1269; baseline 0 -22"><span class='ocrx_word' id='word_1_59' title='bbox 142 1202 264 1267; x_wconf 88' lang='lat' dir='ltr'><strong>cumque</strong></span> <span class='ocrx_word' id='word_1_60' title='bbox 280 1184 488 1248; x_wconf 85' lang='lat' dir='ltr'><strong>institutionis</strong></span> <span class='ocrx_word' id='word_1_61' title='bbox 504 1202 635 1269; x_wconf 89' lang='lat' dir='ltr'><strong>genere,</strong></span> <span class='ocrx_word' id='word_1_62' title='bbox 653 1181 734 1248; x_wconf 83' lang='lat' dir='ltr'><strong>flunt</strong></span> <span class='ocrx_word' id='word_1_63' title='bbox 750 1182 922 1269; x_wconf 83' lang='lat' dir='ltr'><strong>Evangelii</strong></span> <span class='ocrx_word' id='word_1_64' title='bbox 938 1202 1117 1269; x_wconf 88' lang='lat' dir='ltr'><strong>praecones</strong></span> <span class='ocrx_word' id='word_1_65' title='bbox 1132 1182 1219 1247; x_wconf 88' lang='lat' dir='ltr'><strong>inter</strong></span> <span class='ocrx_word' id='word_1_66' title='bbox 1233 1201 1312 1248; x_wconf 89' lang='lat' dir='ltr'><strong>suae</strong></span> 
     </span>
     <span class='ocr_line' id='line_1_9' title="bbox 143 1308 939 1396; baseline 0.009 -25"><span class='ocrx_word' id='word_1_67' title='bbox 143 1308 266 1373; x_wconf 82' lang='lat' dir='ltr'><strong>nationIs</strong></span> <span class='ocrx_word' id='word_1_68' title='bbox 290 1314 415 1391; x_wconf 85' lang='lat' dir='ltr'><strong>gentes.</strong></span> <span class='ocrx_word' id='word_1_69' title='bbox 934 1388 939 1396; x_wconf 41' lang='lat'>‚</span> 
     </span>
    </p>

    <p class='ocr_par' dir='ltr' id='par_1_3' title="bbox 139 1426 1388 3603">
     <span class='ocr_line' id='line_1_10' title="bbox 220 1426 1311 1515; baseline 0 -22"><span class='ocrx_word' id='word_1_70' title='bbox 220 1428 433 1503; x_wconf 84' lang='lat' dir='ltr'><strong>Quamobrem</strong></span> <span class='ocrx_word' id='word_1_71' title='bbox 465 1426 640 1495; x_wconf 84' lang='lat' dir='ltr'><strong>Pontifices</strong></span> <span class='ocrx_word' id='word_1_72' title='bbox 671 1450 744 1496; x_wconf 90' lang='lat' dir='ltr'><strong>cum</strong></span> <span class='ocrx_word' id='word_1_73' title='bbox 777 1430 892 1515; x_wconf 90' lang='lat' dir='ltr'><strong>primis</strong></span> <span class='ocrx_word' id='word_1_74' title='bbox 921 1428 1050 1495; x_wconf 80' lang='lat' dir='ltr'><strong>solliciti</strong></span> <span class='ocrx_word' id='word_1_75' title='bbox 1079 1434 1116 1495; x_wconf 89' lang='lat' dir='ltr'><strong>ut</strong></span> <span class='ocrx_word' id='word_1_76' title='bbox 1141 1428 1311 1496; x_wconf 87' lang='lat' dir='ltr'><strong>institutae</strong></span> 
     </span>
     <span class='ocr_line' id='line_1_11' title="bbox 144 1551 1311 1640; baseline 0.001 -23"><span class='ocrx_word' id='word_1_77' title='bbox 144 1551 382 1639; x_wconf 80' lang='lat' dir='ltr'><strong>Congregationi</strong></span> <span class='ocrx_word' id='word_1_78' title='bbox 403 1552 509 1619; x_wconf 88' lang='lat' dir='ltr'><strong>media</strong></span> <span class='ocrx_word' id='word_1_79' title='bbox 531 1557 742 1640; x_wconf 83' lang='lat' dir='ltr'><strong>suppeterent</strong></span> <span class='ocrx_word' id='word_1_80' title='bbox 772 1558 863 1619; x_wconf 87' lang='lat' dir='ltr'><strong>tanto</strong></span> <span class='ocrx_word' id='word_1_81' title='bbox 891 1554 1019 1619; x_wconf 90' lang='lat' dir='ltr'><strong>muneri</strong></span> <span class='ocrx_word' id='word_1_82' title='bbox 1047 1552 1163 1620; x_wconf 89' lang='lat' dir='ltr'><strong>idonea</strong></span> <span class='ocrx_word' id='word_1_83' title='bbox 1185 1557 1219 1619; x_wconf 89' lang='lat' dir='ltr'><strong>et</strong></span> <span class='ocrx_word' id='word_1_84' title='bbox 1241 1551 1311 1618; x_wconf 88' lang='lat' dir='ltr'><strong>effl-</strong></span> 
     </span>
     <span class='ocr_line' id='line_1_12' title="bbox 142 1680 1312 1767; baseline 0.003 -24"><span class='ocrx_word' id='word_1_85' title='bbox 142 1682 266 1754; x_wconf 86' lang='lat' dir='ltr'><strong>caciora‚</strong></span> <span class='ocrx_word' id='word_1_86' title='bbox 284 1681 457 1747; x_wconf 83' lang='lat' dir='ltr'><strong>maximam</strong></span> <span class='ocrx_word' id='word_1_87' title='bbox 476 1700 588 1747; x_wconf 89' lang='lat' dir='ltr'><strong>curam</strong></span> <span class='ocrx_word' id='word_1_88' title='bbox 608 1681 837 1767; x_wconf 86' lang='lat' dir='ltr'><strong>impenderunt</strong></span> <span class='ocrx_word' id='word_1_89' title='bbox 860 1682 894 1746; x_wconf 91' lang='lat' dir='ltr'><strong>in</strong></span> <span class='ocrx_word' id='word_1_90' title='bbox 918 1680 1107 1747; x_wconf 84' lang='lat' dir='ltr'><strong>ordinandis</strong></span> <span class='ocrx_word' id='word_1_91' title='bbox 1129 1682 1312 1747; x_wconf 88' lang='lat' dir='ltr'><strong>seminariis</strong></span> 
     </span>
     <span class='ocr_line' id='line_1_13' title="bbox 141 1798 1311 1887; baseline 0.003 -24"><span class='ocrx_word' id='word_1_92' title='bbox 141 1819 191 1864; x_wconf 88' lang='lat' dir='ltr'><strong>seu</strong></span> <span class='ocrx_word' id='word_1_93' title='bbox 211 1800 354 1887; x_wconf 82' lang='lat' dir='ltr'><strong>collegiis</strong></span> <span class='ocrx_word' id='word_1_94' title='bbox 379 1798 556 1866; x_wconf 85' lang='lat' dir='ltr'><strong>PontIflciis</strong></span> <span class='ocrx_word' id='word_1_95' title='bbox 579 1800 620 1867; x_wconf 86' lang='lat' dir='ltr'><strong>ad</strong></span> <span class='ocrx_word' id='word_1_96' title='bbox 642 1820 753 1867; x_wconf 88' lang='lat' dir='ltr'><strong>sacras</strong></span> <span class='ocrx_word' id='word_1_97' title='bbox 777 1802 946 1866; x_wconf 82' lang='lat' dir='ltr'><strong>missiones</strong></span> <span class='ocrx_word' id='word_1_98' title='bbox 974 1800 1136 1868; x_wconf 89' lang='lat' dir='ltr'><strong>institutis.</strong></span> <span class='ocrx_word' id='word_1_99' title='bbox 1163 1836 1181 1849; x_wconf 93' lang='lat'>·</span> <span class='ocrx_word' id='word_1_100' title='bbox 1206 1801 1311 1869; x_wconf 86' lang='lat' dir='ltr'><strong>Urba·</strong></span> 
     </span>
     <span class='ocr_line' id='line_1_14' title="bbox 142 1924 1310 2010; baseline 0.002 -23"><span class='ocrx_word' id='word_1_101' title='bbox 142 1942 193 1988; x_wconf 92' lang='lat' dir='ltr'><strong>nus</strong></span> <span class='ocrx_word' id='word_1_102' title='bbox 213 1924 296 1989; x_wconf 89' lang='lat' dir='ltr'>VIII</span> <span class='ocrx_word' id='word_1_103' title='bbox 320 1924 522 1991; x_wconf 88' lang='lat' dir='ltr'><strong>immediatus</strong></span> <span class='ocrx_word' id='word_1_104' title='bbox 544 1944 714 1991; x_wconf 88' lang='lat' dir='ltr'><strong>successor</strong></span> <span class='ocrx_word' id='word_1_105' title='bbox 735 1925 887 2010; x_wconf 85' lang='lat' dir='ltr'><strong>Gregorii</strong></span> <span class='ocrx_word' id='word_1_106' title='bbox 904 1924 971 1990; x_wconf 89' lang='lat' dir='ltr'><strong>XV</strong></span> <span class='ocrx_word' id='word_1_107' title='bbox 993 1924 1183 1991; x_wconf 78' lang='lat' dir='ltr'><strong>ann01627</strong></span> <span class='ocrx_word' id='word_1_108' title='bbox 1202 1925 1310 1991; x_wconf 85' lang='lat' dir='ltr'><strong>Coust.</strong></span> 
     </span>
     <span class='ocr_line' id='line_1_15' title="bbox 143 2046 1313 2134; baseline 0.003 -25"><span class='ocrx_word' id='word_1_109' title='bbox 143 2046 338 2114; x_wconf 80' lang='lat' dir='ltr'><strong>Immortalis</strong></span> <span class='ocrx_word' id='word_1_110' title='bbox 353 2046 531 2132; x_wconf 85' lang='lat' dir='ltr'><strong>Collegium</strong></span> <span class='ocrx_word' id='word_1_111' title='bbox 555 2048 663 2113; x_wconf 86' lang='lat' dir='ltr'><strong>erexit</strong></span> <span class='ocrx_word' id='word_1_112' title='bbox 686 2048 736 2114; x_wconf 87' lang='lat' dir='ltr'><strong>De</strong></span> <span class='ocrx_word' id='word_1_113' title='bbox 758 2047 998 2134; x_wconf 77' lang='lat' dir='ltr'><strong>Propapuodu</strong></span> <span class='ocrx_word' id='word_1_114' title='bbox 1021 2046 1107 2114; x_wconf 80' lang='lat' dir='ltr'><strong>Fide</strong></span> <span class='ocrx_word' id='word_1_115' title='bbox 1130 2068 1151 2113; x_wconf 87' lang='lat' dir='ltr'><strong>a</strong></span> <span class='ocrx_word' id='word_1_116' title='bbox 1173 2068 1232 2113; x_wconf 90' lang='lat' dir='ltr'><strong>suo</strong></span> <span class='ocrx_word' id='word_1_117' title='bbox 1255 2068 1313 2113; x_wconf 93' lang='lat' dir='ltr'><strong>no·</strong></span> 
     </span>
     <span class='ocr_line' id='line_1_16' title="bbox 142 2168 1312 2256; baseline 0.005 -25"><span class='ocrx_word' id='word_1_118' title='bbox 142 2170 217 2234; x_wconf 90' lang='lat' dir='ltr'><strong>mine</strong></span> <span class='ocrx_word' id='word_1_119' title='bbox 239 2169 359 2235; x_wconf 90' lang='lat' dir='ltr'><strong>dictum</strong></span> <span class='ocrx_word' id='word_1_120' title='bbox 384 2168 567 2245; x_wconf 86' lang='lat' dir='ltr'><strong>Urbanum,</strong></span> <span class='ocrx_word' id='word_1_121' title='bbox 593 2172 644 2235; x_wconf 94' lang='lat' dir='ltr'><strong>cui</strong></span> <span class='ocrx_word' id='word_1_122' title='bbox 668 2170 764 2235; x_wconf 88' lang='lat' dir='ltr'><strong>aedes</strong></span> <span class='ocrx_word' id='word_1_123' title='bbox 792 2170 947 2237; x_wconf 81' lang='lat' dir='ltr'><strong>instruxit</strong></span> <span class='ocrx_word' id='word_1_124' title='bbox 973 2178 1174 2256; x_wconf 88' lang='lat' dir='ltr'><strong>sumptuosas</strong></span> <span class='ocrx_word' id='word_1_125' title='bbox 1196 2170 1238 2236; x_wconf 84' lang='lat' dir='ltr'><strong>ad</strong></span> <span class='ocrx_word' id='word_1_126' title='bbox 1261 2192 1312 2237; x_wconf 87' lang='lat' dir='ltr'><strong>ra·</strong></span> 
     </span>
     <span class='ocr_line' id='line_1_17' title="bbox 141 2294 1308 2385; baseline 0.003 -28"><span class='ocrx_word' id='word_1_127' title='bbox 141 2294 218 2363; x_wconf 79' lang='lat' dir='ltr'><strong>dices</strong></span> <span class='ocrx_word' id='word_1_128' title='bbox 239 2296 345 2363; x_wconf 86' lang='lat' dir='ltr'><strong>Pincii</strong></span> <span class='ocrx_word' id='word_1_129' title='bbox 368 2299 494 2364; x_wconf 92' lang='lat' dir='ltr'><strong>montis.</strong></span> <span class='ocrx_word' id='word_1_130' title='bbox 521 2334 538 2347; x_wconf 95' lang='lat'>·</span> <span class='ocrx_word' id='word_1_131' title='bbox 565 2298 747 2385; x_wconf 86' lang='lat' dir='ltr'><strong>Progressu</strong></span> <span class='ocrx_word' id='word_1_132' title='bbox 770 2299 926 2383; x_wconf 87' lang='lat' dir='ltr'><strong>temporis</strong></span> <span class='ocrx_word' id='word_1_133' title='bbox 953 2302 988 2363; x_wconf 91' lang='lat' dir='ltr'><strong>et</strong></span> <span class='ocrx_word' id='word_1_134' title='bbox 1016 2298 1138 2362; x_wconf 86' lang='lat' dir='ltr'><strong>Romae</strong></span> <span class='ocrx_word' id='word_1_135' title='bbox 1169 2301 1203 2362; x_wconf 88' lang='lat' dir='ltr'><strong>et</strong></span> <span class='ocrx_word' id='word_1_136' title='bbox 1232 2295 1308 2360; x_wconf 89' lang='lat' dir='ltr'><strong>alibi</strong></span> 
     </span>
     <span class='ocr_line' id='line_1_18' title="bbox 143 2418 1388 2506; baseline 0.006 -24"><span class='ocrx_word' id='word_1_137' title='bbox 143 2420 171 2483; x_wconf 93' lang='lat' dir='ltr'><strong>in</strong></span> <span class='ocrx_word' id='word_1_138' title='bbox 192 2421 280 2485; x_wconf 88' lang='lat' dir='ltr'><strong>ltalia</strong></span> <span class='ocrx_word' id='word_1_139' title='bbox 302 2426 335 2486; x_wconf 90' lang='lat' dir='ltr'><strong>et</strong></span> <span class='ocrx_word' id='word_1_140' title='bbox 358 2420 444 2506; x_wconf 89' lang='lat' dir='ltr'><strong>apud</strong></span> <span class='ocrx_word' id='word_1_141' title='bbox 465 2420 545 2486; x_wconf 89' lang='lat' dir='ltr'><strong>alias</strong></span> <span class='ocrx_word' id='word_1_142' title='bbox 575 2421 724 2487; x_wconf 87' lang='lat' dir='ltr'><strong>nationes</strong></span> <span class='ocrx_word' id='word_1_143' title='bbox 754 2420 851 2505; x_wconf 91' lang='lat' dir='ltr'><strong>plura</strong></span> <span class='ocrx_word' id='word_1_144' title='bbox 883 2427 994 2486; x_wconf 89' lang='lat' dir='ltr'><strong>erecta</strong></span> <span class='ocrx_word' id='word_1_145' title='bbox 1026 2425 1101 2485; x_wconf 90' lang='lat' dir='ltr'><strong>sunt</strong></span> <span class='ocrx_word' id='word_1_146' title='bbox 1130 2418 1312 2485; x_wconf 88' lang='lat' dir='ltr'><strong>huiusmodi</strong></span> <span class='ocrx_word' id='word_1_147' title='bbox 1383 2483 1388 2489; x_wconf 87' lang='lat'><em>.</em></span> 
     </span>
     <span class='ocr_line' id='line_1_19' title="bbox 142 2542 1310 2631; baseline 0 -26"><span class='ocrx_word' id='word_1_148' title='bbox 142 2542 275 2631; x_wconf 80' lang='lat' dir='ltr'><strong>collegia,</strong></span> <span class='ocrx_word' id='word_1_149' title='bbox 299 2545 460 2613; x_wconf 84' lang='lat' dir='ltr'><strong>destinata</strong></span> <span class='ocrx_word' id='word_1_150' title='bbox 481 2543 649 2610; x_wconf 88' lang='lat' dir='ltr'><strong>iuvenibus</strong></span> <span class='ocrx_word' id='word_1_151' title='bbox 673 2542 877 2610; x_wconf 88' lang='lat' dir='ltr'><strong>instituendis</strong></span> <span class='ocrx_word' id='word_1_152' title='bbox 896 2563 956 2628; x_wconf 93' lang='lat' dir='ltr'><strong>pro</strong></span> <span class='ocrx_word' id='word_1_153' title='bbox 972 2544 1076 2609; x_wconf 89' lang='lat' dir='ltr'><strong>sacris</strong></span> <span class='ocrx_word' id='word_1_154' title='bbox 1098 2543 1310 2609; x_wconf 90' lang='lat' dir='ltr'><strong>missionibus.</strong></span> 
     </span>
     <span class='ocr_line' id='line_1_20' title="bbox 143 2667 1313 2755; baseline 0.002 -24"><span class='ocrx_word' id='word_1_155' title='bbox 143 2668 224 2733; x_wconf 87' lang='lat' dir='ltr'><strong>Haec</strong></span> <span class='ocrx_word' id='word_1_156' title='bbox 246 2669 392 2755; x_wconf 85' lang='lat' dir='ltr'><strong>collegia,</strong></span> <span class='ocrx_word' id='word_1_157' title='bbox 410 2667 450 2734; x_wconf 91' lang='lat' dir='ltr'><strong>ob</strong></span> <span class='ocrx_word' id='word_1_158' title='bbox 465 2688 596 2754; x_wconf 90' lang='lat' dir='ltr'><strong>scopum</strong></span> <span class='ocrx_word' id='word_1_159' title='bbox 619 2667 678 2733; x_wconf 93' lang='lat' dir='ltr'><strong>sibi</strong></span> <span class='ocrx_word' id='word_1_160' title='bbox 702 2668 911 2753; x_wconf 79' lang='lat' dir='ltr'><strong>propositum,</strong></span> <span class='ocrx_word' id='word_1_161' title='bbox 936 2667 1105 2733; x_wconf 88' lang='lat' dir='ltr'><strong>subiacent</strong></span> <span class='ocrx_word' id='word_1_162' title='bbox 1127 2668 1180 2733; x_wconf 87' lang='lat' dir='ltr'><strong>uel</strong></span> <span class='ocrx_word' id='word_1_163' title='bbox 1203 2686 1226 2732; x_wconf 87' lang='lat' dir='ltr'><strong>a</strong></span> <span class='ocrx_word' id='word_1_164' title='bbox 1248 2685 1313 2733; x_wconf 81' lang='lat' dir='ltr'><strong>sua</strong></span> 
     </span>
     <span class='ocr_line' id='line_1_21' title="bbox 139 2790 1311 2878; baseline -0.001 -21"><span class='ocrx_word' id='word_1_165' title='bbox 139 2790 332 2871; x_wconf 70' lang='lat' dir='ltr'><strong>fundatione</strong></span> <span class='ocrx_word' id='word_1_166' title='bbox 364 2794 498 2878; x_wconf 90' lang='lat' dir='ltr'><strong>imperio</strong></span> <span class='ocrx_word' id='word_1_167' title='bbox 529 2800 561 2860; x_wconf 87' lang='lat' dir='ltr'><strong>et</strong></span> <span class='ocrx_word' id='word_1_168' title='bbox 593 2792 778 2859; x_wconf 86' lang='lat' dir='ltr'><strong>auctoritati</strong></span> <span class='ocrx_word' id='word_1_169' title='bbox 811 2792 842 2859; x_wconf 91' lang='lat' dir='ltr'><strong>S.</strong></span> <span class='ocrx_word' id='word_1_170' title='bbox 868 2792 967 2878; x_wconf 81' lang='lat' dir='ltr'><strong>Cong.</strong></span> <span class='ocrx_word' id='word_1_171' title='bbox 991 2792 1043 2858; x_wconf 87' lang='lat' dir='ltr'><strong>De</strong></span> <span class='ocrx_word' id='word_1_172' title='bbox 1073 2791 1311 2878; x_wconf 75' lang='lat' dir='ltr'><strong>Propapanaa</strong></span> 
     </span>
     <span class='ocr_line' id='line_1_22' title="bbox 144 2912 1313 3001; baseline 0.003 -24"><span class='ocrx_word' id='word_1_173' title='bbox 144 2914 237 2997; x_wconf 72' lang='lat' dir='ltr'><strong>lide,</strong></span> <span class='ocrx_word' id='word_1_174' title='bbox 259 2922 291 2981; x_wconf 91' lang='lat' dir='ltr'><strong>et</strong></span> <span class='ocrx_word' id='word_1_175' title='bbox 321 2917 399 2981; x_wconf 90' lang='lat' dir='ltr'><strong>hinc</strong></span> <span class='ocrx_word' id='word_1_176' title='bbox 430 2914 581 2981; x_wconf 90' lang='lat' dir='ltr'><strong>dicuutur</strong></span> <span class='ocrx_word' id='word_1_177' title='bbox 605 2913 741 3001; x_wconf 86' lang='lat' dir='ltr'><strong>collegia</strong></span> <span class='ocrx_word' id='word_1_178' title='bbox 764 2913 946 2999; x_wconf 78' lang='lat' dir='ltr'><strong>Pontificio</strong></span> <span class='ocrx_word' id='word_1_179' title='bbox 968 2912 1025 3000; x_wconf 85' lang='lat' dir='ltr'><strong>(l).</strong></span> <span class='ocrx_word' id='word_1_180' title='bbox 1050 2914 1185 2998; x_wconf 87' lang='lat' dir='ltr'><strong>Inquam</strong></span> <span class='ocrx_word' id='word_1_181' title='bbox 1213 2915 1266 2979; x_wconf 83' lang='lat' dir='ltr'><strong>vel</strong></span> <span class='ocrx_word' id='word_1_182' title='bbox 1290 2934 1313 2979; x_wconf 86' lang='lat' dir='ltr'><strong>a</strong></span> 
     </span>
     <span class='ocr_line' id='line_1_23' title="bbox 143 3038 1313 3126; baseline 0.001 -23"><span class='ocrx_word' id='word_1_183' title='bbox 143 3056 198 3103; x_wconf 71' lang='lat' dir='ltr'><strong>aaa</strong></span> <span class='ocrx_word' id='word_1_184' title='bbox 225 3039 443 3123; x_wconf 73' lang='lat' dir='ltr'><strong>fundatione,</strong></span> <span class='ocrx_word' id='word_1_185' title='bbox 468 3040 625 3126; x_wconf 89' lang='lat' dir='ltr'><strong>siquidem</strong></span> <span class='ocrx_word' id='word_1_186' title='bbox 648 3041 799 3107; x_wconf 88' lang='lat' dir='ltr'><strong>Urbanus</strong></span> <span class='ocrx_word' id='word_1_187' title='bbox 822 3042 908 3107; x_wconf 82' lang='lat' dir='ltr'>VIII</span> <span class='ocrx_word' id='word_1_188' title='bbox 932 3039 1089 3112; x_wconf 85' lang='lat' dir='ltr'><strong>decrevit,</strong></span> <span class='ocrx_word' id='word_1_189' title='bbox 1118 3039 1227 3105; x_wconf 83' lang='lat' dir='ltr'><strong>Const.</strong></span> <span class='ocrx_word' id='word_1_190' title='bbox 1263 3038 1313 3104; x_wconf 85' lang='lat' dir='ltr'><strong>Ne</strong></span> 
     </span>
     <span class='ocr_line' id='line_1_24' title="bbox 144 3164 1311 3242; baseline -0.001 -12"><span class='ocrx_word' id='word_1_191' title='bbox 144 3182 231 3240; x_wconf 81' lang='lat' dir='ltr'><strong>noua,</strong></span> <span class='ocrx_word' id='word_1_192' title='bbox 255 3166 309 3232; x_wconf 87' lang='lat' dir='ltr'><strong>die</strong></span> <span class='ocrx_word' id='word_1_193' title='bbox 332 3164 377 3232; x_wconf 89' lang='grc'><strong>13</strong></span> <span class='ocrx_word' id='word_1_194' title='bbox 399 3166 517 3234; x_wconf 84' lang='lat' dir='ltr'><strong>martii</strong></span> <span class='ocrx_word' id='word_1_195' title='bbox 541 3167 648 3242; x_wconf 84' lang='grc'>1640,</span> <span class='ocrx_word' id='word_1_196' title='bbox 677 3188 694 3229; x_wconf 69' lang='lat' dir='ltr'><strong>a</strong></span> <span class='ocrx_word' id='word_1_197' title='bbox 718 3166 938 3242; x_wconf 80' lang='lat' dir='ltr'><strong>monasteria,</strong></span> <span class='ocrx_word' id='word_1_198' title='bbox 963 3170 1156 3241; x_wconf 79' lang='lat' dir='ltr'><strong>concentus,</strong></span> <span class='ocrx_word' id='word_1_199' title='bbox 1181 3166 1311 3239; x_wconf 79' lang='lat' dir='ltr'><strong>doows,</strong></span> 
     </span>
     <span class='ocr_line' id='line_1_25' title="bbox 141 3288 1314 3377; baseline 0.002 -25"><span class='ocrx_word' id='word_1_200' title='bbox 141 3290 327 3364; x_wconf 64' lang='lat' dir='ltr'><strong>seminasse,</strong></span> <span class='ocrx_word' id='word_1_201' title='bbox 352 3290 503 3377; x_wconf 70' lang='lat' dir='ltr'><strong>collegia,</strong></span> <span class='ocrx_word' id='word_1_202' title='bbox 529 3290 674 3374; x_wconf 81' lang='lat' dir='ltr'><strong>hospitia</strong></span> <span class='ocrx_word' id='word_1_203' title='bbox 697 3310 758 3357; x_wconf 84' lang='lat' dir='ltr'><strong>seu</strong></span> <span class='ocrx_word' id='word_1_204' title='bbox 781 3291 936 3357; x_wconf 85' lang='lat' dir='ltr'><strong>oratoria</strong></span> <span class='ocrx_word' id='word_1_205' title='bbox 958 3288 1021 3356; x_wconf 80' lang='lat' dir='ltr'><strong>cub</strong></span> <span class='ocrx_word' id='word_1_206' title='bbox 1046 3289 1139 3355; x_wconf 84' lang='lat' dir='ltr'><strong>tituto</strong></span> <span class='ocrx_word' id='word_1_207' title='bbox 1164 3288 1206 3353; x_wconf 81' lang='lat' dir='ltr'><strong>cle</strong></span> <span class='ocrx_word' id='word_1_208' title='bbox 1229 3288 1314 3354; x_wconf 82' lang='lat' dir='ltr'><strong>Pro·</strong></span> 
     </span>
     <span class='ocr_line' id='line_1_26' title="bbox 140 3409 1314 3499; baseline 0 -26"><span class='ocrx_word' id='word_1_209' title='bbox 140 3412 295 3495; x_wconf 82' lang='lat' dir='ltr'><strong>popuoda</strong></span> <span class='ocrx_word' id='word_1_210' title='bbox 318 3412 442 3477; x_wconf 81' lang='lat' dir='ltr'><strong>Fide»</strong></span> <span class='ocrx_word' id='word_1_211' title='bbox 468 3430 533 3476; x_wconf 91' lang='lat' dir='ltr'><strong>non</strong></span> <span class='ocrx_word' id='word_1_212' title='bbox 565 3431 658 3497; x_wconf 86' lang='lat' dir='ltr'><strong>posse</strong></span> <span class='ocrx_word' id='word_1_213' title='bbox 688 3412 771 3499; x_wconf 87' lang='lat' dir='ltr'><strong>erigi</strong></span> <span class='ocrx_word' id='word_1_214' title='bbox 803 3416 860 3479; x_wconf 89' lang='lat' dir='ltr'><strong>ant</strong></span> <span class='ocrx_word' id='word_1_215' title='bbox 891 3412 1035 3478; x_wconf 89' lang='lat' dir='ltr'><strong>construi</strong></span> <span class='ocrx_word' id='word_1_216' title='bbox 1066 3410 1186 3494; x_wconf 89' lang='lat' dir='ltr'><strong>absque</strong></span> <span class='ocrx_word' id='word_1_217' title='bbox 1216 3409 1314 3474; x_wconf 81' lang='lat' dir='ltr'><strong>venia</strong></span> 
     </span>
     <span class='ocr_line' id='line_1_27' title="bbox 143 3532 393 3603; baseline 0.012 -5"><span class='ocrx_word' id='word_1_218' title='bbox 143 3532 269 3601; x_wconf 73' lang='lat' dir='ltr'><strong>Sanctam</strong></span> <span class='ocrx_word' id='word_1_219' title='bbox 291 3536 393 3603; x_wconf 90' lang='lat' dir='ltr'><strong>Sedis.</strong></span> 
     </span>
    </p>

    <p class='ocr_par' dir='ltr' id='par_1_4' title="bbox 141 3658 1314 3871">
     <span class='ocr_line' id='line_1_28' title="bbox 223 3658 1313 3746; baseline -0.002 -22"><span class='ocrx_word' id='word_1_220' title='bbox 223 3658 351 3725; x_wconf 86' lang='lat' dir='ltr'><strong>Alumni</strong></span> <span class='ocrx_word' id='word_1_221' title='bbox 387 3661 441 3745; x_wconf 92' lang='lat' dir='ltr'><strong>qui</strong></span> <span class='ocrx_word' id='word_1_222' title='bbox 472 3661 506 3724; x_wconf 92' lang='lat' dir='ltr'><strong>in</strong></span> <span class='ocrx_word' id='word_1_223' title='bbox 537 3660 621 3725; x_wconf 88' lang='lat' dir='ltr'><strong>haec</strong></span> <span class='ocrx_word' id='word_1_224' title='bbox 655 3660 792 3745; x_wconf 87' lang='lat' dir='ltr'><strong>collegia</strong></span> <span class='ocrx_word' id='word_1_225' title='bbox 826 3660 970 3746; x_wconf 82' lang='lat' dir='ltr'><strong>cooptari</strong></span> <span class='ocrx_word' id='word_1_226' title='bbox 1004 3658 1227 3745; x_wconf 83' lang='lat' dir='ltr'><strong>expostulant,</strong></span> <span class='ocrx_word' id='word_1_227' title='bbox 1260 3679 1313 3723; x_wconf 93' lang='lat' dir='ltr'><strong>so-</strong></span> 
     </span>
     <span class='ocr_line' id='line_1_29' title="bbox 141 3779 1314 3871; baseline 0.006 -28"><span class='ocrx_word' id='word_1_228' title='bbox 141 3779 233 3847; x_wconf 89' lang='lat' dir='ltr'><strong>lemni</strong></span> <span class='ocrx_word' id='word_1_229' title='bbox 261 3785 440 3851; x_wconf 89' lang='lat' dir='ltr'><strong>iuramento</strong></span> <span class='ocrx_word' id='word_1_230' title='bbox 471 3804 508 3849; x_wconf 84' lang='lat' dir='ltr'><strong>se</strong></span> <span class='ocrx_word' id='word_1_231' title='bbox 537 3783 698 3851; x_wconf 81' lang='lat' dir='ltr'><strong>devovent</strong></span> <span class='ocrx_word' id='word_1_232' title='bbox 728 3784 773 3871; x_wconf 81' lang='lat'><strong>(2)</strong></span> <span class='ocrx_word' id='word_1_233' title='bbox 805 3786 909 3851; x_wconf 88' lang='lat' dir='ltr'><strong>sacris</strong></span> <span class='ocrx_word' id='word_1_234' title='bbox 938 3783 1142 3850; x_wconf 89' lang='lat' dir='ltr'><strong>missionibus</strong></span> <span class='ocrx_word' id='word_1_235' title='bbox 1169 3786 1202 3850; x_wconf 92' lang='lat' dir='ltr'><strong>in</strong></span> <span class='ocrx_word' id='word_1_236' title='bbox 1233 3800 1314 3870; x_wconf 86' lang='lat' dir='ltr'><strong>per·</strong></span> 
     </span>
    </p>
   </div>
   <div class='ocr_carea' id='block_1_3' title="bbox 224 3973 1316 4065">
    <p class='ocr_par' dir='ltr' id='par_1_5' title="bbox 224 3973 1316 4065">
     <span class='ocr_line' id='line_1_30' title="bbox 224 3973 1316 4065; baseline 0.004 -18"><span class='ocrx_word' id='word_1_237' title='bbox 224 3995 263 4063; x_wconf 85' lang='grc'><strong>(1)</strong></span> <span class='ocrx_word' id='word_1_238' title='bbox 281 3996 434 4051; x_wconf 83' lang='lat' dir='ltr'><strong>Elsnchum</strong></span> <span class='ocrx_word' id='word_1_239' title='bbox 454 3998 552 4050; x_wconf 89' lang='lat' dir='ltr'><strong>horum</strong></span> <span class='ocrx_word' id='word_1_240' title='bbox 568 3973 749 4065; x_wconf 81' lang='lat' dir='ltr'><strong>collegiorum</strong></span> <span class='ocrx_word' id='word_1_241' title='bbox 764 3997 827 4052; x_wconf 88' lang='lat' dir='ltr'><strong>vide</strong></span> <span class='ocrx_word' id='word_1_242' title='bbox 840 3998 870 4051; x_wconf 90' lang='lat' dir='ltr'><strong>iu</strong></span> <span class='ocrx_word' id='word_1_243' title='bbox 882 3997 980 4053; x_wconf 89' lang='lat' dir='ltr'><strong>libello</strong></span> <span class='ocrx_word' id='word_1_244' title='bbox 992 3997 1141 4052; x_wconf 64' lang='lat' dir='ltr'><strong>Musiones</strong></span> <span class='ocrx_word' id='word_1_245' title='bbox 1156 3997 1316 4052; x_wconf 79' lang='lat' dir='ltr'><strong>Catholicae</strong></span> 
     </span>
    </p>
   </div>
   <div class='ocr_carea' id='block_1_4' title="bbox 143 4102 1317 4489">
    <p class='ocr_par' dir='ltr' id='par_1_6' title="bbox 143 4102 1314 4279">
     <span class='ocr_line' id='line_1_31' title="bbox 143 4102 1314 4177; baseline 0.002 -22"><span class='ocrx_word' id='word_1_246' title='bbox 143 4118 206 4155; x_wconf 83' lang='lat' dir='ltr'><strong>cura</strong></span> <span class='ocrx_word' id='word_1_247' title='bbox 231 4102 259 4155; x_wconf 84' lang='lat' dir='ltr'><strong>S.</strong></span> <span class='ocrx_word' id='word_1_248' title='bbox 283 4104 510 4176; x_wconf 69' lang='lat' dir='ltr'><strong>congregationis</strong></span> <span class='ocrx_word' id='word_1_249' title='bbox 538 4108 574 4159; x_wconf 82' lang='lat' dir='ltr'><strong>de</strong></span> <span class='ocrx_word' id='word_1_250' title='bbox 603 4106 793 4176; x_wconf 73' lang='lat' dir='ltr'><strong>Propagandu</strong></span> <span class='ocrx_word' id='word_1_251' title='bbox 821 4106 893 4160; x_wconf 77' lang='lat' dir='ltr'><strong>Fida</strong></span> <span class='ocrx_word' id='word_1_252' title='bbox 920 4106 1093 4177; x_wconf 79' lang='lat' dir='ltr'><strong>descriptae,</strong></span> <span class='ocrx_word' id='word_1_253' title='bbox 1118 4124 1192 4161; x_wconf 79' lang='lat' dir='ltr'><strong>cano</strong></span> <span class='ocrx_word' id='word_1_254' title='bbox 1219 4104 1314 4171; x_wconf 85' lang='lat'><strong>1898,</strong></span> 
     </span>
     <span class='ocr_line' id='line_1_32' title="bbox 146 4204 343 4279; baseline 0.015 -19"><span class='ocrx_word' id='word_1_255' title='bbox 146 4219 201 4274; x_wconf 77' lang='lat' dir='ltr'><strong>pag.</strong></span> <span class='ocrx_word' id='word_1_256' title='bbox 219 4204 272 4260; x_wconf 82' lang='lat'><strong>655</strong></span> <span class='ocrx_word' id='word_1_257' title='bbox 288 4225 343 4279; x_wconf 89' lang='lat' dir='ltr'><strong>saq.</strong></span> 
     </span>
    </p>

    <p class='ocr_par' dir='ltr' id='par_1_7' title="bbox 144 4314 1317 4489">
     <span class='ocr_line' id='line_1_33' title="bbox 225 4314 1314 4387; baseline 0.001 -20"><span class='ocrx_word' id='word_1_258' title='bbox 225 4316 263 4381; x_wconf 87' lang='lat'><strong>(2)</strong></span> <span class='ocrx_word' id='word_1_259' title='bbox 281 4315 460 4387; x_wconf 55' lang='lat' dir='ltr'><strong>Iuvenequui</strong></span> <span class='ocrx_word' id='word_1_260' title='bbox 480 4316 509 4369; x_wconf 90' lang='lat' dir='ltr'><strong>in</strong></span> <span class='ocrx_word' id='word_1_261' title='bbox 528 4314 648 4386; x_wconf 83' lang='lat' dir='ltr'><strong>collegio</strong></span> <span class='ocrx_word' id='word_1_262' title='bbox 666 4315 726 4369; x_wconf 81' lang='lat' dir='ltr'><strong>sive</strong></span> <span class='ocrx_word' id='word_1_263' title='bbox 744 4314 889 4370; x_wconf 78' lang='lat' dir='ltr'><strong>saeculari</strong></span> <span class='ocrx_word' id='word_1_264' title='bbox 905 4315 965 4370; x_wconf 85' lang='lat' dir='ltr'><strong>sive</strong></span> <span class='ocrx_word' id='word_1_265' title='bbox 983 4316 1116 4385; x_wconf 78' lang='lat' dir='ltr'><strong>reputari</strong></span> <span class='ocrx_word' id='word_1_266' title='bbox 1138 4316 1226 4371; x_wconf 86' lang='lat' dir='ltr'><strong>sacris</strong></span> <span class='ocrx_word' id='word_1_267' title='bbox 1246 4314 1314 4369; x_wconf 87' lang='lat' dir='ltr'><strong>mis·</strong></span> 
     </span>
     <span class='ocr_line' id='line_1_34' title="bbox 144 4416 1317 4489; baseline 0.007 -20"><span class='ocrx_word' id='word_1_268' title='bbox 144 4416 260 4475; x_wconf 85' lang='lat' dir='ltr'><strong>sionibus</strong></span> <span class='ocrx_word' id='word_1_269' title='bbox 278 4438 307 4477; x_wconf 83' lang='lat' dir='ltr'><strong>ss</strong></span> <span class='ocrx_word' id='word_1_270' title='bbox 324 4422 467 4489; x_wconf 85' lang='lat' dir='ltr'><strong>dedicant,</strong></span> <span class='ocrx_word' id='word_1_271' title='bbox 486 4422 650 4477; x_wconf 83' lang='lat' dir='ltr'><strong>ordinantur</strong></span> <span class='ocrx_word' id='word_1_272' title='bbox 676 4423 755 4477; x_wconf 81' lang='lat' dir='ltr'><strong>titulo</strong></span> <span class='ocrx_word' id='word_1_273' title='bbox 777 4423 948 4477; x_wconf 68' lang='lat' dir='ltr'><strong>mimicorum</strong></span> <span class='ocrx_word' id='word_1_274' title='bbox 969 4421 1041 4477; x_wconf 90' lang='lat' dir='ltr'><strong>Hinc</strong></span> <span class='ocrx_word' id='word_1_275' title='bbox 1059 4422 1089 4477; x_wconf 90' lang='lat' dir='ltr'><strong>in</strong></span> <span class='ocrx_word' id='word_1_276' title='bbox 1107 4422 1238 4478; x_wconf 86' lang='lat' dir='ltr'><strong>Instruct.</strong></span> <span class='ocrx_word' id='word_1_277' title='bbox 1258 4422 1317 4479; x_wconf 66' lang='lat' dir='ltr'><strong>otei</strong></span> 
     </span>
    </p>
   </div>
   <div class='ocr_carea' id='block_1_5' title="bbox 0 0 1650 5109">
    <p class='ocr_par' dir='ltr' id='par_1_8' title="bbox 0 0 1650 5109">
     <span class='ocr_line' id='line_1_35' title="bbox 0 0 1650 5109; baseline 0 1"><span class='ocrx_word' id='word_1_278' title='bbox 0 0 1650 5109; x_wconf 95' lang='lat' dir='ltr'><strong> </strong></span> 
     </span>
    </p>
   </div>
  </div>
 </body>
</html>
