3292 5109
312 258 379 324 462
832 280 915 327 vens
940 280 976 326 11.

400 400 530 465 Revera
553 400 585 467 S.
611 400 696 467 Rota
719 400 866 467 &mann
888 401 926 467 in
948 402 1188 485 Pompiloncn.
1216 438 1233 450 -
1259 403 1353 469 Iuris
1379 402 1496 470 nomi·

309 527 419 593 nandi
443 528 615 594 Vicorium
632 528 724 594 -die
746 528 789 593 17
813 529 890 593 lun.
906 528 994 592 1647
1017 548 1051 591 n.
1070 528 1113 593 to
1135 548 1252 595 coram
1269 526 1492 615 Peutinpero,

310 652 419 726 edixit,
439 673 511 719 non
533 652 667 719 incurri
683 653 907 721 caducitotem
931 672 953 719 a
976 654 1052 719 iure
1071 660 1278 737 potronatus
1300 654 1370 720 nisi
1387 672 1495 738 prae·

308 778 445 844 cedente
459 778 689 845 declaratione
701 799 743 845 oc
754 776 930 858 scatendi,
943 796 1032 863 quae
1044 778 1082 843 in
1094 796 1169 843 ram
1181 776 1279 844 obeat
1291 778 1491 853 iudicatam,

307 908 493 986 antequam
516 902 558 967 de
577 901 789 983 possessione
812 901 889 985 quis
912 901 1080 967 elicimur.

398 1026 430 1091 S.
448 1024 547 1109 Cong.
565 1024 699 1089 Concilii
722 1025 755 1087 in
778 1024 969 1089 Fauentino
993 1060 1012 1073 ··
1030 1024 1151 1111 Lepati
1167 1062 1184 1074 -
1203 1025 1258 1091 die
1276 1026 1316 1091 17
1332 1025 1490 1093 Decemb.

306 1146 409 1219 1825,
434 1146 474 1212 de
497 1147 618 1211 clerico
641 1148 696 1231 qui
718 1148 809 1213 iuxta
833 1152 1042 1233 praeceptum
1074 1150 1239 1215 testatoris
1261 1148 1302 1215 ad
1326 1149 1491 1215 Sacerdo-

306 1272 387 1335 tium
411 1291 475 1335 nnn
498 1271 603 1335 solum
626 1290 688 1335 non
713 1270 859 1336 ascendit
877 1270 932 1335 sed
950 1272 1012 1335 imo
1029 1272 1245 1357 quadraginta
1264 1293 1365 1338 annos
1381 1280 1488 1347 natus,

306 1395 451 1459 habitum
474 1412 600 1478 quoque
623 1394 809 1460 clericalem
833 1394 959 1467 dimisit,
987 1398 1165 1482 rescripsit,
1190 1396 1292 1463 astum
1315 1396 1489 1479 patrimo-

305 1520 403 1584 nium
416 1540 486 1585 non
497 1520 651 1586 amisisse
664 1520 724 1587 sed
734 1520 998 1606 praeptpendum
1011 1540 1081 1587 esse
1096 1521 1278 1587 terminum
1290 1526 1329 1586 ut
1343 1520 1489 1607 Ordines

307 1642 432 1711 Sacros
453 1645 616 1727 suscipiat
637 1646 689 1711 oet
712 1645 963 1729 patrimonium
980 1646 1137 1711 dimittat.
1156 1680 1173 1694 -
1193 1646 1324 1711 Pariter
1340 1646 1372 1710 in
1389 1645 1487 1711 simili

305 1790 383 1835 casu
406 1769 490 1834 idem
513 1770 679 1856 respondit
695 1770 726 1835 S.
741 1770 851 1855 Cong,
877 1772 1040 1855 proposito
1065 1771 1150 1835 enirn
1171 1768 1266 1835 dubio
1283 1805 1300 1819 -
1320 1772 1361 1835 ll.
1374 1770 1432 1835 An
1457 1776 1488 1836 et

304 1895 364 1981 qui
388 1895 552 1961 lominus
575 1900 606 1960 et
629 1895 798 1979 quomodo
821 1897 866 1963 sit
883 1894 1127 1981 praeficiendus
1157 1894 1289 1961 Tiberio
1306 1894 1487 1961 Molteocci

307 2024 344 2083 ut
367 2018 502 2084 incedat
516 2018 552 2083 in
569 2018 683 2085 babitu
707 2024 738 2084 et
761 2024 904 2086 tonsura
927 2019 963 2083 in
987 2037 1069 2085 casu
1086 2053 1104 2067 -
1123 2019 1304 2103 rescripsit:
1331 2016 1421 2083 «nd
1445 2016 1484 2084 ll

302 2138 528 2221 affirmabam
551 2145 581 2203 et
601 2142 817 2224 praefipatur
840 2137 883 2203 ab
908 2128 1170 2220 Arcbiepisccpo
1195 2136 1362 2202 terminus
1378 2136 1483 2202 trium

271 2328 274 2334 .
303 2265 471 2329 mensium
486 2265 556 2329 siae
571 2264 618 2329 od
632 2262 938 2345 reassumptionem
955 2261 1087 2329 babitus
1108 2261 1274 2329 clericalis
1290 2260 1360 2325 siae
1373 2260 1420 2325 ad
1434 2260 1482 2325 di-

302 2387 518 2470 mittendum·
535 2422 552 2435 -
569 2388 606 2452 in
623 2388 808 2470 Spoletana
826 2385 1054 2469 Capelianus,
1079 2386 1134 2451 dic
1157 2384 1182 2451 3
1205 2384 1357 2453 Decemb.
1379 2382 1480 2449 1842.

393 2517 571 2579 Praeterea
594 2514 705 2579 eadem
730 2513 760 2579 S.
786 2514 1001 2599 congregatio
1026 2515 1058 2576 iu
1083 2511 1250 2577 Narnien.
1274 2548 1292 2561 -
1318 2512 1436 2599 Lepati
1462 2546 1480 2559 -

301 2638 358 2703 dic
375 2640 396 2702 9
413 2638 500 2703 Maii
515 2637 615 2711 1840,
633 2639 779 2719 quamvis
793 2642 931 2702 testator
946 2636 1114 2701 indixisset
1130 2637 1233 2723 lopati
1248 2636 1480 2719 privationem

302 2761 328 2824 si
352 2759 528 2845 legatarius
543 2760 666 2845 pluries
682 2760 924 2846 implementum
941 2779 1076 2823 onerum
1096 2760 1268 2833 omitteret,
1286 2764 1318 2824 et
1340 2758 1427 2838 hinc,
1445 2758 1479 2821 in

301 2905 341 2949 eo
365 2905 451 2960 casu,
475 2906 596 2950 vacare
619 2886 772 2971 legatum,
799 2891 913 2952 tamen
936 2886 1110 2971 deficiente
1132 2886 1317 2952 monitione
1340 2886 1477 2959 censuit,

301 3011 335 3075 S.
354 3008 463 3095 Gong,
480 3011 577 3076 illum
600 3010 638 3075 in
660 3010 884 3076 caducitatem
899 3030 974 3077 non
989 3010 1156 3085 incidisse,
1174 3030 1217 3075 ex
1233 3030 1270 3076 eo
1287 3009 1372 3095 quod
1387 3028 1481 3095 prae

303 3134 362 3200 lati
384 3136 547 3200 testatoris
570 3136 676 3221 legem
700 3156 765 3201 non
788 3136 981 3221 impleverit.

391 3258 466 3323 359.
493 3259 530 3321 ln
553 3259 671 3343 spacia
695 3258 736 3323 ad
759 3258 948 3323 divisionem
976 3278 1033 3323 seu
1056 3258 1390 3324 (denumerationem
1421 3256 1481 3321 de-

300 3382 494 3447 veniendum
517 3401 582 3445 non
605 3387 663 3462 est,
688 3383 749 3446 nisi
771 3381 943 3449 admonitis
967 3387 999 3446 et
1021 3383 1127 3447 citatis
1153 3381 1193 3445 ad
1219 3380 1479 3465 respondendum

299 3507 338 3571 iis
353 3506 509 3580 omnibus,
523 3526 660 3590 quorum
676 3506 818 3571 interest.
837 3506 941 3580 Quum
959 3507 1042 3570 enirn
1060 3507 1091 3569 in
1108 3524 1231 3591 genere
1246 3502 1479 3571 beneficiorum

299 3629 472 3695 divisiones
506 3628 739 3714 reprobentur,
773 3649 847 3712 cap.
879 3628 1085 3703 Maioribus,
1117 3628 1159 3694 de
1188 3627 1402 3693 Praebendis
1433 3628 1480 3703 X,

300 3752 373 3839 (Ill,
398 3753 431 3838 5)
455 3754 570 3839 quippe
594 3753 815 3818 secumferunt
839 3752 1007 3837 quamdam
1031 3753 1148 3817 iurium
1164 3752 1332 3817 Ecclesiae
1351 3752 1481 3817 aliena-

297 3883 418 3948 tionem
449 3887 482 3946 et
512 3880 768 3946 deturbationem
791 3881 911 3945 iurium
934 3880 1169 3965 quaesitorum,
1198 3898 1263 3943 noa
1292 3884 1365 3943 sunt
1395 3880 1480 3946 istae

298 4004 523 4070 decernendae
546 4005 607 4069 nisi
630 4005 720 4069 clare
744 4008 869 4068 constet
893 4002 933 4067 de
953 4003 1289 4085 Ecclesiaeutilitate.
1308 4002 1399 4077 Quae
1423 4024 1481 4070 res

296 4129 454 4215 probetur
477 4130 582 4193 citatis
605 4127 645 4192 ad
669 4126 927 4212 respondendum
951 4127 989 4191 iis
1011 4125 1166 4200 omnibus,
1192 4128 1245 4211 qui
1270 4147 1381 4192 rerum
1397 4147 1479 4192 con-

296 4252 449 4318 ditionem
472 4250 642 4337 perspicue
673 4251 791 4317 dooere
813 4250 934 4317 valent.
960 4286 978 4299 ·
1004 4252 1091 4315 Hinc
1121 4250 1313 4316 decernitur
1343 4250 1478 4332 divisio,

295 4379 379 4443 iusta
403 4382 540 4464 urgente
571 4398 669 4443 causa
692 4382 724 4443 et
747 4374 897 4442 adhibitis
927 4376 1180 4442 solemnitatibus
1212 4378 1246 4441 in
1278 4376 1478 4442 alienatione
