3292 5109
499 313 543 360 DE
566 313 706 361 molens
729 314 996 364 nocuasmsnlcls
1286 295 1353 361 409

168 459 230 504 sua
252 438 392 505 dioecesi
415 437 551 504 iudicem
575 440 742 505 constituit
765 439 947 527 delegatum
971 459 1030 526 pro
1054 439 1237 504 executioni
1260 457 1350 503 man·

169 561 277 627 danda
304 561 444 628 iudiciali
460 562 638 640 sententia;
662 563 715 628 vel
731 581 829 648 quum
845 564 1113 649 Metropolitanus
1128 563 1260 628 mandat
1282 562 1353 629 Sui·

171 684 330 770 fraganeo
353 686 577 751 executionem
600 688 781 753 sententiae
803 687 984 773 appellatae
1008 706 1104 771 quam
1126 687 1194 771 ipse
1211 685 1263 749 vel
1280 704 1354 749 con·

171 805 313 877 firmavit
334 809 388 875 vel
411 811 567 875 correxit.
593 846 611 859 ·
635 807 826 877 Differentia
850 812 935 876 inter
958 810 1163 876 mandatum
1186 814 1217 875 et
1239 808 1351 895 requi·

169 933 327 1002 titionem
343 936 376 999 in
398 936 462 1000 hoc
476 937 650 1022 praecipue
674 937 829 1010 consistit.
845 935 997 1001 videlicet
1012 935 1218 1001 mandatum
1234 932 1352 1000 nedum

171 1058 364 1143 delegatam
386 1060 639 1127 iurisdictionem
662 1060 720 1127 sed
743 1062 874 1128 iussum
894 1062 1052 1137 contiuet;
1078 1060 1163 1125 unde
1187 1059 1354 1146 delegatus

172 1187 330 1247 executor
352 1184 443 1267 sequi
466 1181 560 1249 debet
582 1201 648 1247 non
663 1186 788 1249 tantum
804 1183 926 1249 limites
941 1182 1151 1270 delegationis
1177 1182 1232 1249 sed
1255 1186 1353 1250 etiam

172 1306 380 1375 conditiones
395 1328 453 1375 seu
468 1307 595 1373 modum
610 1310 737 1395 imperii
754 1329 811 1374 seu
828 1310 949 1384 iussus;
968 1313 1079 1395 utputa
1092 1309 1199 1394 quoad
1214 1314 1352 1397 tempus,

172 1432 277 1517 quoad
298 1433 415 1507 locum,
441 1432 546 1517 quoad
569 1431 696 1498 modum
720 1433 903 1519 explendae
926 1433 1147 1518 delegationis.

263 1557 397 1621 Demum
420 1557 552 1623 litterae
573 1555 841 1642 requisitorielec
865 1556 933 1621 sive
956 1554 1123 1623 mandata
1145 1560 1288 1642 possunt,
1305 1576 1355 1623 re·

172 1682 327 1766 spective‚
351 1681 558 1766 expostulare
588 1686 645 1747 aut
673 1680 786 1747 iubere
809 1686 846 1747 ut
867 1680 1022 1767 procedat
1051 1681 1149 1747 iudex
1173 1684 1240 1768 ipse
1267 1682 1355 1748 ordi-

172 1808 284 1873 narius
307 1806 359 1871 vel
383 1808 490 1894 potius
512 1812 548 1875 ut
569 1807 652 1875 alins
675 1807 814 1873 inferior
836 1808 1050 1873 constituatur
1066 1806 1164 1872 iudex
1188 1808 1354 1894 delegatus

172 1952 232 1999 seu
247 1939 405 2001 executor
421 1933 644 2007 decretorum,
661 1952 744 2017 quae
767 1932 854 1999 edita
876 1937 987 1998 sunta
1002 1934 1092 1999 curia
1117 1934 1253 1999 alterius
1272 1934 1357 2001 dioe-

174 2058 266 2123 cesis.
292 2094 309 2105 -
334 2058 378 2124 Et
401 2059 434 2122 in
457 2058 520 2123 hoc
536 2058 633 2122 etiam
652 2056 764 2122 sedulo
788 2055 985 2125 attendenda
1001 2060 1050 2123 est
1066 2054 1247 2124 differentia
1269 2061 1357 2125 inter

173 2180 302 2245 litteras
322 2180 590 2265 requisitoriales
613 2184 647 2244 et
668 2179 883 2245 mandatum.
907 2180 988 2244 Nam
1014 2179 1208 2247 Ordinarius
1238 2179 1356 2265 requi·

172 2304 256 2371 situs
272 2324 337 2370 non
360 2309 491 2369 tenetur
512 2324 632 2389 parere
655 2304 857 2388 requisitioni
881 2304 906 2368 si
931 2323 996 2367 non
1019 2304 1103 2369 adsit
1123 2305 1299 2369 necessitas
1316 2302 1356 2369 de

175 2449 239 2515 qua
259 2430 402 2513 loquitur
425 2428 627 2495 clementina
650 2428 704 2494 eit.
728 2429 779 2494 De
807 2425 886 2510 foro
918 2433 1058 2511 compet.
1084 2428 1137 2493 vel
1168 2429 1193 2492 si
1225 2427 1356 2493 aliunde

174 2574 240 2619 non
264 2558 380 2640 urgeat
403 2573 496 2619 casus
519 2552 705 2637 praestandi
735 2552 926 2619 subsidium
957 2550 1044 2617 iuris
1067 2570 1124 2616 seu
1154 2550 1310 2617 iustitiae.
1337 2586 1354 2601 -

174 2680 312 2755 Quinam
335 2680 377 2743 sit
405 2679 466 2745 iste
489 2698 606 2760 casus,
630 2679 679 2744 ius
702 2677 874 2763 positivum
906 2697 971 2742 non
1000 2678 1164 2742 constituit
1196 2676 1355 2759 tumulive,

174 2804 231 2870 sed
254 2802 526 2877 demonstrative,
543 2820 644 2887 quare
666 2800 878 2866 determinari
895 2800 990 2865 debet
1006 2820 1065 2885 pro
1088 2798 1224 2864 arbitrio
1244 2799 1357 2865 iudicis

174 2930 352 3017 prudentis,
376 2928 467 2994 cuius
493 2930 635 3013 potestas
658 2928 763 2991 estin
788 2924 1059 3010 aedificationem
1084 2944 1148 2988 non
1173 2926 1206 2987 in
1230 2925 1357 2991 destru-

175 3055 330 3123 ctionem.
347 3052 386 3115 ln
409 3069 487 3115 casu
502 3053 656 3115 concreto
680 3052 788 3113 autem
811 3048 839 3112 si
863 3046 960 3111 iudex
981 3046 1163 3129 requirens,
1180 3045 1358 3111 arbitretur
1420 3051 1423 3057 '

176 3180 342 3266 illegitime
358 3177 496 3241 iudicem
512 3174 699 3259 requisitum
715 3172 892 3257 denegasse
909 3170 1083 3237 subsidium
1104 3172 1252 3244 iustitiae,
1270 3175 1359 3256 patet

176 3323 330 3370 recursus
352 3301 393 3365 ad
416 3300 553 3365 iudicem
571 3299 777 3385 Superiorem
794 3317 910 3382 nempe
934 3296 986 3360 vel
1010 3294 1051 3359 ad
1071 3295 1358 3380 Metropolitanum

177 3427 291 3493 iudicis
314 3425 459 3510 requisiti
483 3425 537 3489 rel
558 3422 600 3489 ad
623 3421 815 3508 Supremum
840 3418 1042 3485 Pontificem.
1076 3418 1118 3485 Et
1141 3418 1212 3481 iure
1235 3437 1297 3501 quo
1321 3439 1358 3481 u-

176 3556 275 3618 timur
295 3553 395 3619 tutius
418 3555 469 3617 est
490 3570 549 3635 pro
569 3547 728 3613 hodierna
751 3546 857 3633 praxi,
882 3565 1050 3611 recursum
1076 3544 1198 3609 habere
1215 3542 1255 3606 ad
1273 3544 1358 3607 Pon·

176 3675 295 3743 tificem
318 3678 394 3762 quia
416 3674 547 3741 dubium
568 3673 693 3738 moveri
716 3676 825 3758 posset
847 3691 888 3735 an
909 3668 1177 3755 Metropolitanus
1201 3674 1359 3753 potestate

176 3802 298 3887 polleat
320 3801 354 3864 in
385 3794 613 3883 Suffraganeos
636 3802 672 3862 ut
694 3795 755 3861 hos
782 3797 899 3879 urgeat
926 3791 965 3858 ad
997 3792 1225 3878 praestandum
1257 3790 1359 3856 subsi-

44 3948 48 3957 ’
176 3920 263 3987 dium
287 3923 377 3987 iuris.
403 3957 421 3970 -
446 3918 477 3984 Ε
499 3923 613 3986 contra
635 3918 841 3983 mandatum
865 3936 929 3979 non
953 3919 1058 4001 potest
1082 3914 1192 3999 sperni
1216 3933 1236 3977 a
1256 3911 1360 3977 iudice

176 4045 335 4111 inferiore
357 4044 419 4109 nisi
442 4043 570 4108 notorie
599 4046 724 4130 pateat,
748 4042 869 4106 iussum
894 4056 964 4104 esse
988 4038 1189 4123 illegitimum
1222 4055 1280 4101 seu
1308 4034 1361 4100 de·

177 4169 321 4237 stitutum
351 4166 486 4233 iuridico
519 4163 748 4238 fundamento,
780 4167 838 4228 aut
864 4180 936 4227 esse
970 4159 1092 4226 nullum
1125 4158 1165 4225 ob
1197 4157 1361 4223 defectum

178 4294 412 4377 competentiae
435 4291 467 4354 in
492 4288 596 4355 iudice
619 4288 674 4373 qui
696 4286 866 4352 decretum
889 4282 998 4349 edidit.
1025 4319 1043 4332 ·
1068 4283 1198 4369 Species
1223 4301 1287 4347 non
1310 4300 1361 4347 re·

177 4414 369 4500 quisitioaic
391 4410 448 4478 sed
468 4410 625 4477 mandeti
641 4414 690 4475 est
712 4407 885 4495 postulatio
910 4404 1040 4471 brachii
1063 4403 1260 4479 saecularis,
1278 4402 1363 4487 quod
