3292 5109
491 286 537 343 on
559 298 699 347 murone
720 301 985 351 soonnsnsrmrs
1273 288 1338 355 423

248 417 300 483 nd
316 420 542 485 instantiarum
560 424 714 488 terminos
730 424 812 507 quod
829 428 952 495 attinet.
966 431 1248 496 commemoranda
1262 418 1339 497 sunt

160 542 244 607 haec
268 546 389 610 monita
415 547 539 613 Concit.
571 548 676 623 Tria,
701 549 787 616 Scss.
811 550 872 625 25,
898 572 972 636 cup.
997 556 1050 633 10,
1074 553 1127 621 Dc
1149 556 1214 639 ref.
1242 556 1338 622 «Ad-

161 678 272 737 monet
294 670 369 738 dein
386 674 418 738 S.
436 674 584 759 Synodus
607 682 672 741 tam
697 678 878 744 ordinarios
902 700 996 764 quam
1019 682 1099 746 alios
1122 702 1339 769 quoscumque

161 795 301 869 iudices,
326 802 361 862 ut
384 799 595 865 terminandis
618 804 724 867 causis
748 809 867 886 quanta
891 802 961 869 lieri
988 805 1148 873 brevitate
1172 808 1337 881 studeant,

162 938 202 983 ac
224 920 424 1004 litigatorum
447 921 571 988 artibus
594 943 650 988 seu
674 926 707 987 in
731 925 796 990 litis
819 930 1052 993 contestatione
1079 949 1136 994 seu
1158 931 1222 995 alia
1245 935 1339 1015 parte

166 1046 274 1110 iudicii
298 1044 485 1119 differenda,
511 1048 657 1113 omnibus
684 1050 785 1116 modis
807 1056 864 1115 aut
894 1056 1023 1117 termini
1054 1053 1253 1139 praefixione
1284 1062 1340 1122 aut

161 1173 356 1256 competenti
378 1172 444 1237 alia
468 1175 593 1238 ratione
615 1181 839 1241 occurrant».

250 1298 325 1362 330.
352 1298 476 1363 Verum
500 1301 640 1365 maxime
655 1307 799 1385 praestat
812 1301 985 1369 advertere
1002 1306 1063 1369 hoc
1084 1304 1257 1371 biennium
1273 1326 1338 1371 non

160 1439 232 1484 esse
255 1421 451 1488 comiuuum
467 1423 524 1487 sed
542 1423 633 1505 utile,
649 1429 766 1511 quippe
781 1446 846 1491 non
863 1431 967 1493 currit
982 1430 1007 1493 si
1023 1429 1224 1514 Episcopalis
1245 1432 1337 1495 curia

162 1549 285 1632 probet,
298 1549 392 1615 intra
416 1550 590 1616 biennium
613 1554 796 1617 instantiam
813 1554 934 1620 absolvi
959 1556 1045 1621 haud
1061 1558 1210 1641 potuisse.
1230 1592 1248 1605 -
1268 1558 1339 1621 Pax

163 1673 331 1744 londanus,
348 1674 641 1757 Etucubrotioncs‚
658 1678 708 1743 De
731 1698 770 1744 re
792 1679 873 1748 iud„
893 1683 938 1746 tit.
956 1682 981 1753 1,
999 1703 1031 1746 n.
1049 1682 1100 1747 28
1122 1681 1204 1747 haec
1228 1683 1337 1747 docet:

165 1799 356 1864 «Procedit
378 1805 485 1863 autem
508 1800 572 1864 iam
595 1799 680 1865 dicta
704 1802 838 1867 Concilii
861 1803 1024 1888 dispositio
1056 1804 1181 1887 quando
1205 1810 1340 1889 propter

163 1924 394 2009 negligentiam
420 1927 516 2011 ipsius
532 1926 699 1993 Ordinarii
724 1946 840 1993 causae
862 1929 950 1991 intra
973 1928 1004 1992 id
1024 1932 1149 2013 tempus
1165 1948 1228 1995 nou
1245 1949 1340 2013 expe-

162 2050 296 2113 diuntur
318 2050 361 2115 de
385 2070 448 2133 qua
472 2052 670 2136 negligentia
694 2056 844 2116 constare
867 2057 1003 2137 oportet,
1020 2058 1053 2117 et
1072 2052 1111 2117 ob
1135 2052 1167 2117 id
1189 2060 1340 2139 perires

163 2174 252 2239 vices
275 2179 388 2258 aperte
412 2175 625 2258 requirendus
648 2182 697 2241 est
728 2176 768 2241 de
797 2177 1001 2261 expeditione
1026 2180 1059 2241 et
1088 2176 1128 2241 de
1158 2176 1339 2243 huiusmodi

164 2300 374 2382 requisitione
398 2295 575 2363 docendum
600 2300 656 2385 (l).
682 2301 773 2375 Quod
803 2304 829 2365 si
866 2307 998 2386 propter
1029 2302 1258 2386 negligentiam
1286 2302 1338 2365 vel

164 2425 317 2489 malitiam
342 2426 481 2509 partium
504 2427 573 2491 sive
590 2427 779 2494 alterutrius
795 2435 851 2492 aut
866 2433 998 2513 propter
1015 2447 1130 2492 causae
1146 2429 1339 2513 gravitatem

162 2551 327 2635 contingat
349 2570 414 2615 non
438 2551 594 2636 expediri,
619 2558 725 2617 cessat
748 2552 934 2625 Concilium,
960 2555 1004 2617 ita
1028 2552 1126 2638 Cong.
1149 2553 1268 2617 Concil.
1293 2552 1340 2617 ad

163 2676 278 2756 ipsum
313 2680 423 2758 caput.
453 2676 603 2747 Barbosa,
628 2676 735 2762 Attep.
762 2676 812 2751 81,
838 2698 871 2743 n.
898 2678 941 2761 9,·
964 2678 1082 2743 Franc.
1101 2677 1165 2741 Leo
1187 2677 1224 2741 iu
1254 2676 1339 2741 Tbe-

163 2818 257 2865 suur.
278 2806 371 2883 part.
396 2800 430 2874 2,
455 2821 482 2867 c.
506 2800 532 2879 f.
556 2822 590 2866 u.
618 2801 674 2872 72,
700 2802 783 2885 quod
808 2804 840 2865 in
864 2804 962 2885 antiq.
980 2808 1029 2867 est
1052 2822 1125 2885 cup.
1151 2802 1215 2884 10;
1243 2802 1340 2887 Aloy·

163 2924 230 2988 sius
253 2923 355 2995 Ricci,
379 2924 417 2988 in
435 2924 546 3007 praui
569 2944 677 2990 aurea
700 2927 798 2991 resot.
823 2924 897 3015 334
920 2944 942 2989 a
963 2926 1096 3007 pranc.,·
1120 2924 1280 2989 biarches.
1306 2929 1340 2991 et

163 3048 218 3112 alii
243 3054 275 3113 et
298 3050 344 3113 ita
366 3049 554 3114 habebimus
572 3051 677 3132 prim.
703 3050 773 3115 tim.
794 3051 953 3134 praeced.
972 3069 1040 3135 rep.
1066 3050 1105 3114 de
1128 3049 1339 3115 terminandis

164 3175 270 3239 causis
293 3176 380 3239 intra
401 3174 576 3239 biennium.
602 3176 668 3239 Nec
699 3173 817 3239 sufficit
848 3174 887 3239 ad
920 3173 1175 3239 convincendum
1200 3172 1340 3239 Ordina-

163 3296 247 3359 rium
270 3296 310 3360 de
333 3296 531 3381 negligentia
546 3316 699 3360 recursus
714 3295 756 3359 ad
771 3296 979 3380 Superiorem
995 3316 1055 3380 per
1070 3296 1153 3358 viam
1176 3294 1339 3378 querelae,

163 3423 238 3505 quia
262 3423 416 3506 Superior
439 3421 535 3488 debet
556 3423 728 3486 terminum
753 3421 891 3505 aliquem
909 3425 1143 3506 competentem
1159 3417 1340 3504 praefigere

163 3546 311 3610 inferiori
336 3548 511 3633 negligenti
534 3552 567 3612 et
591 3548 651 3612 nisi
675 3567 713 3610 eo
738 3546 866 3632 elapso,
891 3566 1020 3611 causam
1051 3564 1115 3610 non
1143 3544 1238 3609 debet
1267 3564 1341 3608 avo-

253 3790 292 3860 (l)
312 3789 402 3851 Quare
418 3796 510 3860 partes
530 3796 561 3845 ut
579 3790 612 3844 de
631 3790 805 3859 negligentia
823 3789 941 3843 iudicem
960 3804 1091 3842 accrrsare
1104 3786 1217 3841 valeant
1230 3785 1263 3839 ad
1276 3786 1341 3839 etie-

163 3904 240 3953 ctum
267 3898 449 3953 transferendi
474 3898 637 3952 instantiam
655 3898 689 3951 ad
709 3898 828 3951 iudicem
853 3898 1033 3966 superiorem,
1051 3896 1154 3950 debent
1176 3895 1292 3964 probare
1311 3910 1340 3946 se

161 4024 217 4061 non
237 4006 322 4061 semei
342 4008 460 4061 instasse
480 4011 511 4060 ut
529 4023 613 4060 carisa
631 4006 832 4073 absolveretur,
851 4006 884 4061 de
903 4007 1003 4076 quibus
1022 4005 1204 4075 petitionibus
1223 4020 1259 4058 eu
1271 4006 1340 4058 actis

162 4112 207 4165 vel
222 4130 279 4181 per
296 4122 379 4165 testes
397 4116 524 4166 constare
537 4112 626 4165 debet
641 4111 693 4165 Sed
710 4111 765 4165 dixi
779 4128 835 4163 raon
847 4110 945 4175 semet,
957 4110 1022 4181 quia
1035 4125 1090 4163 non
1102 4109 1219 4163 dixerim
1237 4109 1340 4161 trinam

160 4220 271 4289 requiri
289 4219 451 4287 petitionem
470 4218 517 4272 sed
537 4224 604 4287 puto
626 4218 709 4272 facile
728 4218 853 4273 sufficere
874 4236 955 4272 tinam
976 4217 1019 4271 rel
1039 4216 1158 4271 alteram
1183 4216 1273 4269 trinua
1295 4230 1341 4268 ae·

161 4325 372 4395 quipollentem‚
392 4341 426 4380 ex
444 4324 525 4378 modo
544 4328 581 4379 et.
592 4324 729 4379 adiunctis
748 4326 849 4395 quibus
867 4325 1009 4395 proposita
1031 4325 1086 4377 fuit
1110 4323 1219 4393 petitio,
1241 4336 1340 4389 nempe

159 4432 206 4487 vel
228 4450 282 4485 uua
300 4437 410 4486 tantum
428 4430 474 4486 vel
492 4429 583 4485 altera
600 4430 669 4485 vice.
