3292 5109
474 304 517 351 un
542 304 682 352 runicus
708 302 972 353 nccnrsmsmcrs
1248 284 1313 350 105

139 426 220 489 tione
247 434 283 493 ut
306 430 461 493 nonnulla
484 449 563 494 vera
586 430 659 501 sint,
685 428 724 493 de
750 427 864 512 quibus
888 430 1030 513 inquirat
1051 432 1180 514 oportet
1198 446 1313 493 execu-

142 555 199 612 tor:
215 554 293 616 tunc
311 554 355 617 ita
377 553 481 619 solent
505 554 628 639 concipi
646 557 821 639 rescripte:
841 552 907 620 «S.
923 554 1148 641 Conprepatio
1172 552 1313 640 benique

141 674 258 739 annuit
272 680 305 740 et
315 680 501 758 propterea
521 676 700 743 mandauit
718 678 882 744 committi
897 679 1064 761 Episcopo
1081 678 1147 757 (cei
1163 678 1224 743 atii
1239 664 1313 743 emc-

140 796 257 879 cutcri)
272 802 311 859 ut
326 797 416 863 ceris
430 798 648 867 existentibus
670 800 825 865 nan-aris
848 799 978 865 oratori
997 800 1140 883 petitam
1162 798 1313 887 qratiam

142 922 297 987 concedat
312 942 343 997 »‚
360 924 412 988 vel
428 926 634 1009 simpliciter:
655 947 673 988 c
691 926 724 989 S.
741 926 844 1011 Conp.
862 924 1004 1011 benique
1023 925 1153 995 circuit,
1170 922 1312 991 arbitrio

141 1051 170 1111 ct
190 1050 413 1116 conscientiae
435 1052 643 1135 Episcopi».
663 1054 757 1117 quta
773 1052 859 1116 hauc
879 1053 1028 1137 rescripti
1052 1051 1224 1117 formulam
1240 1069 1313 1115 exe·

143 1177 229 1237 cutor
245 1194 309 1239 non
325 1180 430 1261 potest
445 1196 504 1261 pro
520 1198 578 1242 suo
593 1178 683 1242 libito
699 1178 838 1263 gratiam
859 1178 1049 1248 concedere.
1066 1166 1119 1241 vel
1139 1176 1311 1261 denegare.

143 1294 194 1360 sed
216 1298 346 1381 petitam
370 1300 508 1382 gratiam
533 1300 716 1364 executioni
741 1299 939 1365 demandare
962 1299 1065 1371 debet,
1090 1299 1116 1363 si
1141 1318 1219 1363 vera
1241 1318 1313 1363 esse

144 1426 270 1487 nauata
292 1424 483 1503 constiterit,
508 1443 569 1488 nec
593 1444 656 1488 non
680 1425 743 1489 alia
768 1423 941 1491 observata
962 1424 1085 1489 fuerint
1105 1426 1137 1488 in
1154 1424 1313 1510 rescripto

144 1562 300 1627 expressa,
327 1551 438 1630 utputa
464 1550 600 1611 eventus
628 1546 763 1611 alicuius
786 1546 987 1612 conditionis.
1017 1546 1154 1622 Quinam
1178 1546 1313 1609 veroin

145 1666 271 1751 singulis
301 1668 427 1733 casibus
453 1670 519 1734 sint
548 1671 781 1755 rescriptorum
817 1676 1029 1751 executmes,
1060 1670 1238 1736 desumitur
1270 1688 1314 1735 ex

147 1793 252 1855 tenore
286 1793 434 1877 rescripti
458 1790 514 1878 (l).
552 1794 617 1858 Pro
650 1814 687 1858 re
721 1800 833 1859 nostra
862 1796 999 1859 innuere
1030 1792 1183 1866 sufficiat,
1208 1790 1314 1858 solere

147 1912 175 1978 S.
192 1913 287 1999 Cong.
304 1916 335 1979 in
360 1922 553 1982 executores
577 1917 732 2003 deputare
758 1916 967 1984 Ordinarium
993 1918 1163 1997 DioecesiS,
1180 1936 1242 2001 quo
1261 1936 1314 1980 no·

147 2040 228 2103 mine
242 2042 327 2105 venit
341 2046 375 2106 et
391 2042 568 2128 Episcopus
582 2048 616 2107 et
632 2044 784 2107 Vicarius
804 2043 984 2119 Generalis,
1001 2062 1136 2127 quorum
1157 2043 1315 2107 alteruter

149 2166 330 2251 rescriptum
359 2167 475 2251 exequi
504 2167 600 2231 valet.
637 2167 674 2235 Si,
694 2168 874 2251 Episcopus
898 2168 938 2232 sit
961 2172 1130 2252 suspectus
1153 2166 1205 2231 rel
1229 2167 1314 2230 irra-

149 2288 281 2355 tionabili
303 2290 343 2355 de
367 2310 464 2355 causa
488 2291 681 2374 rescriptum
705 2293 820 2373 exequi
847 2296 986 2370 recuset,
1003 2291 1151 2356 executio
1175 2291 1315 2354 commit·

150 2410 221 2473 titur
235 2410 481 2496 Metropoliteno
504 2411 556 2475 rel
573 2411 731 2496 Episcopo
748 2411 906 2476 viciniori.
924 2412 970 2476 De
986 2412 1123 2497 negotiis
1140 2412 1315 2497 respicien-

150 2530 225 2599 tibus
248 2536 394 2619 regimen
418 2533 576 2601 Ordinum
606 2536 830 2621 Regularium‚
864 2537 1023 2620 rescripta
1052 2537 1316 2603 transmittuntur

151 2658 287 2743 legitimis
302 2660 531 2727 executoribus
553 2682 614 2747 per
632 2682 746 2727 manus
763 2662 992 2727 Procuratoris
1008 2661 1177 2727 Generalis
1194 2662 1315 2725 Romae

153 2789 374 2855 commorantis.

232 2909 302 2974 101.
328 2910 566 2995 Responsiones
593 2928 675 2993 quae
699 2928 719 2973 a
743 2908 774 2974 S.
800 2908 1109 2995 Congregationibus
1134 2908 1261 2983 deutur,
1289 2911 1316 2973 si

157 3034 311 3115 respiciant
335 3036 555 3118 quaestionem
580 3033 776 3099 abstractam
793 3035 845 3099 vel
862 3036 1100 3101 contentionem
1123 3033 1314 3105 iudicialem.

155 3149 196 3215 edi
216 3155 315 3220 solent
349 3157 526 3240 praemissa
556 3158 759 3242 quaestione,
784 3155 930 3221 breviter
952 3162 1109 3244 concepta
1140 3154 1198 3221 sub
1228 3156 1314 3222 dubii

230 3348 267 3415 (l)
285 3348 472 3404 Executorum
491 3350 645 3404 auctoritas
664 3351 813 3421 exponitur
826 3354 855 3405 et
868 3350 1024 3420 explicatur
1042 3352 1071 3404 in
1090 3349 1188 3405 titulo:
1208 3350 1250 3405 De
1264 3352 1317 3403 Re·

158 3458 250 3527 seriptis
268 3462 297 3514 et
315 3460 343 3513 in
365 3464 402 3513 tit.
423 3460 464 3514 De
481 3460 532 3531 Offi
554 3460 615 3513 lud.
634 3461 747 3530 Deleq.;
766 3488 779 3501 ·
799 3461 870 3513 cons.
893 3458 1009 3529 Pirhiog
1027 3461 1055 3513 in
1075 3460 1124 3514 Ius
1139 3462 1213 3527 Can,
1233 3462 1279 3516 tib.
1294 3462 1317 3527 1,

157 3564 187 3615 tir.
200 3564 236 3617 De
249 3565 392 3636 Rescript,
407 3570 435 3619 et
448 3562 527 3620 Car-d
542 3565 627 3620 Petra
646 3565 680 3619 ad
697 3566 786 3619 Const.
801 3564 929 3630 Paulli,
948 3575 1012 3619 sect.
1027 3567 1057 3633 5,
1076 3582 1122 3619 nn.
1137 3567 1184 3632 51,
1198 3568 1250 3635 58,
1265 3567 1315 3619 59.

159 3662 231 3721 Hodie
248 3674 371 3737 potestas
385 3669 531 3739 praecipue
546 3669 719 3724 Viceriorum
734 3670 937 3740 Capitulurium
955 3670 991 3723 ad
1009 3670 1170 3741 exequenda
1182 3671 1318 3740 rescripte

158 3774 180 3823 et
196 3772 259 3827 alies
276 3774 303 3829 id
321 3792 411 3844 genus
430 3775 624 3831 concessiones
648 3774 794 3827 admodum
819 3779 902 3827 aucta
925 3779 968 3828 est
985 3774 1099 3829 decreto
1117 3776 1145 3828 S.
1165 3776 1253 3830 Officii
1273 3780 1318 3830 die

158 3876 190 3929 24
202 3878 266 3933 Nou.
283 3882 363 3935 1897
381 3882 535 3951 approbato
554 3898 571 3934 a
590 3880 616 3935 S.
631 3882 766 3935 Pontifice
785 3884 831 3936 die
849 3882 893 3935 26
911 3882 982 3949 Noe,
997 3884 1079 3936 1897
1097 3900 1152 3954 quo
1170 3886 1317 3939 statuitur:

159 3986 318 4051 «facultates
337 4002 432 4040 omnes
451 3986 588 4058 speciales
606 3988 788 4043 habitualitcr
806 4005 823 4039 α
844 3986 870 4041 8.
886 3988 958 4042 Sede
971 3989 1126 4059 Episcopis,
1141 3992 1318 4061 aliorumque

160 4084 269 4143 cenem
284 4093 441 4147 ordinariis
455 4109 609 4157 concessas,
624 4110 679 4147 non
691 4095 826 4163 suspendi
840 4095 885 4148 uel
897 4095 1027 4148 desinere
1040 4097 1073 4149 ob
1089 4112 1187 4150 comm
1199 4108 1318 4150 cuonem

160 4196 198 4247 cet
217 4215 233 4250 α
255 4218 369 4255 munere
395 4203 585 4265 cessationem
609 4205 660 4256 sed
685 4205 722 4256 act
748 4216 922 4256 successores
945 4202 1111 4256 Ordincrios
1135 4208 1257 4259 transire
1281 4206 1318 4257 cd

160 4302 265 4367 [ormam
282 4316 306 4361 et
325 4324 355 4360 m
373 4308 500 4362 terminis
518 4309 626 4361 decreti
643 4325 661 4361 α
682 4309 748 4379 Sup.
768 4310 819 4362 bec
841 4308 925 4377 Cone.
945 4308 1013 4360 editi
1031 4308 1318 4365 dementart?

161 4412 237 4473 quood
253 4414 470 4484 dispensationes
488 4416 744 4471 matrimoniales».
