<?xml version="1.0" encoding="UTF-8"?>
<!DOCTYPE html PUBLIC "-//W3C//DTD XHTML 1.0 Transitional//EN"
    "http://www.w3.org/TR/xhtml1/DTD/xhtml1-transitional.dtd">
<html xmlns="http://www.w3.org/1999/xhtml" xml:lang="en" lang="en">
 <head>
  <title>
</title>
<meta http-equiv="Content-Type" content="text/html;charset=utf-8" />
  <meta name='ocr-system' content='tesseract 3.04.00' />
  <meta name='ocr-capabilities' content='ocr_page ocr_carea ocr_par ocr_line ocrx_word'/>
</head>
<body>
  <div class='ocr_page' id='page_1' title='image "./praelectionesin03legagoog/praelectionesin03legagoog_0085.png"; bbox 0 0 3292 5109; ppageno 0'>
   <div class='ocr_carea' id='block_1_1' title="bbox 467 295 1300 361">
    <p class='ocr_par' dir='ltr' id='par_1_1' title="bbox 467 295 1300 361">
     <span class='ocr_line' id='line_1_1' title="bbox 467 295 1300 361; baseline 0 -2"><span class='ocrx_word' id='word_1_1' title='bbox 467 314 511 359; x_wconf 85' lang='lat' dir='ltr'>ns</span> <span class='ocrx_word' id='word_1_2' title='bbox 536 312 675 361; x_wconf 82' lang='lat' dir='ltr'>runicus</span> <span class='ocrx_word' id='word_1_3' title='bbox 699 311 964 361; x_wconf 79' lang='lat' dir='ltr'>accunsrasrrcrs</span> <span class='ocrx_word' id='word_1_4' title='bbox 1261 295 1300 359; x_wconf 91' lang='lat' dir='ltr'>8l</span> 
     </span>
    </p>
   </div>
   <div class='ocr_carea' id='block_1_2' title="bbox 123 434 1316 2621">
    <p class='ocr_par' dir='ltr' id='par_1_2' title="bbox 123 434 1316 2621">
     <span class='ocr_line' id='line_1_2' title="bbox 132 434 1306 509; baseline 0.003 -10"><span class='ocrx_word' id='word_1_5' title='bbox 132 434 344 508; x_wconf 73' lang='lat' dir='ltr'>Quamobrem</span> <span class='ocrx_word' id='word_1_6' title='bbox 369 434 549 501; x_wconf 87' lang='lat' dir='ltr'>Cardinalis</span> <span class='ocrx_word' id='word_1_7' title='bbox 573 435 789 507; x_wconf 79' lang='lat' dir='ltr'>Camerarius.</span> <span class='ocrx_word' id='word_1_8' title='bbox 808 437 853 501; x_wconf 93' lang='lat' dir='ltr'>uti</span> <span class='ocrx_word' id='word_1_9' title='bbox 873 436 949 501; x_wconf 88' lang='lat' dir='ltr'>olim</span> <span class='ocrx_word' id='word_1_10' title='bbox 966 436 1232 509; x_wconf 72' lang='lat' dir='ltr'>archidiaconus,</span> <span class='ocrx_word' id='word_1_11' title='bbox 1252 438 1306 502; x_wconf 89' lang='lat' dir='ltr'>cui</span> 
     </span>
     <span class='ocr_line' id='line_1_3' title="bbox 129 559 1306 646; baseline 0.001 -21"><span class='ocrx_word' id='word_1_12' title='bbox 129 561 292 630; x_wconf 79' lang='lat' dir='ltr'>successit</span> <span class='ocrx_word' id='word_1_13' title='bbox 309 560 450 644; x_wconf 81' lang='lat' dir='ltr'>praefuit</span> <span class='ocrx_word' id='word_1_14' title='bbox 472 560 551 645; x_wconf 79' lang='lat' dir='ltr'>fisco</span> <span class='ocrx_word' id='word_1_15' title='bbox 571 565 640 626; x_wconf 89' lang='lat' dir='ltr'>tum</span> <span class='ocrx_word' id='word_1_16' title='bbox 663 562 830 646; x_wconf 86' lang='lat' dir='ltr'>temporali</span> <span class='ocrx_word' id='word_1_17' title='bbox 856 566 922 626; x_wconf 88' lang='lat' dir='ltr'>turn</span> <span class='ocrx_word' id='word_1_18' title='bbox 942 559 1171 625; x_wconf 79' lang='lat' dir='ltr'>ecclesiastico.</span> <span class='ocrx_word' id='word_1_19' title='bbox 1188 597 1207 609; x_wconf 94' lang='lat'><em>-</em></span> <span class='ocrx_word' id='word_1_20' title='bbox 1225 561 1306 626; x_wconf 91' lang='lat' dir='ltr'>Iam·</span> 
     </span>
     <span class='ocr_line' id='line_1_4' title="bbox 132 683 1307 769; baseline 0 -20"><span class='ocrx_word' id='word_1_21' title='bbox 132 683 257 767; x_wconf 86' lang='lat' dir='ltr'>pridem</span> <span class='ocrx_word' id='word_1_22' title='bbox 283 684 435 748; x_wconf 79' lang='lat' dir='ltr'>Pontifex</span> <span class='ocrx_word' id='word_1_23' title='bbox 450 704 492 749; x_wconf 84' lang='lat' dir='ltr'>ex</span> <span class='ocrx_word' id='word_1_24' title='bbox 508 687 575 749; x_wconf 87' lang='lat' dir='ltr'>suis</span> <span class='ocrx_word' id='word_1_25' title='bbox 599 684 780 750; x_wconf 83' lang='lat' dir='ltr'><strong>domesticis</strong></span> <span class='ocrx_word' id='word_1_26' title='bbox 804 685 975 749; x_wconf 80' lang='lat' dir='ltr'>nonnrdlos</span> <span class='ocrx_word' id='word_1_27' title='bbox 998 684 1195 752; x_wconf 84' lang='lat' dir='ltr'>adiunxerat</span> <span class='ocrx_word' id='word_1_28' title='bbox 1216 687 1307 769; x_wconf 91' lang='lat' dir='ltr'>quasi</span> 
     </span>
     <span class='ocr_line' id='line_1_5' title="bbox 129 808 1306 896; baseline 0 -21"><span class='ocrx_word' id='word_1_29' title='bbox 129 809 333 875; x_wconf 78' lang='lat' dir='ltr'>collaterales</span> <span class='ocrx_word' id='word_1_30' title='bbox 357 817 390 875; x_wconf 90' lang='lat' dir='ltr'>et</span> <span class='ocrx_word' id='word_1_31' title='bbox 412 830 591 879; x_wconf 74' lang='lat' dir='ltr'>assessores</span> <span class='ocrx_word' id='word_1_32' title='bbox 614 808 802 876; x_wconf 75' lang='lat' dir='ltr'>camerario</span> <span class='ocrx_word' id='word_1_33' title='bbox 835 826 895 895; x_wconf 91' lang='lat' dir='ltr'>pro</span> <span class='ocrx_word' id='word_1_34' title='bbox 926 810 1073 875; x_wconf 80' lang='lat' dir='ltr'>faciliore</span> <span class='ocrx_word' id='word_1_35' title='bbox 1104 812 1306 896; x_wconf 87' lang='lat' dir='ltr'>negotiorum</span> 
     </span>
     <span class='ocr_line' id='line_1_6' title="bbox 129 931 1306 1019; baseline 0 -20"><span class='ocrx_word' id='word_1_36' title='bbox 129 933 346 1019; x_wconf 81' lang='lat' dir='ltr'>expeditione;</span> <span class='ocrx_word' id='word_1_37' title='bbox 371 940 404 997; x_wconf 87' lang='lat' dir='ltr'>et</span> <span class='ocrx_word' id='word_1_38' title='bbox 427 935 478 997; x_wconf 92' lang='lat' dir='ltr'>isti</span> <span class='ocrx_word' id='word_1_39' title='bbox 502 934 578 997; x_wconf 89' lang='lat' dir='ltr'>dicti</span> <span class='ocrx_word' id='word_1_40' title='bbox 602 940 676 999; x_wconf 89' lang='lat' dir='ltr'>sunt</span> <span class='ocrx_word' id='word_1_41' title='bbox 703 931 829 999; x_wconf 80' lang='lat' dir='ltr'>Clerici</span> <span class='ocrx_word' id='word_1_42' title='bbox 855 934 1028 1008; x_wconf 82' lang='lat' dir='ltr'>Gamerae,</span> <span class='ocrx_word' id='word_1_43' title='bbox 1051 941 1083 999; x_wconf 91' lang='lat' dir='ltr'>et</span> <span class='ocrx_word' id='word_1_44' title='bbox 1106 936 1182 1000; x_wconf 90' lang='lat' dir='ltr'>hinc</span> <span class='ocrx_word' id='word_1_45' title='bbox 1205 934 1306 1000; x_wconf 88' lang='lat' dir='ltr'>habiti</span> 
     </span>
     <span class='ocr_line' id='line_1_7' title="bbox 129 1058 1309 1145; baseline 0.001 -21"><span class='ocrx_word' id='word_1_46' title='bbox 129 1066 202 1125; x_wconf 92' lang='lat' dir='ltr'>sunt</span> <span class='ocrx_word' id='word_1_47' title='bbox 225 1058 391 1124; x_wconf 85' lang='lat' dir='ltr'>inferioris</span> <span class='ocrx_word' id='word_1_48' title='bbox 414 1059 536 1124; x_wconf 91' lang='lat' dir='ltr'>ordinis</span> <span class='ocrx_word' id='word_1_49' title='bbox 560 1079 639 1145; x_wconf 90' lang='lat' dir='ltr'>prae</span> <span class='ocrx_word' id='word_1_50' title='bbox 663 1058 856 1144; x_wconf 88' lang='lat' dir='ltr'>Capelianis‚</span> <span class='ocrx_word' id='word_1_51' title='bbox 882 1060 934 1144; x_wconf 91' lang='lat' dir='ltr'>qui</span> <span class='ocrx_word' id='word_1_52' title='bbox 966 1080 1137 1125; x_wconf 90' lang='lat' dir='ltr'>causarum</span> <span class='ocrx_word' id='word_1_53' title='bbox 1160 1062 1191 1127; x_wconf 88' lang='lat' dir='ltr'>S.</span> <span class='ocrx_word' id='word_1_54' title='bbox 1216 1058 1309 1125; x_wconf 85' lang='lat' dir='ltr'>Pala·</span> 
     </span>
     <span class='ocr_line' id='line_1_8' title="bbox 129 1183 1308 1272; baseline 0.001 -23"><span class='ocrx_word' id='word_1_55' title='bbox 129 1185 163 1249; x_wconf 91' lang='lat' dir='ltr'>tii</span> <span class='ocrx_word' id='word_1_56' title='bbox 186 1184 249 1269; x_wconf 87' lang='lat' dir='ltr'>Ap.</span> <span class='ocrx_word' id='word_1_57' title='bbox 275 1184 438 1272; x_wconf 88' lang='lat' dir='ltr'>constituti</span> <span class='ocrx_word' id='word_1_58' title='bbox 470 1189 566 1249; x_wconf 86' lang='lat' dir='ltr'>erant</span> <span class='ocrx_word' id='word_1_59' title='bbox 597 1183 780 1249; x_wconf 86' lang='lat' dir='ltr'>Auditores.</span> <span class='ocrx_word' id='word_1_60' title='bbox 808 1184 1021 1249; x_wconf 83' lang='lat' dir='ltr'>Nihilominus</span> <span class='ocrx_word' id='word_1_61' title='bbox 1051 1206 1149 1269; x_wconf 90' lang='lat' dir='ltr'>quum</span> <span class='ocrx_word' id='word_1_62' title='bbox 1179 1187 1213 1249; x_wconf 94' lang='lat' dir='ltr'>in</span> <span class='ocrx_word' id='word_1_63' title='bbox 1240 1184 1308 1251; x_wconf 89' lang='lat' dir='ltr'>dies</span> 
     </span>
     <span class='ocr_line' id='line_1_9' title="bbox 123 1308 1308 1397; baseline 0 -22"><span class='ocrx_word' id='word_1_64' title='bbox 123 1311 247 1395; x_wconf 75' lang='lat' dir='ltr'>¹horum</span> <span class='ocrx_word' id='word_1_65' title='bbox 278 1308 479 1375; x_wconf 87' lang='lat' dir='ltr'>Clericorum</span> <span class='ocrx_word' id='word_1_66' title='bbox 503 1311 659 1375; x_wconf 81' lang='lat' dir='ltr'>Gamerae</span> <span class='ocrx_word' id='word_1_67' title='bbox 683 1316 778 1374; x_wconf 87' lang='lat' dir='ltr'>aucta</span> <span class='ocrx_word' id='word_1_68' title='bbox 801 1312 865 1375; x_wconf 90' lang='lat' dir='ltr'>sint</span> <span class='ocrx_word' id='word_1_69' title='bbox 890 1313 961 1376; x_wconf 89' lang='lat' dir='ltr'>iura</span> <span class='ocrx_word' id='word_1_70' title='bbox 983 1318 1016 1375; x_wconf 91' lang='lat' dir='ltr'>et</span> <span class='ocrx_word' id='word_1_71' title='bbox 1039 1312 1218 1397; x_wconf 82' lang='lat' dir='ltr'>privilegia,</span> <span class='ocrx_word' id='word_1_72' title='bbox 1243 1329 1308 1375; x_wconf 90' lang='lat' dir='ltr'>non</span> 
     </span>
     <span class='ocr_line' id='line_1_10' title="bbox 130 1433 1240 1517; baseline -0.002 -16"><span class='ocrx_word' id='word_1_73' title='bbox 130 1436 227 1501; x_wconf 87' lang='lat' dir='ltr'>semel</span> <span class='ocrx_word' id='word_1_74' title='bbox 256 1435 522 1517; x_wconf 79' lang='lat' dir='ltr'>Capelloaoram</span> <span class='ocrx_word' id='word_1_75' title='bbox 545 1438 674 1501; x_wconf 89' lang='lat' dir='ltr'>nomine</span> <span class='ocrx_word' id='word_1_76' title='bbox 697 1456 717 1501; x_wconf 88' lang='lat' dir='ltr'>a</span> <span class='ocrx_word' id='word_1_77' title='bbox 741 1433 950 1501; x_wconf 84' lang='lat' dir='ltr'>Pontificibus</span> <span class='ocrx_word' id='word_1_78' title='bbox 972 1437 1133 1501; x_wconf 87' lang='lat' dir='ltr'>honestati</span> <span class='ocrx_word' id='word_1_79' title='bbox 1155 1442 1240 1501; x_wconf 90' lang='lat' dir='ltr'>sunt.</span> 
     </span>
     <span class='ocr_line' id='line_1_11' title="bbox 218 1561 1310 1647; baseline -0.001 -19"><span class='ocrx_word' id='word_1_80' title='bbox 218 1562 346 1628; x_wconf 83' lang='lat' dir='ltr'>Horum</span> <span class='ocrx_word' id='word_1_81' title='bbox 370 1581 523 1627; x_wconf 85' lang='lat' dir='ltr'>numerus</span> <span class='ocrx_word' id='word_1_82' title='bbox 539 1562 649 1627; x_wconf 88' lang='lat' dir='ltr'>rarius</span> <span class='ocrx_word' id='word_1_83' title='bbox 666 1561 737 1633; x_wconf 82' lang='lat' dir='ltr'>fuit,</span> <span class='ocrx_word' id='word_1_84' title='bbox 753 1582 917 1647; x_wconf 86' lang='lat' dir='ltr'>quousque</span> <span class='ocrx_word' id='word_1_85' title='bbox 940 1564 972 1628; x_wconf 87' lang='lat' dir='ltr'>S.</span> <span class='ocrx_word' id='word_1_86' title='bbox 990 1563 1067 1627; x_wconf 92' lang='lat' dir='ltr'>Pius</span> <span class='ocrx_word' id='word_1_87' title='bbox 1084 1562 1113 1625; x_wconf 95' lang='lat' dir='ltr'>V</span> <span class='ocrx_word' id='word_1_88' title='bbox 1131 1563 1310 1629; x_wconf 83' lang='lat' dir='ltr'>duodecim</span> 
     </span>
     <span class='ocr_line' id='line_1_12' title="bbox 132 1681 1310 1759; baseline 0 -10"><span class='ocrx_word' id='word_1_89' title='bbox 132 1704 199 1749; x_wconf 87' lang='lat' dir='ltr'>esse</span> <span class='ocrx_word' id='word_1_90' title='bbox 223 1684 389 1749; x_wconf 87' lang='lat' dir='ltr'>constituit</span> <span class='ocrx_word' id='word_1_91' title='bbox 407 1681 552 1749; x_wconf 84' lang='lat' dir='ltr'>Clericus</span> <span class='ocrx_word' id='word_1_92' title='bbox 569 1683 743 1759; x_wconf 90' lang='lat' dir='ltr'>Camerae;</span> <span class='ocrx_word' id='word_1_93' title='bbox 769 1689 801 1748; x_wconf 90' lang='lat' dir='ltr'>et</span> <span class='ocrx_word' id='word_1_94' title='bbox 824 1684 1004 1749; x_wconf 86' lang='lat' dir='ltr'>huiusmodi</span> <span class='ocrx_word' id='word_1_95' title='bbox 1028 1686 1212 1749; x_wconf 89' lang='lat' dir='ltr'>constitutio</span> <span class='ocrx_word' id='word_1_96' title='bbox 1235 1684 1310 1749; x_wconf 90' lang='lat' dir='ltr'>hac·</span> 
     </span>
     <span class='ocr_line' id='line_1_13' title="bbox 132 1805 1310 1892; baseline -0.003 -18"><span class='ocrx_word' id='word_1_97' title='bbox 132 1812 223 1874; x_wconf 88' lang='lat' dir='ltr'>tenus</span> <span class='ocrx_word' id='word_1_98' title='bbox 248 1808 345 1892; x_wconf 85' lang='lat' dir='ltr'>viget.</span> <span class='ocrx_word' id='word_1_99' title='bbox 381 1808 423 1871; x_wconf 91' lang='lat' dir='ltr'>Hi</span> <span class='ocrx_word' id='word_1_100' title='bbox 450 1812 524 1873; x_wconf 92' lang='lat' dir='ltr'>sunt</span> <span class='ocrx_word' id='word_1_101' title='bbox 558 1806 678 1873; x_wconf 90' lang='lat' dir='ltr'>iudices</span> <span class='ocrx_word' id='word_1_102' title='bbox 713 1808 868 1873; x_wconf 88' lang='lat' dir='ltr'>ordinarii</span> <span class='ocrx_word' id='word_1_103' title='bbox 899 1806 1028 1873; x_wconf 84' lang='lat' dir='ltr'>Pleaae</span> <span class='ocrx_word' id='word_1_104' title='bbox 1061 1805 1225 1874; x_wconf 80' lang='lat' dir='ltr'>Gamerae</span> <span class='ocrx_word' id='word_1_105' title='bbox 1253 1808 1310 1875; x_wconf 92' lang='lat' dir='ltr'>tri·</span> 
     </span>
     <span class='ocr_line' id='line_1_14' title="bbox 132 1930 1311 2016; baseline -0.001 -21"><span class='ocrx_word' id='word_1_106' title='bbox 132 1930 229 1996; x_wconf 90' lang='lat' dir='ltr'>bunal</span> <span class='ocrx_word' id='word_1_107' title='bbox 254 1932 496 2011; x_wconf 82' lang='lat' dir='ltr'>constituentes,</span> <span class='ocrx_word' id='word_1_108' title='bbox 520 1932 571 1996; x_wconf 92' lang='lat' dir='ltr'>cui</span> <span class='ocrx_word' id='word_1_109' title='bbox 595 1931 758 2016; x_wconf 87' lang='lat' dir='ltr'>praesidet</span> <span class='ocrx_word' id='word_1_110' title='bbox 782 1930 961 1997; x_wconf 88' lang='lat' dir='ltr'>Cardinalis</span> <span class='ocrx_word' id='word_1_111' title='bbox 986 1932 1199 2004; x_wconf 85' lang='lat' dir='ltr'>Camerarius,</span> <span class='ocrx_word' id='word_1_112' title='bbox 1220 1952 1239 1993; x_wconf 86' lang='lat'>‹</span> <span class='ocrx_word' id='word_1_113' title='bbox 1257 1932 1311 2015; x_wconf 90' lang='lat' dir='ltr'>qui</span> 
     </span>
     <span class='ocr_line' id='line_1_15' title="bbox 133 2054 1314 2142; baseline 0.001 -22"><span class='ocrx_word' id='word_1_114' title='bbox 133 2055 188 2139; x_wconf 81' lang='lat' dir='ltr'>(uti</span> <span class='ocrx_word' id='word_1_115' title='bbox 212 2055 318 2119; x_wconf 87' lang='lat' dir='ltr'>refert</span> <span class='ocrx_word' id='word_1_116' title='bbox 343 2056 388 2119; x_wconf 87' lang='lat' dir='ltr'>De</span> <span class='ocrx_word' id='word_1_117' title='bbox 411 2054 513 2127; x_wconf 83' lang='lat' dir='ltr'>Luca,</span> <span class='ocrx_word' id='word_1_118' title='bbox 538 2074 592 2137; x_wconf 88' lang='lat' dir='ltr'>op.</span> <span class='ocrx_word' id='word_1_119' title='bbox 617 2056 670 2120; x_wconf 89' lang='lat' dir='ltr'>cil.</span> <span class='ocrx_word' id='word_1_120' title='bbox 695 2056 766 2121; x_wconf 88' lang='lat' dir='ltr'>Dis.</span> <span class='ocrx_word' id='word_1_121' title='bbox 792 2054 852 2129; x_wconf 83' lang='lat'>33,</span> <span class='ocrx_word' id='word_1_122' title='bbox 877 2056 964 2142; x_wconf 55' lang='lat' dir='ltr'>anf)</span> <span class='ocrx_word' id='word_1_123' title='bbox 988 2055 1101 2121; x_wconf 85' lang='lat' dir='ltr'>rolens</span> <span class='ocrx_word' id='word_1_124' title='bbox 1123 2061 1235 2140; x_wconf 80' lang='lat' dir='ltr'>potest.</span> <span class='ocrx_word' id='word_1_125' title='bbox 1257 2056 1314 2121; x_wconf 91' lang='lat' dir='ltr'>sed</span> 
     </span>
     <span class='ocr_line' id='line_1_16' title="bbox 134 2178 1314 2267; baseline 0.003 -22"><span class='ocrx_word' id='word_1_126' title='bbox 134 2202 196 2247; x_wconf 90' lang='lat' dir='ltr'>non</span> <span class='ocrx_word' id='word_1_127' title='bbox 227 2181 312 2246; x_wconf 91' lang='lat' dir='ltr'>solet</span> <span class='ocrx_word' id='word_1_128' title='bbox 333 2180 386 2246; x_wconf 89' lang='lat' dir='ltr'>vel</span> <span class='ocrx_word' id='word_1_129' title='bbox 417 2200 504 2261; x_wconf 86' lang='lat' dir='ltr'>raro,</span> <span class='ocrx_word' id='word_1_130' title='bbox 528 2178 643 2245; x_wconf 90' lang='lat' dir='ltr'>sedere</span> <span class='ocrx_word' id='word_1_131' title='bbox 675 2182 708 2245; x_wconf 92' lang='lat' dir='ltr'>in</span> <span class='ocrx_word' id='word_1_132' title='bbox 744 2182 880 2247; x_wconf 82' lang='lat' dir='ltr'>Camena</span> <span class='ocrx_word' id='word_1_133' title='bbox 897 2203 916 2244; x_wconf 85' lang='lat'><strong>»</strong></span> <span class='ocrx_word' id='word_1_134' title='bbox 935 2182 991 2267; x_wconf 86' lang='lat' dir='ltr'>(l),</span> <span class='ocrx_word' id='word_1_135' title='bbox 1013 2183 1163 2245; x_wconf 89' lang='lat' dir='ltr'>nimirum</span> <span class='ocrx_word' id='word_1_136' title='bbox 1187 2183 1314 2266; x_wconf 90' lang='lat' dir='ltr'>quando</span> 
     </span>
     <span class='ocr_line' id='line_1_17' title="bbox 136 2303 1316 2389; baseline 0.002 -20"><span class='ocrx_word' id='word_1_137' title='bbox 136 2304 244 2369; x_wconf 84' lang='lat' dir='ltr'>sedeat</span> <span class='ocrx_word' id='word_1_138' title='bbox 267 2309 378 2369; x_wconf 89' lang='lat' dir='ltr'>votum</span> <span class='ocrx_word' id='word_1_139' title='bbox 400 2304 498 2369; x_wconf 91' lang='lat' dir='ltr'>habet</span> <span class='ocrx_word' id='word_1_140' title='bbox 520 2303 775 2369; x_wconf 85' lang='lat' dir='ltr'>deliberativum.</span> <span class='ocrx_word' id='word_1_141' title='bbox 807 2305 949 2371; x_wconf 87' lang='lat' dir='ltr'>Proinde</span> <span class='ocrx_word' id='word_1_142' title='bbox 972 2304 1100 2377; x_wconf 87' lang='lat' dir='ltr'>Clerici,</span> <span class='ocrx_word' id='word_1_143' title='bbox 1124 2326 1243 2389; x_wconf 88' lang='lat' dir='ltr'>perse,</span> <span class='ocrx_word' id='word_1_144' title='bbox 1259 2307 1316 2371; x_wconf 87' lang='lat' dir='ltr'>tri·</span> 
     </span>
     <span class='ocr_line' id='line_1_18' title="bbox 136 2422 1311 2513; baseline 0.001 -21"><span class='ocrx_word' id='word_1_145' title='bbox 136 2427 232 2493; x_wconf 86' lang='lat' dir='ltr'>bonel</span> <span class='ocrx_word' id='word_1_146' title='bbox 256 2426 436 2499; x_wconf 81' lang='lat' dir='ltr'>efformant.</span> <span class='ocrx_word' id='word_1_147' title='bbox 454 2433 487 2494; x_wconf 91' lang='lat' dir='ltr'>et</span> <span class='ocrx_word' id='word_1_148' title='bbox 499 2422 684 2493; x_wconf 79' lang='lat' dir='ltr'>&#39;ordinarias</span> <span class='ocrx_word' id='word_1_149' title='bbox 704 2433 816 2512; x_wconf 87' lang='lat' dir='ltr'>partes</span> <span class='ocrx_word' id='word_1_150' title='bbox 842 2428 1005 2494; x_wconf 83' lang='lat' dir='ltr'>Praefecti</span> <span class='ocrx_word' id='word_1_151' title='bbox 1022 2430 1132 2513; x_wconf 80' lang='lat' dir='ltr'>explet</span> <span class='ocrx_word' id='word_1_152' title='bbox 1155 2430 1311 2495; x_wconf 89' lang='lat' dir='ltr'>Decanus.</span> 
     </span>
     <span class='ocr_line' id='line_1_19' title="bbox 136 2551 1313 2621; baseline 0.001 -4"><span class='ocrx_word' id='word_1_153' title='bbox 136 2551 252 2617; x_wconf 88' lang='lat' dir='ltr'>Clerici</span> <span class='ocrx_word' id='word_1_154' title='bbox 277 2551 433 2617; x_wconf 79' lang='lat' dir='ltr'>Camenae</span> <span class='ocrx_word' id='word_1_155' title='bbox 465 2570 543 2616; x_wconf 89' lang='lat' dir='ltr'>sene</span> <span class='ocrx_word' id='word_1_156' title='bbox 578 2551 723 2617; x_wconf 88' lang='lat' dir='ltr'>clericali</span> <span class='ocrx_word' id='word_1_157' title='bbox 760 2552 874 2617; x_wconf 89' lang='lat' dir='ltr'>ordine</span> <span class='ocrx_word' id='word_1_158' title='bbox 904 2553 1023 2617; x_wconf 80' lang='lat' dir='ltr'>addicti</span> <span class='ocrx_word' id='word_1_159' title='bbox 1046 2574 1117 2618; x_wconf 87' lang='lat' dir='ltr'>esse</span> <span class='ocrx_word' id='word_1_160' title='bbox 1140 2553 1257 2621; x_wconf 88' lang='lat' dir='ltr'>debent</span> <span class='ocrx_word' id='word_1_161' title='bbox 1281 2559 1313 2619; x_wconf 91' lang='lat' dir='ltr'>et</span> 
     </span>
    </p>
   </div>
   <div class='ocr_carea' id='block_1_3' title="bbox 137 2675 1312 2763">
    <p class='ocr_par' dir='ltr' id='par_1_3' title="bbox 137 2675 1312 2763">
     <span class='ocr_line' id='line_1_20' title="bbox 137 2675 1312 2763; baseline 0.004 -24"><span class='ocrx_word' id='word_1_162' title='bbox 137 2697 197 2741; x_wconf 93' lang='lat' dir='ltr'>non</span> <span class='ocrx_word' id='word_1_163' title='bbox 219 2677 321 2741; x_wconf 90' lang='lat' dir='ltr'>semel</span> <span class='ocrx_word' id='word_1_164' title='bbox 345 2676 538 2741; x_wconf 87' lang='lat' dir='ltr'>sacerdotali</span> <span class='ocrx_word' id='word_1_165' title='bbox 561 2675 674 2741; x_wconf 91' lang='lat' dir='ltr'>ordine</span> <span class='ocrx_word' id='word_1_166' title='bbox 696 2682 772 2742; x_wconf 90' lang='lat' dir='ltr'>sunt</span> <span class='ocrx_word' id='word_1_167' title='bbox 795 2678 891 2758; x_wconf 90' lang='lat' dir='ltr'>aucti,</span> <span class='ocrx_word' id='word_1_168' title='bbox 908 2678 965 2743; x_wconf 87' lang='lat' dir='ltr'>sed</span> <span class='ocrx_word' id='word_1_169' title='bbox 988 2680 1020 2742; x_wconf 93' lang='lat' dir='ltr'>in</span> <span class='ocrx_word' id='word_1_170' title='bbox 1044 2680 1090 2743; x_wconf 88' lang='lat' dir='ltr'>eis</span> <span class='ocrx_word' id='word_1_171' title='bbox 1114 2699 1179 2742; x_wconf 91' lang='lat' dir='ltr'>non</span> <span class='ocrx_word' id='word_1_172' title='bbox 1203 2681 1312 2763; x_wconf 90' lang='lat' dir='ltr'>requi-</span> 
     </span>
    </p>
   </div>
   <div class='ocr_carea' id='block_1_4' title="bbox 139 2802 1309 3010">
    <p class='ocr_par' dir='ltr' id='par_1_4' title="bbox 139 2802 1309 3010">
     <span class='ocr_line' id='line_1_21' title="bbox 139 2802 784 2888; baseline 0 -23"><span class='ocrx_word' id='word_1_173' title='bbox 139 2803 226 2877; x_wconf 87' lang='lat' dir='ltr'>ritur,</span> <span class='ocrx_word' id='word_1_174' title='bbox 250 2822 312 2888; x_wconf 91' lang='lat' dir='ltr'>per</span> <span class='ocrx_word' id='word_1_175' title='bbox 334 2822 379 2871; x_wconf 79' lang='lat' dir='ltr'>se,</span> <span class='ocrx_word' id='word_1_176' title='bbox 404 2802 463 2867; x_wconf 89' lang='lat' dir='ltr'>nisi</span> <span class='ocrx_word' id='word_1_177' title='bbox 488 2806 588 2867; x_wconf 90' lang='lat' dir='ltr'>status</span> <span class='ocrx_word' id='word_1_178' title='bbox 612 2802 784 2867; x_wconf 92' lang='lat' dir='ltr'>clericalis.</span> 
     </span>
     <span class='ocr_line' id='line_1_22' title="bbox 224 2923 1309 3010; baseline 0.002 -20"><span class='ocrx_word' id='word_1_179' title='bbox 224 2926 284 2991; x_wconf 90' lang='lat' dir='ltr'>Diu</span> <span class='ocrx_word' id='word_1_180' title='bbox 307 2930 465 2990; x_wconf 84' lang='lat' dir='ltr'>certaturn</span> <span class='ocrx_word' id='word_1_181' title='bbox 490 2923 551 2989; x_wconf 88' lang='lat' dir='ltr'>fuit</span> <span class='ocrx_word' id='word_1_182' title='bbox 574 2924 613 2989; x_wconf 93' lang='lat' dir='ltr'>de</span> <span class='ocrx_word' id='word_1_183' title='bbox 636 2924 867 3010; x_wconf 89' lang='lat' dir='ltr'>praecedentia</span> <span class='ocrx_word' id='word_1_184' title='bbox 883 2946 955 2989; x_wconf 90' lang='lat' dir='ltr'>curn</span> <span class='ocrx_word' id='word_1_185' title='bbox 973 2924 1181 2990; x_wconf 68' lang='lat' dir='ltr'>auditoribus</span> <span class='ocrx_word' id='word_1_186' title='bbox 1197 2926 1309 3001; x_wconf 81' lang='lat' dir='ltr'>Rotae3</span> 
     </span>
    </p>
   </div>
   <div class='ocr_carea' id='block_1_5' title="bbox 97 3050 1416 3135">
    <p class='ocr_par' dir='ltr' id='par_1_5' title="bbox 97 3050 1416 3135">
     <span class='ocr_line' id='line_1_23' title="bbox 97 3050 1416 3135; baseline 0.001 -21"><span class='ocrx_word' id='word_1_187' title='bbox 97 3084 102 3093; x_wconf 97' lang='lat'><em>·</em></span> <span class='ocrx_word' id='word_1_188' title='bbox 142 3051 246 3117; x_wconf 87' lang='lat' dir='ltr'>sedin</span> <span class='ocrx_word' id='word_1_189' title='bbox 272 3052 501 3117; x_wconf 89' lang='lat' dir='ltr'>reformatione</span> <span class='ocrx_word' id='word_1_190' title='bbox 526 3051 675 3135; x_wconf 85' lang='lat' dir='ltr'>Capellae</span> <span class='ocrx_word' id='word_1_191' title='bbox 699 3058 848 3135; x_wconf 90' lang='lat' dir='ltr'>tempore</span> <span class='ocrx_word' id='word_1_192' title='bbox 873 3050 1053 3115; x_wconf 82' lang='lat' dir='ltr'>Alexandri</span> <span class='ocrx_word' id='word_1_193' title='bbox 1078 3050 1154 3132; x_wconf 83' lang='lat' dir='ltr'>Vll,</span> <span class='ocrx_word' id='word_1_194' title='bbox 1175 3050 1237 3113; x_wconf 89' lang='lat' dir='ltr'>illis</span> <span class='ocrx_word' id='word_1_195' title='bbox 1260 3050 1313 3115; x_wconf 86' lang='lat' dir='ltr'>ad·</span> <span class='ocrx_word' id='word_1_196' title='bbox 1413 3108 1416 3115; x_wconf 94' lang='lat'>.</span> 
     </span>
    </p>
   </div>
   <div class='ocr_carea' id='block_1_6' title="bbox 143 3172 1313 4006">
    <p class='ocr_par' dir='ltr' id='par_1_6' title="bbox 143 3172 1313 3507">
     <span class='ocr_line' id='line_1_24' title="bbox 144 3172 1312 3250; baseline 0.004 -15"><span class='ocrx_word' id='word_1_197' title='bbox 144 3172 305 3239; x_wconf 88' lang='lat' dir='ltr'>iudicatum</span> <span class='ocrx_word' id='word_1_198' title='bbox 332 3175 391 3238; x_wconf 89' lang='lat' dir='ltr'>fuit</span> <span class='ocrx_word' id='word_1_199' title='bbox 413 3194 527 3239; x_wconf 93' lang='lat' dir='ltr'>munus</span> <span class='ocrx_word' id='word_1_200' title='bbox 555 3174 844 3250; x_wconf 89' lang='lat' dir='ltr'>subdiaconorum;</span> <span class='ocrx_word' id='word_1_201' title='bbox 870 3175 1004 3241; x_wconf 88' lang='lat' dir='ltr'>Clericis</span> <span class='ocrx_word' id='word_1_202' title='bbox 1027 3180 1133 3239; x_wconf 86' lang='lat' dir='ltr'>autern</span> <span class='ocrx_word' id='word_1_203' title='bbox 1157 3176 1312 3240; x_wconf 89' lang='lat' dir='ltr'>Camerae</span> 
     </span>
     <span class='ocr_line' id='line_1_25' title="bbox 144 3295 1313 3383; baseline 0.004 -25"><span class='ocrx_word' id='word_1_204' title='bbox 144 3295 200 3361; x_wconf 87' lang='lat' dir='ltr'>luit</span> <span class='ocrx_word' id='word_1_205' title='bbox 219 3298 355 3362; x_wconf 89' lang='lat' dir='ltr'>inferior</span> <span class='ocrx_word' id='word_1_206' title='bbox 378 3297 468 3362; x_wconf 91' lang='lat' dir='ltr'>locus</span> <span class='ocrx_word' id='word_1_207' title='bbox 488 3298 677 3383; x_wconf 85' lang='lat' dir='ltr'>assignatus,</span> <span class='ocrx_word' id='word_1_208' title='bbox 696 3318 811 3383; x_wconf 90' lang='lat' dir='ltr'>nempe</span> <span class='ocrx_word' id='word_1_209' title='bbox 834 3303 870 3363; x_wconf 92' lang='lat' dir='ltr'>ut</span> <span class='ocrx_word' id='word_1_210' title='bbox 892 3299 1114 3362; x_wconf 81' lang='lat' dir='ltr'>ministrarent</span> <span class='ocrx_word' id='word_1_211' title='bbox 1129 3299 1217 3381; x_wconf 78' lang='lat' dir='ltr'>quasi</span> <span class='ocrx_word' id='word_1_212' title='bbox 1237 3318 1313 3363; x_wconf 89' lang='lat' dir='ltr'>aco-</span> 
     </span>
     <span class='ocr_line' id='line_1_26' title="bbox 143 3421 648 3507; baseline 0 -20"><span class='ocrx_word' id='word_1_213' title='bbox 143 3421 209 3506; x_wconf 82' lang='lat' dir='ltr'>lyti,</span> <span class='ocrx_word' id='word_1_214' title='bbox 232 3424 336 3507; x_wconf 89' lang='lat' dir='ltr'>prouti</span> <span class='ocrx_word' id='word_1_215' title='bbox 359 3423 465 3489; x_wconf 87' lang='lat' dir='ltr'>adhuc</span> <span class='ocrx_word' id='word_1_216' title='bbox 488 3429 648 3489; x_wconf 90' lang='lat' dir='ltr'>servatur.</span> 
     </span>
    </p>

    <p class='ocr_par' dir='ltr' id='par_1_7' title="bbox 148 3548 1313 4006">
     <span class='ocr_line' id='line_1_27' title="bbox 226 3548 1312 3635; baseline 0.002 -22"><span class='ocrx_word' id='word_1_217' title='bbox 226 3548 276 3614; x_wconf 77' lang='lat'>82.</span> <span class='ocrx_word' id='word_1_218' title='bbox 303 3548 374 3612; x_wconf 92' lang='lat' dir='ltr'>Hoc</span> <span class='ocrx_word' id='word_1_219' title='bbox 395 3548 538 3615; x_wconf 89' lang='lat' dir='ltr'>tribunal</span> <span class='ocrx_word' id='word_1_220' title='bbox 569 3554 618 3613; x_wconf 89' lang='lat' dir='ltr'>est</span> <span class='ocrx_word' id='word_1_221' title='bbox 649 3548 843 3615; x_wconf 88' lang='lat' dir='ltr'>adamussim</span> <span class='ocrx_word' id='word_1_222' title='bbox 874 3548 1082 3621; x_wconf 82' lang='lat' dir='ltr'>ordinarium,</span> <span class='ocrx_word' id='word_1_223' title='bbox 1108 3552 1224 3635; x_wconf 91' lang='lat' dir='ltr'>quippe</span> <span class='ocrx_word' id='word_1_224' title='bbox 1247 3571 1312 3615; x_wconf 91' lang='lat' dir='ltr'>non</span> 
     </span>
     <span class='ocr_line' id='line_1_28' title="bbox 148 3670 1313 3759; baseline 0.006 -26"><span class='ocrx_word' id='word_1_225' title='bbox 148 3670 254 3737; x_wconf 83' lang='lat' dir='ltr'>iudicet</span> <span class='ocrx_word' id='word_1_226' title='bbox 277 3692 322 3737; x_wconf 83' lang='lat' dir='ltr'>eac</span> <span class='ocrx_word' id='word_1_227' title='bbox 344 3673 578 3741; x_wconf 82' lang='lat' dir='ltr'>commissione</span> <span class='ocrx_word' id='word_1_228' title='bbox 605 3673 660 3738; x_wconf 90' lang='lat' dir='ltr'>sed</span> <span class='ocrx_word' id='word_1_229' title='bbox 692 3693 734 3737; x_wconf 81' lang='lat' dir='ltr'>ex</span> <span class='ocrx_word' id='word_1_230' title='bbox 765 3676 898 3759; x_wconf 87' lang='lat' dir='ltr'>propria</span> <span class='ocrx_word' id='word_1_231' title='bbox 921 3677 1144 3758; x_wconf 84' lang='lat' dir='ltr'>competentia,</span> <span class='ocrx_word' id='word_1_232' title='bbox 1165 3676 1200 3740; x_wconf 85' lang='lat' dir='ltr'>vi</span> <span class='ocrx_word' id='word_1_233' title='bbox 1222 3678 1313 3741; x_wconf 90' lang='lat' dir='ltr'>cuius</span> 
     </span>
     <span class='ocr_line' id='line_1_29' title="bbox 149 3797 1313 3884; baseline 0.007 -28"><span class='ocrx_word' id='word_1_234' title='bbox 149 3797 311 3863; x_wconf 86' lang='lat' dir='ltr'>nonnullae</span> <span class='ocrx_word' id='word_1_235' title='bbox 341 3817 458 3863; x_wconf 89' lang='lat' dir='ltr'>causae</span> <span class='ocrx_word' id='word_1_236' title='bbox 482 3798 512 3862; x_wconf 91' lang='lat' dir='ltr'>ei</span> <span class='ocrx_word' id='word_1_237' title='bbox 536 3799 694 3884; x_wconf 87' lang='lat' dir='ltr'>privative</span> <span class='ocrx_word' id='word_1_238' title='bbox 728 3803 886 3884; x_wconf 87' lang='lat' dir='ltr'>spectant.</span> <span class='ocrx_word' id='word_1_239' title='bbox 922 3800 1004 3863; x_wconf 87' lang='lat' dir='ltr'>Rern</span> <span class='ocrx_word' id='word_1_240' title='bbox 1035 3801 1126 3864; x_wconf 83' lang='lat' dir='ltr'>iuxta</span> <span class='ocrx_word' id='word_1_241' title='bbox 1156 3802 1313 3865; x_wconf 87' lang='lat' dir='ltr'>rationem</span> 
     </span>
     <span class='ocr_line' id='line_1_30' title="bbox 148 3912 1312 4006; baseline 0.009 -30"><span class='ocrx_word' id='word_1_242' title='bbox 148 3912 286 3998; x_wconf 90' lang='lat' dir='ltr'>loquendi</span> <span class='ocrx_word' id='word_1_243' title='bbox 309 3920 584 4005; x_wconf 83' lang='lat' dir='ltr'>pragmaticorum</span> <span class='ocrx_word' id='word_1_244' title='bbox 599 3922 644 3987; x_wconf 90' lang='lat' dir='ltr'>ita</span> <span class='ocrx_word' id='word_1_245' title='bbox 665 3921 807 4006; x_wconf 83' lang='lat' dir='ltr'>explicat</span> <span class='ocrx_word' id='word_1_246' title='bbox 824 3922 870 3985; x_wconf 92' lang='lat' dir='ltr'>De</span> <span class='ocrx_word' id='word_1_247' title='bbox 881 3921 978 3995; x_wconf 90' lang='lat' dir='ltr'>Luca,</span> <span class='ocrx_word' id='word_1_248' title='bbox 996 3922 1017 3984; x_wconf 94' lang='lat' dir='ltr'>l.</span> <span class='ocrx_word' id='word_1_249' title='bbox 1035 3942 1061 3987; x_wconf 91' lang='lat' dir='ltr'>c.</span> <span class='ocrx_word' id='word_1_250' title='bbox 1078 3943 1111 3987; x_wconf 86' lang='lat' dir='ltr'>a.</span> <span class='ocrx_word' id='word_1_251' title='bbox 1128 3920 1182 3986; x_wconf 87' lang='lat'>13:</span> <span class='ocrx_word' id='word_1_252' title='bbox 1201 3943 1219 3984; x_wconf 69' lang='lat' dir='ltr'>a</span> <span class='ocrx_word' id='word_1_253' title='bbox 1235 3923 1312 3987; x_wconf 93' lang='lat' dir='ltr'>Cum</span> 
     </span>
    </p>
   </div>
   <div class='ocr_carea' id='block_1_7' title="bbox 152 4218 1315 4500">
    <p class='ocr_par' dir='ltr' id='par_1_8' title="bbox 152 4218 1315 4500">
     <span class='ocr_line' id='line_1_31' title="bbox 230 4218 1315 4291; baseline 0.003 -19"><span class='ocrx_word' id='word_1_254' title='bbox 230 4219 266 4286; x_wconf 90' lang='lat' dir='ltr'>(l)</span> <span class='ocrx_word' id='word_1_255' title='bbox 287 4218 441 4274; x_wconf 85' lang='lat' dir='ltr'>Cardinalis</span> <span class='ocrx_word' id='word_1_256' title='bbox 459 4220 635 4275; x_wconf 86' lang='lat' dir='ltr'>Camerarius</span> <span class='ocrx_word' id='word_1_257' title='bbox 654 4238 703 4291; x_wconf 87' lang='lat' dir='ltr'>per</span> <span class='ocrx_word' id='word_1_258' title='bbox 716 4237 745 4274; x_wconf 92' lang='lat' dir='ltr'>se</span> <span class='ocrx_word' id='word_1_259' title='bbox 758 4224 808 4275; x_wconf 88' lang='lat' dir='ltr'>aut</span> <span class='ocrx_word' id='word_1_260' title='bbox 827 4237 968 4289; x_wconf 84' lang='lat' dir='ltr'>persuum</span> <span class='ocrx_word' id='word_1_261' title='bbox 987 4221 1150 4276; x_wconf 66' lang='lat' dir='ltr'>auditorem</span> <span class='ocrx_word' id='word_1_262' title='bbox 1166 4220 1315 4275; x_wconf 83' lang='lat' dir='ltr'>nonnullas</span> 
     </span>
     <span class='ocr_line' id='line_1_32' title="bbox 152 4324 1315 4397; baseline 0.005 -24"><span class='ocrx_word' id='word_1_263' title='bbox 152 4336 237 4378; x_wconf 76' lang='lat' dir='ltr'>cacam</span> <span class='ocrx_word' id='word_1_264' title='bbox 261 4326 391 4381; x_wconf 86' lang='lat' dir='ltr'>dirimere</span> <span class='ocrx_word' id='word_1_265' title='bbox 410 4325 522 4381; x_wconf 85' lang='lat' dir='ltr'>valebat</span> <span class='ocrx_word' id='word_1_266' title='bbox 540 4344 574 4381; x_wconf 86' lang='lat' dir='ltr'>ex</span> <span class='ocrx_word' id='word_1_267' title='bbox 593 4324 755 4393; x_wconf 86' lang='lat' dir='ltr'>levioribus,</span> <span class='ocrx_word' id='word_1_268' title='bbox 770 4342 842 4397; x_wconf 87' lang='lat' dir='ltr'>quae</span> <span class='ocrx_word' id='word_1_269' title='bbox 867 4326 930 4381; x_wconf 90' lang='lat' dir='ltr'>dein</span> <span class='ocrx_word' id='word_1_270' title='bbox 954 4328 983 4380; x_wconf 90' lang='lat' dir='ltr'>in</span> <span class='ocrx_word' id='word_1_271' title='bbox 1003 4328 1090 4395; x_wconf 76' lang='lat' dir='ltr'>grado</span> <span class='ocrx_word' id='word_1_272' title='bbox 1118 4324 1315 4395; x_wconf 85' lang='lat' dir='ltr'>appellationis</span> 
     </span>
     <span class='ocr_line' id='line_1_33' title="bbox 153 4420 705 4500; baseline 0.007 -23"><span class='ocrx_word' id='word_1_273' title='bbox 153 4420 344 4483; x_wconf 83' lang='lat' dir='ltr'>deducebantur</span> <span class='ocrx_word' id='word_1_274' title='bbox 361 4428 396 4483; x_wconf 82' lang='lat' dir='ltr'>ad</span> <span class='ocrx_word' id='word_1_275' title='bbox 411 4430 528 4500; x_wconf 66' lang='lat' dir='ltr'>plectam</span> <span class='ocrx_word' id='word_1_276' title='bbox 550 4429 705 4486; x_wconf 76' lang='lat' dir='ltr'>Camarum.</span> 
     </span>
    </p>
   </div>
   <div class='ocr_carea' id='block_1_8' title="bbox 282 4537 1173 4609">
    <p class='ocr_par' dir='ltr' id='par_1_9' title="bbox 282 4537 1173 4609">
     <span class='ocr_line' id='line_1_34' title="bbox 282 4537 1173 4609; baseline 0.002 -16"><span class='ocrx_word' id='word_1_277' title='bbox 282 4537 342 4593; x_wconf 77' lang='lat' dir='ltr'>Soc.</span> <span class='ocrx_word' id='word_1_278' title='bbox 361 4538 442 4609; x_wconf 74' lang='lat' dir='ltr'>Lapa</span> <span class='ocrx_word' id='word_1_279' title='bbox 1154 4540 1173 4595; x_wconf 86' lang='grc'><strong>6</strong></span> 
     </span>
    </p>
   </div>
   <div class='ocr_carea' id='block_1_9' title="bbox 0 0 1670 5109">
    <p class='ocr_par' dir='ltr' id='par_1_10' title="bbox 0 0 1670 5109">
     <span class='ocr_line' id='line_1_35' title="bbox 0 0 1670 5109; baseline 0 0"><span class='ocrx_word' id='word_1_280' title='bbox 0 0 1670 5109; x_wconf 95' lang='lat' dir='ltr'> </span> 
     </span>
    </p>
   </div>
  </div>
 </body>
</html>
