3292 5109
493 300 536 345 nr
561 298 701 347 runicus
726 298 992 346 necnasmsmcis
1268 279 1334 343 463

153 444 265 489 rerum
296 424 588 489 ecclesiasticarum
620 424 837 508 praescriptis.
862 458 906 473 -
933 422 1086 498 Garoias,
1118 422 1172 487 De
1205 422 1332 506 benef,

148 553 243 631 part.
267 547 348 620 XII,
374 565 449 629 cap.
474 546 508 620 3,
532 568 565 611 n.
591 546 624 612 3.

243 672 468 739 solemnitates
483 670 662 735 huiusmodi
677 676 760 743 sunt
774 671 884 739 citatio
897 648 1046 737 Rectoris
1058 672 1225 737 Ecclesiae
1241 673 1334 737 cuius

154 794 238 859 bona
254 794 489 868 distrahuntur,
507 799 542 860 ut
556 795 617 859 iste
632 814 724 860 suum
740 793 888 879 proterat
912 814 1101 859 consensum
1118 797 1334 861 sacrationes

152 919 268 1005 quibus
289 920 342 984 vel
365 920 523 985 adhaeret
544 920 598 985 vel
621 920 815 987 contradicit
838 922 1022 1006 propositae
1045 920 1193 985 divisioni
1217 920 1274 1005 (Ι).
1300 920 1333 986 Si

155 1046 298 1110 rationes
314 1046 379 1109 sint
393 1045 497 1109 minus
512 1044 696 1129 probabiles
711 1046 779 1109 sive
796 1046 829 1110 in
846 1032 942 1111 unam
959 1046 1027 1111 sive
1039 1046 1072 1110 in
1084 1046 1179 1109 aliam
1196 1051 1333 1131 partem,

152 1170 193 1235 ab
216 1172 376 1255 Episcopo
402 1191 468 1235 nou
497 1170 726 1235 attenduntur:
751 1170 793 1235 cf.
819 1171 1010 1257 Fagnanus‚
1034 1170 1072 1236 in
1095 1190 1169 1252 cap.
1194 1169 1251 1235 Act
1274 1190 1333 1237 au·

152 1295 317 1361 dientiarn
344 1294 391 1361 De
413 1294 571 1361 Ecclesiis
593 1291 708 1375 aedifi,
724 1314 759 1360 n.
775 1294 836 1359 29.
856 1330 873 1343 -
892 1295 971 1358 Dein
988 1294 1106 1359 citandi
1130 1300 1205 1360 sunt
1221 1314 1332 1361 omnes

155 1420 312 1485 interesse
328 1417 494 1499 habentes,
511 1419 558 1484 uti
574 1419 716 1503 explicat
731 1417 816 1482 idem
834 1418 1015 1503 Fagnauus,
1034 1420 1054 1483 t.
1072 1420 1144 1484 cit:
1160 1420 1229 1483 sive
1245 1420 1331 1483 enim

153 1546 280 1630 patroni
305 1546 374 1609 sive
396 1545 456 1629 ipsi
479 1544 668 1629 parochiani
691 1545 786 1629 plura
809 1542 972 1609 deducere
995 1546 1128 1629 possunt
1151 1546 1233 1609 scitu
1258 1544 1332 1608 util-

155 1670 231 1734 lima
254 1674 286 1733 et
308 1670 454 1755 apprime
475 1668 669 1734 attendenda
691 1674 863 1754 antequam
884 1669 1076 1735 devenietur
1099 1667 1139 1733 ad
1163 1668 1333 1735 Ecclesiae

151 1792 236 1858 bona
265 1790 445 1857 dividenda.
472 1828 490 1840 -
514 1792 697 1859 consensus
730 1794 826 1858 etiam
855 1791 991 1876 Capituli
1023 1792 1191 1857 Ecclesiae
1216 1792 1332 1857 Cathe-

151 1912 253 1980 dralis
275 1913 494 1998 exquirendus
519 1920 576 1987 est,
601 1915 692 1979 iuxta
715 1914 887 1999 generales
915 1914 1045 1999 regulas
1076 1914 1115 1979 de
1148 1914 1245 1979 rebus
1267 1916 1333 1981 Ec·

153 2040 272 2106 clasiae
295 2040 487 2105 alienandis:
512 2060 583 2126 arg.
608 2059 681 2122 cap.
702 2038 785 2113 Nos,
810 2045 843 2104 et
866 2060 940 2123 cap.
962 2037 1047 2105 Cum
1070 2040 1264 2123 pastoralis.
1282 2040 1332 2106 De

154 2167 206 2232 bis
225 2186 314 2251 quae
336 2168 421 2253 fiunt
448 2166 668 2233 aPraetatis.
686 2168 721 2232 X
733 2164 807 2253 (ΙΙΙ,
828 2166 892 2248 10),
911 2202 928 2215 -
947 2167 1091 2251 Denique
1115 2164 1333 2233 conficiendas

155 2298 204 2357 est
227 2310 407 2377 processus,
424 2312 468 2357 ex
487 2312 549 2377 qno
565 2298 691 2358 constet
710 2293 787 2357 satis
801 2292 901 2357 inisse
918 2291 1038 2359 factum
1056 2293 1265 2377 praescriptis
1279 2312 1333 2358 so-

154 2415 380 2481 lemnitatibus.
395 2416 566 2482 Rationem
578 2417 674 2482 huius
689 2436 862 2502 processus
874 2416 1015 2501 explicet
1027 2415 1157 2482 Decitio
1171 2414 1278 2481 Rotae
1290 2414 1330 2481 R.

153 2539 244 2603 inter
267 2538 470 2605 recentiores
484 2538 569 2613 224,
592 2543 683 2621 part.
707 2539 748 2611 X,
773 2558 807 2603 n.
832 2537 891 2604 35.

243 2666 317 2730 360.
342 2664 389 2729 De
411 2664 517 2729 torma
536 2684 722 2739 concursus,
740 2669 897 2748 quatenus
920 2664 982 2728 ista
997 2664 1149 2748 exprimit
1173 2665 1331 2729 rationem

153 2786 348 2871 procedendi
372 2786 504 2851 omnino
530 2786 704 2871 specialem
727 2790 760 2854 et
783 2791 874 2852 arcte
907 2806 1086 2853 connexam
1118 2808 1191 2853 cum
1219 2787 1332 2853 ordine

152 2910 304 2991 iudiciali,
321 2914 440 2975 statuta
456 2915 488 2975 et
503 2910 665 2995 explicata
688 2910 749 2976 luit
764 2930 784 2974 a
801 2909 833 2975 S.
849 2910 949 2995 Cong.
965 2910 1097 2975 Consilii
1114 2911 1170 2975 die
1186 2911 1230 2975 16
1245 2909 1330 2977 Nou.

152 3033 259 3115 1720,
284 3034 466 3118 propositiis
489 3034 575 3097 enim
600 3032 725 3098 Dubiis:
752 3035 778 3097 1.
803 3034 859 3098 An
882 3032 920 3098 in
943 3034 1161 3101 concursibus
1182 3052 1271 3118 quae
1293 3032 1332 3100 in

148 3160 324 3237 posterum
340 3158 423 3240 fient
436 3156 611 3222 occasione
626 3155 813 3222 vacationis
826 3156 1057 3222 Ecclesiarurn
1071 3156 1330 3223 Parecbiatium

151 3278 433 3360 praecipiendum
455 3279 500 3343 sit
520 3284 559 3343 ut
580 3279 864 3379 eaderntomnino
881 3278 1034 3363 quaesita
1051 3279 1331 3345 concernentibus

150 3408 396 3483 proponantur
426 3408 456 3467 et
488 3400 578 3486 quod
607 3402 840 3486 unusquisque
864 3421 909 3467 ecc
939 3402 1215 3468 concurrentibus
1238 3402 1331 3468 intra

154 3547 346 3612 conpruunc
371 3534 503 3611 tempus
526 3527 775 3613 assipnandnm
799 3527 970 3593 debentia
984 3527 1119 3610 scriptis
1134 3527 1331 3609 satisfacere

153 3651 316 3734 quaesitis
335 3652 521 3733 propositis
537 3657 567 3715 et
583 3671 630 3716 an
646 3651 790 3717 atterius
807 3651 1095 3735 praecipiendum
1111 3652 1153 3716 sit
1174 3656 1210 3715 nt
1229 3670 1331 3738 unus-

153 3772 297 3855 quisque
330 3791 377 3837 erc
411 3772 691 3838 concurrentibus
720 3791 912 3839 sermonem
946 3772 1073 3839 scribat
1101 3792 1206 3855 super
1238 3777 1331 3838 teuta

152 3898 332 3983 Ecanpelii
348 3898 504 3965 omnibus
520 3898 797 3965 concurrentibus
813 3900 1031 3984 assianando.
1051 3900 1093 3964 ΙΙ.
1107 3900 1162 3963 An
1178 3904 1209 3964 et
1224 3918 1330 3984 quan·

241 4198 280 4266 (l)
301 4196 339 4252 De
358 4198 466 4251 ratione
485 4197 586 4267 quain
605 4196 761 4251 huiusmodi
780 4196 963 4251 divisionibus
976 4197 1193 4267 expostulandae
1206 4198 1243 4253 sit
1262 4216 1330 4253 con-

151 4319 248 4357 sensus
268 4302 381 4371 parochi
400 4305 430 4357 et
448 4302 552 4372 populi,
566 4302 677 4357 disserit
693 4302 887 4370 obduramini,
906 4304 1012 4359 Auctor
1026 4302 1216 4375 Ephemcridis
1230 4335 1244 4345 -
1260 4307 1331 4360 Acta

154 4408 180 4460 S.
202 4409 282 4463 Sedis
295 4437 308 4449 -
328 4408 357 4461 in
376 4409 540 4479 Appendices
560 4408 604 4475 VI,
623 4409 679 4462 aot.
700 4407 756 4474 III,
773 4428 839 4480 pap.
858 4409 931 4464 396.
