3292 5109
298 284 365 351 310
814 304 898 353 rans
922 305 959 352 u.

298 432 331 493 et
353 426 402 493 Vl
428 427 573 515 singulae
602 425 822 492 hebdomadae
847 423 1011 493 Officiales
1040 426 1189 523 potiores
1211 428 1364 493 llatariae
1393 427 1480 514 apud

299 552 393 619 Oard.
412 529 672 617 Pro-Daunum
695 556 855 617 vocantur
878 553 1163 638 congregationes.

387 676 463 742 261.
489 678 527 742 ln
558 678 689 742 Dataria
716 678 962 763 supplicantium
993 684 1101 764 partes
1130 683 1233 763 agunt
1262 677 1481 763 Expeditores

299 823 356 869 seu
371 803 603 870 Sollicitatores
619 802 781 877 Datariaa
795 804 904 870 nobile
927 805 1098 891 collegium
1121 805 1370 885 constituentes,
1394 804 1481 889 quod

297 928 426 1014 ingredi
441 928 538 994 hodie
554 948 618 993 non
634 928 684 993 las
708 932 757 993 est
777 929 838 994 nisi
858 926 994 994 satisfiat
1013 929 1248 996 conditionibus
1269 932 1482 1015 praescriptis

298 1050 332 1114 in
349 1052 536 1135 nuperrimo
553 1051 691 1115 Decreta
708 1049 860 1133 evulgato
875 1069 896 1115 a
912 1049 1140 1115 Commissione
1156 1048 1365 1116 Cardinalitia
1380 1070 1481 1136 super

298 1169 437 1245 laudata,
462 1173 518 1238 die
536 1172 579 1237 16
595 1173 685 1255 Sept.
703 1172 794 1237 1897
817 1192 838 1236 a
860 1172 892 1238 S.
918 1170 1075 1237 Pontifice
1097 1173 1276 1258 approbato
1298 1178 1333 1238 et
1354 1173 1481 1257 amplis·

299 1297 380 1361 sirne
403 1293 602 1362 confirmato.
620 1294 711 1371 Quod
729 1296 895 1361 decretum
913 1315 1071 1362 revocans
1083 1297 1147 1362 alia
1159 1297 1291 1363 decreta
1306 1298 1370 1364 hac
1384 1298 1426 1363 de
1440 1318 1481 1363 re

299 1422 385 1487 edita
408 1428 575 1507 quatenns
594 1442 665 1490 non
687 1442 723 1489 se
746 1426 922 1505 opponant
939 1421 1272 1506 praescriptionibus
1294 1423 1397 1488 buius
1417 1444 1481 1489 nu·

295 1547 443 1631 perrimi
466 1545 600 1622 decreti,
625 1546 781 1609 nonnulla
804 1545 915 1611 iubent
937 1564 1021 1629 quae
1042 1545 1084 1609 ad
1107 1547 1179 1611 illos
1204 1548 1300 1611 etiam
1331 1552 1482 1632 spectant

300 1692 436 1757 quorum
452 1673 581 1757 negotia
600 1671 763 1757 agitantur
778 1671 863 1757 apud
881 1672 1055 1737 Datariam.
1073 1706 1091 1720 ·
1110 1670 1300 1736 Huiusmodi
1323 1672 1481 1737 articulos

299 1796 474 1861 referimus
497 1796 600 1861 latine
621 1795 782 1862 redditos.
799 1797 871 1860 Art.
889 1795 925 1860 8:
944 1814 962 1858 c
978 1795 1206 1878 Erpeditores
1225 1815 1296 1861 non
1315 1801 1482 1879 poterunt

301 1939 461 1988 sumcere
483 1939 584 1985 suurn
606 1938 733 1985 munus
758 1919 827 1984 nisi
849 1925 952 1985 antea
974 1920 1192 2002 deposuerint
1210 1920 1307 2004 apud
1325 1918 1481 2005 Officium

303 2044 519 2131 Sepretariae
541 2044 745 2109 mandatum
766 2046 948 2128 personale
962 2048 1024 2109 aut
1037 2044 1241 2109 mandatum
1256 2044 1402 2127 mariale
1420 2044 1483 2110 da·

303 2172 374 2232 lum
398 2166 441 2233 ab
467 2164 649 2233 Ordinaria
673 2164 844 2233 Diaecesir
873 2166 970 2235 cuius
991 2167 1127 2254 nepotia
1151 2168 1285 2254 opilare
1306 2165 1437 2233 debent.
1462 2204 1481 2214 -

302 2288 534 2355 Nihilominus
557 2308 659 2375 apere
676 2295 840 2372 poterunt
861 2290 999 2376 nepalia
1013 2288 1141 2375 absque
1160 2289 1284 2356 Ouriae
1301 2290 1481 2363 mandato,

303 2414 575 2500 quotiescumque
598 2415 802 2481 mandalum
823 2402 1015 2499 receperint
1039 2434 1240 2498 eupressurn
1262 2414 1306 2481 ab
1329 2434 1367 2482 eo
1383 2417 1485 2481 cuius

301 2539 456 2612 interest,
477 2558 544 2623 per
571 2539 700 2605 litteras
728 2539 779 2605 nti
810 2540 1022 2607 authenticas
1044 2539 1245 2626 resupnum,
1270 2538 1484 2605 exuberans

305 2662 418 2749 Officia
440 2663 638 2746 supradicta
657 2684 687 2728 r.
704 2665 775 2729 Art.
796 2664 856 2729 13:
882 2664 1145 2747 ‹Enpeditores
1163 2669 1328 2747 poterunt
1343 2662 1484 2750 nepotis

303 2809 406 2876 apere
428 2790 524 2872 apud
544 2790 735 2863 Belerion,
750 2810 815 2873 per
838 2790 1057 2864 Adiunctum,
1079 2791 1139 2856 sed
1160 2810 1271 2856 unum
1286 2791 1481 2857 dumtaual.

302 2916 395 2983 Hinc
417 2918 463 2982 ad
486 2886 680 2983 huiusmodi
703 2936 829 2983 munus
851 2917 1061 3000 captendum
1084 2917 1278 2983 necessaria
1294 2922 1342 2983 est
1364 2922 1484 2983 aucto-

302 3043 388 3109 ritas
418 3042 497 3109 Emi
519 3042 743 3109 Pro-Datarii
769 3060 838 3124 per
865 3042 1070 3125 rescriptum
1097 3042 1322 3109 concedenda.
1347 3043 1392 3108 At
1414 3063 1487 3126 per

304 3168 366 3235 bac
387 3168 592 3251 rescriptum
616 3166 853 3253 Dycasterium
876 3167 1042 3233 Datariae
1068 3168 1255 3234 nullimode
1278 3168 1424 3234 intendit
1444 3170 1484 3254 fi-

303 3288 461 3356 deiubere
492 3295 550 3356 aut
585 3290 686 3357 aliter
714 3290 883 3372 spondere
914 3309 990 3381 pro·
1012 3291 1223 3373 Expeditore
1251 3291 1481 3358 Adiuncto».

304 3415 375 3480 Art.
394 3414 453 3479 14:
481 3412 742 3485 «Quamobrem
766 3414 991 3496 Expeditores
1013 3413 1199 3478 dumtaxat
1218 3419 1320 3479 erunt
1342 3415 1487 3503 obligati

303 3539 346 3605 de
368 3538 469 3625 pestis
491 3556 633 3604 suerum
650 3538 919 3621 Adiunclorum;
942 3544 974 3605 et
996 3538 1025 3603 si
1047 3539 1150 3620 culpa
1173 3539 1271 3613 adsit,
1290 3540 1486 3623 Expeditae·

299 3684 367 3747 pro
379 3663 548 3730 Adiuncto
562 3662 743 3746 Superiori
753 3663 957 3730 Auctoritati
968 3663 1176 3747 respondere
1188 3663 1283 3730 debet
1295 3686 1325 3728 r.
1339 3667 1412 3731 Art.
1428 3667 1485 3733 15:

304 3891 534 3947 testimonialium
554 3906 603 3961 pro
622 3890 757 3961 Hispania
775 3896 804 3945 ct
823 3890 984 3957 Lusitania3
1007 3892 1073 3961 quia
1092 3891 1293 3946 testimonialia
1311 3891 1399 3946 latine
1418 3908 1483 3946 con·

304 4002 358 4070 cipi
384 4000 499 4067 debent,
520 4000 612 4069 prouti
637 4016 726 4069 nuper
750 3999 872 4054 edictum
897 3999 965 4063 fuit3
985 3998 1056 4052 Vlll.
1073 4001 1206 4054 Adiuncti
1221 3999 1316 4070 Officia
1331 4000 1484 4065 Erosium,-

305 4106 353 4162 lx.
372 4108 504 4162 Adiuncti
523 4108 694 4179 Sepretnrii5
717 4106 805 4161 x-xl.
827 4107 955 4160 Duorum
972 4106 1170 4160 adiunctarum
1188 4108 1369 4161 derisoribus
1391 4107 1484 4161 Bene·

303 4212 454 4282 pataliam,
473 4210 532 4265 Xll.
552 4216 582 4266 et
593 4212 795 4282 Repistrutoris
813 4212 1053 4281 dispensationum
1070 4212 1268 4280 expeditarum
1284 4228 1340 4281 per
1351 4211 1483 4265 modulos

305 4320 377 4389 typis
395 4319 560 4388 impressam
579 4334 650 4389 quae
668 4318 762 4372 omnia
774 4318 867 4371 officia
879 4318 981 4388 quippe
996 4317 1111 4371 minoris
1125 4317 1253 4386 ponderis
1265 4318 1404 4372 attributa
1415 4320 1485 4372 suut

305 4422 467 4492 respectivis
486 4421 641 4490 potioribus
659 4420 839 4475 officialibus.
