3292 5109
648 287 854 336 inusserunt
877 288 911 337 V.

195 479 225 550 b)
245 479 430 550 Dispensatio,
449 481 483 533 ob
503 494 615 533 cansam
633 481 811 546 necessitatis,
829 485 930 552 farore
943 498 1113 552 pauperum.

286 643 330 699 Ita
348 654 505 698 summatur
523 645 668 700 instantia.-

354 807 520 862 Beatissime
539 807 625 862 Pater

283 944 420 1001 Pantaleo
437 946 465 1000 X
485 951 514 1002 et
532 945 654 1016 Birgitts
673 947 708 1013 Y,
729 962 874 1016 pauperes,
892 947 980 1002 dioec.
999 947 1041 1014 N,
1061 948 1262 1017 consanguinei
1281 950 1309 1003 in
1328 967 1371 1005 se·

194 1056 284 1112 cundo
302 1057 350 1111 lin.
370 1056 432 1112 coll.
451 1057 548 1127 gradu,
566 1056 774 1110 matrimonium
798 1057 872 1111 inter
890 1073 920 1112 se
939 1055 1104 1111 contrahere
1130 1058 1284 1127 cupientes,
1303 1057 1372 1112 San·

192 1163 321 1220 ctitetem
331 1163 460 1219 Vestram
469 1164 503 1219 de
512 1135 684 1234 opportunae
694 1163 908 1234 dispensationis
918 1164 1010 1233 gratia
1019 1163 1176 1220 humillime
1186 1165 1371 1235 deprecantur

193 1275 229 1328 ob
252 1276 399 1344 soquentes
420 1272 543 1326 rationes
565 1269 733 1327 authenticis
757 1271 930 1326 documentis
955 1274 1157 1342 comprobatas:
1183 1274 1370 1330 conditionem

195 1375 325 1430 oratricis
344 1379 462 1446 utroque
481 1379 596 1446 parente
614 1377 737 1442 orbatae,
751 1375 936 1446 suspicionem
955 1377 1085 1446 incestus,
1098 1378 1230 1434 scandala
1247 1379 1370 1435 uitanda.

355 1553 460 1606 Forum
478 1553 625 1622 Rescripti.

286 1697 374 1750 Sacra
392 1694 610 1750 Paenitentiaria
629 1694 664 1747 dc
682 1693 801 1764 speciali
819 1703 847 1748 et
866 1710 1000 1764 expressa
1018 1696 1180 1765 Apostolica
1198 1698 1373 1752 Auctor-itate

195 1803 402 1872 suprascriptos
427 1809 553 1854 oratores
570 1818 588 1853 a
606 1801 747 1869 quibusvis
765 1801 916 1866 sententiis,
936 1801 1062 1853 censuris
1081 1810 1107 1856 et
1121 1806 1221 1872 poenis
1240 1804 1372 1858 ecclesio-

193 1910 268 1964 sticis
293 1919 350 1962 tom
368 1927 385 1962 a
404 1912 467 1961 iure
490 1925 574 1977 quarn
598 1909 633 1960 ab
656 1908 768 1962 homine
792 1909 890 1976 quavis
916 1909 1059 1963 occasione
1077 1910 1125 1963 rel
1149 1926 1234 1964 causo
1254 1910 1328 1976 latis,
1346 1912 1372 1964 si

194 2016 292 2086 qnibtrs
311 2014 515 2086 quomodolibet
533 2013 658 2068 innodati
675 2016 739 2080 sint,
751 2015 789 2067 ad
803 2016 932 2084 effectum
946 2015 1145 2085 infrascriptae
1162 2018 1272 2086 oratioe
1289 2017 1371 2071 dnm

193 2133 270 2178 tanat
295 2123 513 2192 consequendae,
537 2123 620 2178 huius
643 2123 775 2192 rescripti
798 2131 895 2177 tenore
918 2123 1066 2177 absolvens
1091 2133 1117 2177 et
1141 2125 1282 2178 absolutos
1307 2128 1372 2195 fore

195 2247 318 2297 censens,
342 2227 491 2284 Oratorum
513 2228 663 2283 Ordinatio
681 2230 848 2298 facultatem
866 2229 998 2296 concedit,
1012 2247 1075 2282 cum
1086 2229 1187 2283 iisdem
1201 2232 1368 2296 oratoribus,

193 2347 308 2403 remoto,
335 2346 470 2407 quatenus
495 2338 573 2403 adsit,
593 2337 734 2401 scarndolo,
756 2337 928 2406 praesertim
942 2353 997 2406 per
1014 2338 1220 2406 separationem
1245 2347 1370 2407 tempore

193 2443 246 2496 sibi
265 2445 400 2506 benevim,
419 2444 444 2494 si
461 2442 526 2512 fieri
541 2450 640 2510 potest,
658 2457 692 2494 ac
707 2441 828 2510 praevia
850 2441 1022 2494 absolutione
1046 2441 1105 2494 sice
1121 2457 1176 2510 per
1193 2458 1223 2494 se
1241 2443 1300 2496 sire
1314 2459 1372 2512 per
1459 2489 1463 2494 .

193 2550 281 2603 aliam
300 2549 430 2602 idoneam
448 2548 665 2601 ecclesiasticam
679 2563 833 2617 personam
850 2549 885 2601 ab
904 2547 946 2600 Eo
961 2549 1061 2602 adhoc
1073 2548 1234 2618 specialiter
1245 2550 1298 2602 ltoc
1309 2553 1371 2602 vice

192 2665 300 2710 tontum
318 2657 507 2726 deputandam
519 2674 536 2708 a
550 2651 675 2710 censuris
689 2663 714 2707 et
726 2655 823 2724 poenis
836 2655 1037 2721 ecclesiasticas,
1050 2659 1075 2708 si
1087 2671 1155 2724 quas
1168 2657 1201 2708 ob
1210 2659 1370 2725 praemissa

193 2761 374 2824 incurrerint,
385 2767 409 2812 et
422 2761 457 2812 ab
469 2761 589 2811 incestus
601 2760 725 2812 reatibus
738 2768 872 2827 quatenus
885 2758 924 2828 (l)
938 2761 1155 2824 intercesserint,
1168 2777 1232 2812 cum
1245 2770 1370 2828 conprud

191 2865 362 2934 poenitentia
386 2865 515 2927 salutari,
533 2866 558 2916 si
578 2881 644 2916 aera
668 2865 722 2915 sint
747 2865 881 2932 exposita,
901 2873 928 2917 et
945 2864 1097 2918 dummodo
1120 2879 1207 2933 super
1221 2865 1312 2932 petita
1328 2866 1372 2920 di·

193 2973 370 3041 spensatione
388 2987 521 3025 recensus
539 2973 576 3024 ad
595 2971 784 3040 Apostolicam
810 2969 956 3022 &tarium
974 2974 1065 3040 sactus
1089 2987 1145 3023 non
1169 2974 1213 3036 sit,
1234 2972 1371 3041 aliudque

193 3081 233 3131 eis
252 3077 416 3130 canonicum
434 3092 490 3129 non
508 3077 594 3129 obstet
617 3075 857 3144 impedimentum,
881 3076 1028 3145 quominus
1047 3076 1172 3146 lepitimo
1190 3077 1370 3130 matrimonio

194 3186 325 3255 coniunpi
340 3186 445 3254 possint
464 3183 571 3251 (solutis
595 3186 652 3236 iam
672 3201 727 3253 pro
753 3185 877 3238 eiusdem
897 3185 1073 3254 Apostolicae
1098 3171 1234 3238 Datariae
1259 3187 1371 3239 iuribus

195 3292 301 3346 libellis
318 3293 425 3358 decan)
444 3307 530 3360 super
548 3291 685 3344 recensito
703 3294 732 3342 in
747 3293 881 3360 precibus
900 3293 1095 3361 impedimento
1109 3299 1147 3356 ut,
1161 3292 1214 3345 illo
1232 3309 1266 3344 ac
1280 3309 1369 3360 prae-

193 3401 293 3466 missis,
315 3400 555 3454 constitutionibus
573 3408 654 3468 atpue
683 3399 911 3452 ordinationibus
935 3399 1112 3469 Apostolicis,
1131 3401 1284 3469 ceterisque
1303 3417 1370 3454 con·

194 3510 291 3562 trariis
310 3509 525 3577 quibuscumque
544 3522 599 3559 non
618 3505 795 3571 obstantibus,
813 3507 1023 3559 rrurtrimonium
1041 3515 1159 3575 uterque
1177 3509 1252 3560 inter
1270 3521 1300 3560 se
1315 3524 1369 3576 pu·

195 3615 265 3670 blica
285 3625 396 3669 serrata
421 3617 514 3684 somna
534 3613 615 3666 Sacri
639 3611 757 3665 Consilii
780 3613 945 3677 Tridentini,
964 3613 1130 3666 contrahere
1149 3621 1174 3664 et
1193 3613 1223 3665 in
1242 3628 1273 3665 eo
1290 3623 1369 3682 post·

193 3721 308 3774 modum
326 3735 475 3773 remanere
495 3719 569 3772 licite
586 3737 619 3772 ac
639 3719 726 3772 libere
745 3718 866 3783 valeant,
881 3718 950 3787 pari
967 3719 1128 3788 Apostolica
1146 3719 1321 3772 Auctoritnte
1339 3719 1371 3778 in

192 3835 311 3895 utroque
329 3828 394 3896 foro
413 3825 633 3878 misericorditer
646 3833 674 3876 et
683 3825 773 3891 protis
792 3823 988 3892 dispensandi:
1003 3824 1116 3892 prolem
1130 3825 1189 3876 siue
1201 3832 1367 3894 susceptam,

192 3936 252 3987 sice
271 3933 477 4002 suscipiendam
491 3931 592 3986 eninde
612 3931 764 4000 lepitimam
784 3931 960 3986 decernendo
978 3947 1012 3984 ac
1030 3932 1184 4001 respective
1202 3933 1369 3985 nuncianda.

285 4037 387 4090 Datum
407 4047 456 4092 etc.

287 4231 317 4288 (l)
331 4233 355 4276 Si
369 4233 471 4276 incestus
485 4232 571 4276 lactum
585 4241 622 4276 est
636 4231 785 4288 undequaque
799 4239 887 4276 certum
902 4239 956 4288 post
969 4234 1040 4276 rerba
1054 4255 1066 4265 ·
1081 4238 1111 4276 nb
1126 4237 1228 4278 incestus
1241 4237 1348 4278 rentibus
1357 4256 1369 4266 ·

192 4301 308 4345 adduntur
322 4303 431 4346 continuo
447 4303 517 4346 serbe
532 4325 542 4336 ·
554 4315 601 4346 conr
612 4314 682 4346 onum
692 4326 710 4346 -.
725 4304 749 4346 Si
763 4302 822 4346 sorte
832 4311 950 4358 peractum
959 4304 990 4346 sit
1000 4304 1166 4346 matrimonium
1176 4303 1245 4346 civile
1255 4303 1315 4357 quod
1325 4317 1369 4360 ro·

191 4380 255 4428 cant,
263 4371 362 4416 sumeris
369 4374 471 4417 incestus
479 4373 515 4417 rel
525 4373 606 4429 minus,
617 4374 707 4417 additur
716 4374 822 4417 clausula
832 4387 881 4418 cusi
889 4387 958 4418 «enarr
969 4387 998 4418 nr
1007 4387 1126 4420 usurasne
1134 4387 1214 4430 nempe
1222 4377 1368 4430 poenitentia.
