3292 5109
260 262 325 328 190
447 245 450 253 ¹
783 280 873 333 ,rans
897 280 933 327 11.

257 408 390 481 sionem,
407 396 559 471 videlicet
573 404 793 472 tantummodo
812 404 1129 487 compreteentiaam
1151 424 1339 471 concessam
1355 424 1442 478 esse,

256 532 333 615 quia
361 530 491 595 nomine
519 528 809 612 interpretationis
839 527 1008 594 dumtaxat
1031 529 1114 594 haec
1138 528 1442 613 comprehenditur,

258 676 322 723 non
353 658 417 723 alia
447 658 516 723 sive
546 656 724 723 eatensiaa
754 658 822 720 sive
853 655 1062 731 restrictam
1091 656 1247 739 siquidem
1278 656 1342 722 hae
1372 676 1443 721 non

258 780 389 865 proprie
410 778 561 844 dicuntur
583 777 888 861 interpretationes,
905 778 961 843 sed
984 796 1100 863 reapse
1123 784 1198 843 sunt
1221 778 1273 844 vel
1297 779 1443 865 aeropa-

258 903 364 971 tiones
385 903 437 967 vel
462 902 674 969 caterniones
697 904 795 987 legis;
820 910 854 969 et
876 902 991 988 regula
1013 902 1177 987 generalis
1202 907 1260 976 est,
1283 897 1443 966 vocabula

257 1030 290 1094 in
314 1025 599 1094 Constitutionibus
623 1027 742 1093 debere
765 1028 869 1114 accipi
893 1028 926 1091 in
950 1029 1083 1113 propria
1105 1025 1352 1113 significatione,
1376 1027 1440 1092 nisi

256 1149 343 1215 aliud
374 1171 529 1237 expresse
555 1156 719 1216 caveatur.
744 1151 789 1217 At
812 1151 1093 1236 providentissimo
1118 1144 1254 1217 coneilio
1277 1150 1360 1215 idem
1385 1146 1442 1214 Si-

257 1278 332 1338 xtus
347 1273 379 1338 V
404 1281 439 1339 ut
459 1280 641 1359 amputaret
665 1276 868 1357 quaestiones
884 1276 973 1341 circa
988 1275 1133 1339 valorem
1149 1274 1439 1358 interpretationis,

256 1406 290 1465 et
313 1401 495 1486 plenissime
518 1402 718 1485 prospiceret
733 1402 860 1466 muneri
877 1400 953 1466 huic
969 1400 1221 1487 congregationi
1238 1400 1439 1483 concredito,

257 1523 290 1586 in
314 1521 424 1587 eadem
446 1522 551 1588 Const.
570 1492 743 1589 immensa
766 1522 889 1605 tribuit,
913 1526 959 1589 uti
984 1525 1045 1588 iam
1070 1522 1225 1596 vidimus,
1248 1523 1439 1589 tenultatem

259 1648 516 1730 «promovendi
538 1646 820 1730 reformationem
843 1650 926 1716 cteri
948 1656 980 1714 et
1000 1649 1121 1732 papati
1143 1650 1272 1715 nedum
1288 1650 1325 1713 tn
1347 1648 1437 1715 Urbe

257 1778 288 1838 et
310 1778 401 1839 stata
427 1774 647 1840 ecclesiastico
673 1773 864 1856 temporati,
888 1774 1074 1840 sedetiam
1100 1774 1137 1839 in
1166 1774 1326 1840 aniverso
1350 1774 1441 1841 ctri-

256 1895 366 1961 stiano
390 1894 479 1969 orba
496 1895 533 1961 in
548 1894 590 1961 iis
605 1915 694 1981 qnae
712 1896 885 1979 pertinent
909 1897 956 1962 ad
979 1896 1134 1963 diuinam
1157 1899 1288 1963 cattam
1306 1916 1439 1980 propa·

254 2018 417 2101 pandam,
442 2019 653 2085 devotmnem
675 2020 896 2086 excitandam
919 2026 950 2085 et
965 2038 1085 2087 mores
1107 2020 1285 2086 christiani
1312 2020 1439 2103 papati

255 2141 304 2207 ad
328 2144 583 2225 praescriptum
614 2142 766 2209 anetem
794 2142 934 2211 Concitii
965 2144 1261 2227 componendos...
1285 2164 1318 2207 s.
1343 2144 1438 2209 Haec

256 2267 364 2330 omnia
393 2272 562 2350 praestare
594 2287 657 2331 non
688 2270 814 2334 valeret
838 2269 870 2335 S.
895 2268 995 2355 Cong.
1019 2268 1163 2340 concilii,
1188 2268 1249 2333 nisi
1277 2274 1437 2352 potestate

255 2389 393 2474 polleret
414 2410 516 2455 novas
531 2390 620 2475 leges
636 2390 748 2457 edendi
766 2398 799 2458 et
814 2399 943 2458 veteres
967 2391 1153 2477 corrigendi
1169 2394 1231 2457 etsi
1253 2393 1437 2478 propositas

255 2533 275 2579 a
298 2514 440 2581 Concilio
463 2514 662 2589 Tridentino,
679 2515 806 2599 quando
831 2517 894 2582 hoc
917 2518 1068 2601 exquirat
1088 2519 1265 2581 necessitas
1289 2511 1434 2599 proma-

255 2638 357 2704 aemti
385 2638 468 2705 cieri
491 2645 521 2705 et
539 2640 662 2722 popnti
684 2638 965 2722 reformationem
989 2660 1032 2705 ao
1058 2658 1318 2705 ennusonmrnn
1345 2637 1435 2706 Con·

254 2758 324 2823 citii
345 2758 450 2834 Trici„
467 2760 618 2825 videlicet
634 2762 736 2847 magis
754 2760 948 2827 attendendo
963 2762 1124 2845 spiritam
1139 2780 1196 2825 seu
1212 2760 1435 2825 intentionem

254 2881 336 2967 legis
359 2902 453 2967 qnam
477 2884 634 2950 litteram.
660 2882 750 2949 Unde
773 2886 943 2970 exprimo
975 2886 1081 2971 capita
1112 2884 1332 2951 concessionis
1356 2884 1434 2949 huic

255 3004 354 3092 Cong.
371 3008 524 3091 competit
546 3008 770 3094 interpretatio
794 3009 1093 3093 comprehensam
1118 3029 1161 3073 ex
1183 3009 1298 3090 altero,
1321 3014 1436 3075 eaten-

253 3132 328 3199 sioa
358 3138 391 3198 et
419 3134 618 3200 restrictiva.
654 3134 702 3203 Gi.
729 3137 927 3221 Fagnanum,
952 3137 1006 3220 qui
1035 3155 1056 3201 a
1085 3138 1222 3201 secretis
1245 3136 1307 3201 tait
1337 3136 1434 3201 huius

254 3252 537 3341 Congregationis‚
562 3256 599 3321 in
630 3276 749 3323 comm.
778 3258 826 3322 ad
856 3276 930 3340 cap.
964 3248 1141 3328 Qnoniam.
1175 3256 1225 3321 De
1250 3255 1387 3323 Constit.
1414 3290 1432 3303 -

254 3378 396 3446 Proinde
421 3382 613 3466 reprobandi
638 3388 797 3455 auctores,
823 3386 876 3467 qui
901 3383 1245 3469 huic-Congregationi
1269 3384 1434 3469 denegant

254 3504 477 3570 auctoritatem
494 3506 717 3591 lepistaticam
734 3528 790 3572 seu
810 3528 912 3573 novas
935 3509 1025 3593 leges
1048 3507 1173 3581 edendi,
1198 3508 1328 3573 Summo
1346 3508 1434 3573 Pon·

253 3628 339 3697 tifice
362 3636 470 3696 amen
495 3632 641 3699 consulto
666 3634 777 3717 quue
800 3634 1009 3719 approbante.
1035 3635 1082 3701 (ii.
1107 3633 1270 3717 Zamboni‚
1299 3652 1353 3717 op.
1378 3633 1432 3699 cit.

253 3756 456 3839 vot.1,§r.
613 3742 620 3757 '

344 3880 434 3946 Haeo
459 3881 674 3968 congregatio
693 3885 869 3967 prieratiaa
899 3885 999 3970 pollet
1029 3889 1244 3972 competentia
1273 3887 1435 3972 interpre

252 4004 342 4071 tandi
374 4006 513 4071 Decreta
535 4006 656 4074 Concil.
682 4010 768 4074 Trid.
794 4010 827 4074 in
845 3984 986 4076 ‘cacitas
1016 4010 1128 4078 datiis
1151 4016 1183 4077 et
1206 4011 1374 4087 obsmris,
1399 4017 1434 4077 et

248 4126 419 4211 privative
452 4148 516 4193 non
551 4135 674 4196 tantum
710 4132 813 4214 quoad
850 4132 1143 4217 Congregationes‚
1176 4139 1209 4198 et
1243 4134 1433 4200 Tribunalia

254 4250 379 4323 Curiae,
401 4252 457 4317 sed
481 4254 703 4338 etiamquoad
729 4256 918 4341 Episcopos‚
945 4256 1071 4322 iudices
1095 4256 1304 4335 Ordinarios;
1327 4278 1432 4343 quare

253 4372 426 4459 Fagnanus
457 4374 494 4440 in
523 4395 642 4443 comm.
668 4378 715 4443 act
742 4396 817 4461 cap.
845 4378 930 4445 Cum
953 4379 1200 4446 venissentan.
1224 4379 1339 4447 21aa
1362 4381 1431 4458 65,
