3292 5109
528 300 573 347 nn
600 299 741 348 inmens
764 299 1030 349 nocnnsrnsmcrs
1306 279 1373 346 393

188 404 478 506 explicat‘ssened.
494 422 587 496 xiv,
612 422 662 488 ne
686 422 768 507 syn.
785 420 890 489 uioee.
916 420 972 488 aa
996 419 1097 503 xrrr,
1114 438 1191 503 cap.
1214 419 1266 500 14,
1282 440 1317 485 n.
1339 417 1372 494 4,

188 546 290 610 aiens:
317 564 335 609 ‹
360 541 600 633 suffraganeus,
618 547 709 612 iuxta
730 548 927 613 strictiorem
951 547 1090 612 nominis
1105 542 1373 631 significationem

188 674 240 736 est
262 670 318 736 ille
340 672 518 757 Episcopus
541 673 595 757 qui
618 673 874 758 archiepiscopo
897 674 966 737 sive
990 671 1242 757 Metropolitano
1265 668 1373 735 subie-

187 801 261 863 ctus
284 802 342 869 ast,
366 816 503 882 eamque
523 817 638 864 vocem
662 798 809 864 nonnulli
833 798 1013 863 derivatam
1036 801 1152 883 putant
1174 816 1195 861 a
1217 792 1373 881 suffragio

187 922 258 987 sive
273 927 349 987 voto
372 921 456 1007 quod
472 923 651 1010 Episcopus
670 923 926 1009 Archiepiscopo
942 923 1011 988 sive
1035 921 1285 1007 Metropolitano
1302 918 1374 985 sub·

189 1047 293 1113 iectus
315 1051 350 1113 in
381 1047 477 1115 huius
499 1050 658 1115 electione
687 1048 824 1115 ferebat.
857 1050 908 1113 Ita
930 1049 1036 1134 Magri
1068 1049 1101 1113 in
1131 1068 1189 1112 suo
1221 1046 1371 1113 Vocabu-

189 1173 278 1241 tarto
302 1176 391 1241 Eccl.
414 1174 505 1242 verb.
530 1176 788 1264 Suffrapaneus.
813 1177 857 1241 At
881 1170 1111 1261 Suffraganeus
1128 1180 1160 1240 et
1176 1175 1231 1239 ille
1254 1174 1373 1240 dicitur

190 1299 368 1385 Episcopus
391 1301 444 1384 qni
466 1300 601 1366 alterius
622 1302 798 1367 dioecesim
822 1300 1026 1366 administrat
1050 1302 1083 1365 in
1108 1318 1209 1385 eaque
1229 1304 1373 1386 praestat

189 1444 272 1508 quae
288 1422 421 1490 Ordinis
440 1430 515 1491 sunt
530 1432 562 1492 et
577 1426 815 1494 iurisdictionis.
838 1427 948 1511 Deque
963 1426 1143 1493 huiusmodi
1161 1424 1371 1513 suffraganeo

187 1551 330 1636 loquitur
353 1552 573 1619 Lateranense
597 1554 770 1620 concilium
794 1552 854 1620 sub
879 1554 987 1619 Leone
1008 1556 1040 1619 X
1064 1553 1272 1627 celebratum,
1298 1572 1371 1619 curn

188 1692 291 1759 agens
312 1673 352 1739 de
376 1673 622 1743 cathedralibus
654 1676 812 1741 Ecclesiis
836 1695 919 1761 quae
944 1675 976 1740 S.
1005 1675 1171 1740 Romanae
1202 1675 1371 1739 Ecclesiae

189 1798 413 1865 cardinalibus
428 1801 670 1867 commendatae
688 1802 947 1887 reperiebantur,
964 1804 1010 1869 ita
1025 1803 1145 1874 statuit,
1162 1806 1198 1867 ut
1215 1800 1371 1867 eiusmodi

190 1920 379 1988 Cardinales
402 1925 497 1990 omni
518 1930 642 1991 conatu
663 1945 726 1992 suo
744 1926 953 2008 provideant
984 1925 1151 1991 inservire
1185 1923 1370 1991 Catbedca-

187 2046 284 2129 tibus,
301 2049 424 2135 clipeos
442 2056 473 2116 ct
494 2050 636 2119 monem
655 2050 807 2118 Wcarios
822 2070 882 2117 seu
899 2049 1156 2138 Suffrapancos,
1174 2052 1281 2133 prout
1295 2067 1371 2115 con·

188 2172 330 2240 aaetudo
344 2172 460 2257 fucrit,
478 2194 556 2241 cum
571 2174 679 2261 dipsa
694 2181 902 2258 competente
918 2175 1074 2242 mercede
1088 2178 1307 2257 apponentes,
1325 2175 1371 2240 uti

187 2297 300 2363 videre
316 2303 365 2364 est
380 2298 464 2385 apud
476 2300 708 2372 Tomassinum,
723 2300 773 2366 De
789 2300 902 2384 Benef.
915 2320 952 2385 p.
966 2302 994 2382 Ι,
1008 2298 1062 2366 tib.
1078 2300 1105 2373 Ι,
1123 2317 1198 2381 cap.
1212 2297 1272 2379 27,
1288 2317 1322 2361 n.
1336 2298 1369 2361 6.

188 2418 418 2509 suffraganeus
434 2420 581 2507 denique,
598 2423 689 2488 iuxta
704 2424 867 2508 vigentem
888 2424 978 2489 hisce
998 2421 1195 2508 temporibus
1218 2419 1370 2505 loquendi

187 2566 321 2620 morem,
345 2546 464 2613 dicitur
487 2548 584 2614 etiam
608 2547 662 2613 ille
686 2548 865 2634 Episcopus
888 2548 1029 2614 titularis
1056 2549 1110 2633 qui
1134 2568 1173 2612 ea
1204 2547 1370 2612 dumtaxat

186 2686 270 2752 quae
292 2674 368 2734 sunt
391 2667 533 2749 Ordinis,
550 2674 685 2735 exercet
701 2668 733 2732 in
757 2668 865 2754 aliqua
888 2669 1037 2749 dioecesi,
1056 2671 1088 2735 in
1109 2689 1172 2753 qua
1191 2669 1369 2753 Episcopus

186 2812 252 2857 non
275 2793 405 2873 residet,
429 2794 483 2859 vel
506 2796 532 2860 si
556 2794 705 2876 resideat,
726 2797 839 2879 nequit
861 2792 902 2860 ob
926 2796 1206 2880 ingravescentem
1229 2798 1369 2858 aetatem

185 2922 243 2982 aut
264 2918 348 2981 male
370 2914 521 2982 affectam
542 2918 760 2984 valetudinem
783 2920 837 2984 vel
861 2920 901 2985 ob
925 2919 1083 2985 dioecesis
1115 2917 1368 3004 amplitudinem,

189 3039 417 3107 Ordinationes
436 3040 568 3118 habore,
585 3041 845 3109 confirmationis
866 3042 1111 3109 Sacramentum
1126 3044 1366 3117 administrare,

186 3163 314 3248 aliaque
329 3164 529 3251 Episcopalis
541 3164 674 3232 Ordinis
688 3184 825 3232 munera
841 3186 1000 3252 peragere
1014 3188 1045 3230 b.
1063 3168 1143 3233 Inde
1160 3172 1248 3253 patet
1264 3167 1368 3232 diver·

187 3309 259 3353 sum
271 3308 341 3353 esse
354 3284 558 3375 Suffraganei
569 3308 686 3354 munus
697 3290 789 3353 iuxta
804 3288 949 3354 diversas
962 3292 1171 3356 necessitates
1187 3290 1227 3355 ob
1239 3310 1318 3374 quas
1334 3293 1368 3355 in

187 3410 326 3478 dioecesi
343 3413 558 3479 constituitur.
571 3411 635 3479 Sed
651 3412 729 3478 illud
744 3412 945 3486 advertatur,
963 3409 1210 3499 Suffraganeum
1227 3412 1367 3479 officium

187 3538 323 3624 explere
338 3539 433 3602 etiam
446 3537 572 3602 Vicarii
585 3538 765 3642 Generalis,
778 3537 906 3622 quando
923 3542 1054 3623 praeter
1070 3544 1260 3625 potestatem
1275 3538 1368 3604 Ordi-

187 3662 238 3726 nis
249 3665 383 3727 exercet
395 3680 520 3745 quoque
536 3662 570 3725 in
584 3660 739 3727 tribunali
752 3662 905 3747 Episcopi
921 3665 1112 3747 potestatem
1129 3661 1367 3727 iurisdictionis.

277 3785 359 3860 Quia
383 3781 614 3871 saffraganeus
636 3805 701 3850 non
725 3784 823 3851 habet
856 3790 979 3851 certam
1003 3790 1036 3851 et
1059 3784 1157 3851 flxam
1188 3786 1296 3851 sedern
1325 3806 1368 3851 ex

186 3908 259 3974 iure
290 3911 468 3984 communi,
492 3908 549 3975 sed
580 3910 611 3985 ei
640 3910 749 3995 aliqua
776 3909 963 3976 attribuitur
995 3914 1136 3995 potestas
1166 3910 1368 3995 Episcopalis

185 4052 282 4117 quam
294 4032 506 4109 administrat,
522 4036 594 4100 vice
611 4035 769 4121 Episcopi,
782 4040 872 4120 patet
884 4032 1131 4122 suffraganeum
1144 4055 1214 4101 esse
1227 4036 1368 4121 speciem

184 4156 388 4223 Ooadintoris
410 4157 577 4245 Episcopi;
601 4162 635 4225 et
660 4176 777 4244 reapse
806 4158 986 4223 huiusmodi
1010 4158 1147 4234 Vicarii,
1172 4158 1367 4225 indiscrimi-

186 4283 298 4355 natim,
321 4284 390 4346 sive
413 4278 617 4368 Suffraganei
639 4282 708 4347 sive
732 4281 934 4348 Ooadiutoris
958 4284 1088 4347 nomine
1111 4282 1327 4367 appellantur.
1347 4320 1365 4333 ·

187 4404 231 4469 Hi
247 4405 374 4472 Vicarii
389 4404 504 4486 solent,
520 4405 650 4470 nomine
664 4424 748 4490 pene
763 4404 941 4479 exclusive,
958 4406 1141 4491 nuncupari
1157 4405 1367 4473 Ooadiutores
