3292 5109
486 286 531 335 on
555 286 694 337 runicus
717 288 983 339 socnasrnsrrors
1036 294 1040 301 ·
1282 271 1324 339 51

161 410 244 477 Unde
259 410 341 477 Rota
355 430 429 476 suos
444 409 542 475 babet
564 409 737 477 advocatos
761 418 794 477 et
817 416 1049 499 procuratores
1065 417 1098 479 et
1120 412 1181 479 hos
1199 417 1327 480 tantum

157 534 236 619 apud
257 554 291 600 so
312 532 459 601 admittit.

239 660 291 725 55.
315 657 378 725 Sed
400 660 496 724 etiam
526 658 656 731 notarii,
680 659 703 725 ii
726 676 844 745 nempe
871 660 926 743 qui
955 665 1030 727 acta
1056 661 1266 728 conscribunt
1287 659 1330 726 ad

158 781 309 867 publicam
330 779 425 848 tidem
447 780 628 846 taciendam
652 784 685 846 et
707 782 838 867 plenam
859 784 1087 851 auctoritatem
1110 786 1197 851 inter
1219 788 1330 871 partes

155 904 322 992 litigantes,
345 903 544 991 approbandi
567 910 662 971 erant
684 911 858 990 antequam
882 912 947 975 tam
971 927 1073 995 grave
1096 927 1213 974 munus
1235 926 1331 973 exer·

154 1036 278 1105 cerent;
303 1034 335 1095 et
357 1029 421 1095 hoc
444 1028 564 1095 iactum
588 1029 659 1095 fuit.
685 1064 703 1077 ·
729 1028 924 1096 Benedictus
946 1031 1030 1097 XIV
1053 1034 1087 1097 in
1107 1031 1214 1099 const.
1232 1031 1330 1097 Iusti

158 1156 218 1221 tiae
232 1160 263 1221 ct
280 1154 389 1238 pacis,
402 1152 559 1220 distinctis
583 1152 734 1220 tumutioe
758 1154 865 1219 causis
889 1153 1057 1220 Rotalibus
1072 1175 1092 1219 a
1107 1125 1214 1221 causis
1232 1156 1331 1220 Prae·

156 1281 270 1363 latitiis,
283 1281 429 1347 decrevit
444 1282 476 1346 in
497 1282 601 1347 causis
626 1280 793 1346 Rotalibus
816 1280 978 1347 scribendi
996 1282 1046 1349 ius
1062 1282 1184 1348 habere
1198 1286 1326 1348 tantum

155 1406 292 1469 notarios
316 1402 400 1489 apud
424 1404 539 1469 Rotam
565 1402 775 1489 approbatos;
801 1404 834 1467 in
862 1404 969 1469 causis
998 1408 1107 1469 autem
1132 1403 1331 1469 Praelatitiis

153 1527 312 1594 scribendi
343 1528 393 1593 ius
416 1532 600 1611 competere
625 1526 766 1592 Notariis
789 1509 949 1591 Archivii'
962 1546 1115 1592 romanae
1143 1529 1254 1593 curiae
1270 1528 1329 1613 (l).

239 1654 293 1720 56.
320 1652 382 1721 Sed
397 1673 456 1739 pro
473 1651 681 1738 intelligenda
695 1652 855 1719 hodierna
870 1673 996 1738 quoque
1012 1658 1107 1739 praxi
1125 1676 1206 1721 rom.
1220 1658 1332 1722 curiae

154 1776 345 1861 explicanda
367 1781 417 1843 est
439 1777 586 1863 specialis
609 1777 692 1842 ratio
716 1795 779 1860 qua
802 1777 955 1861 expletur
977 1796 1094 1843 munus
1124 1778 1272 1845 advocati
1299 1785 1332 1844 et

155 1902 382 1984 procuratoris.
410 1900 514 1975 -Qui
542 1902 574 1963 in
599 1897 661 1964 hoc
691 1919 807 1964 munus
838 1900 1011 1967 intendunt
1044 1900 1173 1967 diverso
1204 1903 1333 1969 nomino

154 2019 401 2108 distinguuntur,
418 2042 534 2107 nempe
557 2026 632 2087 suut
654 2021 820 2094 aduocati,
842 2027 1088 2104 procuratores
1103 2041 1160 2087 seu
1178 2024 1330 2106 patroni,

154 2145 402 2217 sollicitatores,
426 2149 579 2229 apcntcs,
604 2142 693 2208 ethi
716 2142 932 2209 diversimode
955 2164 1088 2229 operam
1109 2149 1287 2229 praestant

239 2268 415 2343 Advocati,
447 2270 553 2355 prouti
582 2289 699 2335 munus
730 2268 771 2334 ab
802 2270 871 2334 istis
901 2268 1086 2333 distinctum
1119 2268 1251 2344 habent,
1272 2289 1333 2354 pro

153 2410 240 2456 more
264 2392 378 2457 curiae
401 2411 554 2457 romanae
580 2396 704 2457 tantum
728 2390 857 2457 student
887 2388 1126 2475 quaestiouibus
1150 2391 1238 2457 iuris
1260 2410 1335 2458 eno·

151 2516 282 2593 dandis;
308 2526 342 2584 et
364 2537 403 2583 ea
426 2536 508 2600 quae
529 2516 614 2599 facti
643 2522 718 2581 sunt
745 2517 914 2582 desumunt
943 2515 1144 2581 arelatione
1176 2536 1332 2603 procura-

153 2648 257 2705 torum
275 2639 333 2727 (2).
352 2676 369 2687 ·
388 2640 430 2705 Hi
454 2642 549 2713 enim,
567 2639 670 2724 quoad
692 2641 932 2705 controversias
955 2638 1130 2719 iudiciales,
1147 2640 1334 2705 examinant

151 2766 268 2831 omnia
294 2770 371 2831 actu
394 2784 573 2850 processus,
602 2772 635 2831 et
662 2764 818 2829 nonnulla
841 2765 938 2829 etiam
962 2762 1077 2830 confici
1104 2772 1161 2833 aut
1185 2766 1334 2833 exhiberi

152 2897 279 2961 curant.
305 2894 418 2973 utputa
448 2890 623 2973 exquirunt
647 2891 811 2974 scriptam,
830 2891 1067 2955 attestationem
1092 2911 1149 2958 seu
1172 2892 1335 2977 publicum

154 3014 421 3090 instrumentum;
445 3014 519 3080 dein
547 3035 590 3081 ex
617 3017 698 3081 actis
722 3021 753 3081 et
777 3015 920 3102 probatis
948 3036 987 3101 ea
1013 3023 1196 3103 excerpunt
1221 3018 1336 3083 idonea

153 3143 184 3203 et
204 3142 336 3226 aptiora
358 3138 397 3203 ad
422 3137 618 3223 probandam
642 3140 853 3204 intentionem
878 3139 988 3225 partis,
1002 3140 1095 3205 cuius
1111 3140 1240 3205 nomine
1264 3159 1336 3225 ope·

154 3286 222 3332 ram
250 3262 441 3349 impendunt
467 3268 499 3329 et
525 3241 599 3328 inde
626 3260 801 3329 conficiunt
828 3268 974 3329 actorum
1004 3263 1254 3329 summarium.
1280 3265 1333 3330 Ex

151 3390 232 3456 actis
259 3390 308 3454 ita
334 3388 367 3452 in
396 3404 569 3453 memmam
600 3385 737 3452 redactis
761 3406 819 3452 seu
843 3387 997 3452 resecatis
1026 3384 1203 3471 superfluis
1230 3385 1335 3451 advo-

242 3652 287 3724 (l)
306 3651 365 3706 Hoc
384 3656 445 3706 erat
468 3650 618 3721 collegium
643 3656 753 3706 centum
780 3655 809 3705 et
834 3651 915 3705 unius
939 3650 1080 3718 Virorum,
1098 3651 1173 3723 quod
1202 3652 1289 3706 lulius
1314 3652 1337 3706 ll

153 3763 281 3819 instituit
300 3766 329 3818 et
347 3762 437 3817 erexit
455 3758 548 3815 Consi.
570 3760 646 3815 Sicut
666 3764 797 3830 prudens
819 3776 868 3829 pro
887 3760 1092 3816 conscribendis
1115 3759 1187 3814 actis
1206 3760 1236 3816 in
1254 3760 1339 3815 Curia

153 3869 226 3938 apud
245 3884 296 3924 eos
314 3867 419 3922 iudices
436 3866 483 3937 qui
503 3866 628 3935 proprios
647 3866 770 3919 notarios
791 3880 845 3918 nou
866 3863 1009 3920 haberent

245 3970 289 4039 (2)
306 3969 337 4023 lu
356 3968 432 4041 stylo
450 3970 545 4022 curiae
565 3973 757 4039 procuratores
769 3968 944 4039 frequentius
964 3972 1160 4036 nuncupantur
1175 3969 1340 4037 patroni,at

154 4088 241 4127 unum
252 4078 283 4129 et
292 4072 369 4127 aliud
378 4071 543 4126 vocabulum
555 4072 626 4127 idem
636 4077 737 4129 sonant
748 4075 777 4127 et
788 4070 1029 4125 indiscriminatim
1040 4075 1217 4141 usurpantur.
1227 4099 1261 4112 -
1271 4070 1341 4124 Oro·

155 4194 229 4239 tores
245 4182 413 4254 Principum
423 4181 553 4237 dicuutur
566 4180 663 4235 horum
682 4181 802 4235 ministri
818 4179 933 4249 negotia
947 4196 1003 4235 non
1015 4183 1202 4247 contentiosa,
1212 4197 1267 4236 nou
1286 4182 1342 4251 pri·

49 4296 52 4301 '
155 4290 214 4343 rati
233 4288 283 4344 sed
302 4288 408 4359 publici
427 4288 496 4342 iuris
515 4292 667 4343 tractantes
685 4288 757 4359 apud
776 4287 919 4341 Summum
933 4287 1107 4352 Pontificem,
1127 4292 1157 4343 ct
1175 4288 1340 4355 Romaauti

154 4412 252 4467 saepe,
271 4395 433 4453 residentes.
