3292 5109
38 2507 48 2688 l

61 752 67 761 ,
242 714 264 741 a

54 756 101 844 'fv
170 760 209 835 ἦ
259 762 298 843 *a

520 276 565 323 DE
593 276 733 326 leniens
764 277 1030 326 EchBSIASTIGIS
1297 259 1366 327 253

331 406 364 467 et
379 403 535 486 quomodo
558 404 640 469 haec
664 403 881 491 congregatio
903 409 979 491 agat
1001 404 1041 469 ad
1064 404 1289 491 praeparanda
1306 424 1364 470 ne-

73 539 115 613 ap
156 487 228 643 οξ
381 524 568 591 ‘lonsistorii
592 526 820 601 celebratione,
845 528 1027 595 incidenter
1046 533 1080 596 et
1101 548 1198 612 quarn
1221 527 1365 594 breviter

216 638 237 661 μ

100 570 125 631 (5

105 613 156 705 &a
223 658 258 721 ‘e

108 806 135 835 l

434 653 564 720 *sistorii
587 654 756 740 speciebus
778 655 900 739 aliquid
922 655 1148 741 explicandum
1172 662 1230 721 est.
1332 718 1336 729 ,

507 777 577 843 fere
601 798 730 865 semper
753 778 860 845 forma
882 779 1101 846 coerimoniali
1125 778 1264 845 habetur
1286 778 1365 846 Con·

30 956 34 967 ,
134 883 215 1049 ’ἓν
237 840 363 1033 &st
530 906 690 969 'veretum
721 902 803 967 Nam
833 902 936 969 tribus
967 904 1068 969 modis
1099 903 1261 970 celebrari
1283 902 1368 969 solet

189 1028 229 1113 t}
347 1008 392 1097 u..

68 836 142 891 ἡ.

582 1027 752 1112 cognitur:

95 892 133 922 ,ἢ

120 1068 132 1092 '1

86 1096 130 1111 ‘dl

130 1107 138 1121 r

136 1134 161 1169 Ἰ

234 1116 249 1151 ,0
278 1078 310 1160 Vp

142 1161 174 1197 vl.
239 1177 261 1210 p
640 1150 812 1217 Secrelum
836 1169 895 1216 seu
916 1150 1130 1225 ordinarium;

151 1194 184 1262 ’κζ
256 1202 264 1246 t
357 1235 362 1248 .

67 1269 75 1279 ’
185 1257 206 1272 ”
678 1274 962 1342 *utraordinarium
985 1280 1041 1340 aut
1063 1275 1220 1351 solemne;

721 1401 821 1467 icum.

768 1532 786 1595 l
820 1527 1030 1612 praecipuum
1052 1526 1222 1611 vestigium
1254 1525 1368 1591 consi-

131 1339 168 1379 ·l·
217 1343 250 1380 ¹.

820 1652 950 1717 maiora
972 1652 1087 1717 discuti
1110 1657 1142 1717 et
1165 1649 1292 1717 definiri
1314 1671 1366 1716 so-

730 1783 918 1844 ..ueruntur
941 1780 975 1843 in
997 1778 1061 1843 hoc
1085 1777 1280 1843 Consistorio
1302 1778 1366 1843 iarn

593 1933 627 1967 ,υ
652 1906 758 1968 forma
780 1910 1005 1990 proponuntur
1024 1903 1091 1967 aS.
1108 1901 1370 1987 congregatione

474 2045 570 2099 tuere
595 2026 630 2090 in
654 2027 850 2093 consistorio
884 2025 980 2091 hodie
1013 2026 1135 2111 agitur,
1159 2024 1217 2090 sub
1240 2027 1369 2090 ratione

325 2149 615 2235 promulgationis
629 2116 671 2214 ¹et
695 2150 978 2236 confirmationis,
1003 2149 1042 2215 de
1066 2150 1231 2215 creatione
1254 2148 1366 2216 cardi-

210 2293 319 2353 mmm,
336 2273 375 2337 de
392 2274 580 2339 Dioecesnm
604 2275 777 2355 erectione,
798 2274 927 2355 unione,
947 2272 1230 2340 dismembratione
1246 2278 1279 2337 et
1293 2292 1367 2339 con·

197 2397 356 2461 troversiis
379 2396 454 2461 inde
476 2399 611 2478 exortis,
636 2418 675 2463 ac
698 2398 738 2463 de
761 2398 972 2485 electionibus
995 2402 1028 2464 et
1049 2396 1303 2483 promotionibus
1326 2396 1368 2461 ad

198 2517 349 2586 beneficia
371 2522 511 2602 maiora,
535 2524 580 2587 ita
595 2529 630 2588 ut
648 2523 768 2589 Bened.
785 2524 870 2589 XIV
885 2524 917 2587 in
934 2522 1042 2589 const.
1060 2523 1148 2588 cum
1164 2541 1187 2586 a
1201 2520 1307 2596 nobis,
1324 2521 1368 2586 di·

193 2645 290 2710 xerit:
313 2646 499 2711 ‹Provisio
525 2646 761 2713 consistorialis
785 2646 833 2731 (ut
860 2648 962 2731 inquit
988 2646 1162 2732 Fagnanus
1185 2665 1254 2730 cap.
1280 2644 1367 2709 Nihil

197 2784 226 2829 n.
241 2765 294 2848 29,
318 2769 366 2833 De
382 2768 563 2856 Electione)
587 2768 686 2833 habet
699 2768 764 2833 vim
781 2768 947 2834 electionis
962 2773 995 2833 et
1009 2764 1263 2832 confirmationis
1278 2764 1366 2849 »(l).

193 2891 271 2956 Item
300 2899 373 2978 post
403 2894 555 2959 iudicium
586 2892 766 2959 absolutum
789 2912 809 2957 a
833 2893 864 2959 S.
889 2891 1148 2977 congregatione
1172 2891 1305 2956 Rituum
1327 2886 1370 2952 de

192 3018 283 3083 novis
306 3018 471 3083 miraculis
490 3014 593 3084 aDeo
616 3020 752 3105 patratis
774 3039 835 3105 per
857 3019 1123 3085 intercessionem
1145 3017 1282 3083 alicuius
1303 3016 1367 3080 iam

190 3142 276 3207 inter
300 3143 418 3207 Beatos
441 3144 594 3209 recensiti
610 3148 642 3209 et
657 3148 826 3229 postquam
849 3144 913 3209 iam
936 3144 1184 3230 pronunciatum
1203 3146 1253 3209 est
1274 3160 1370 3227 posse

190 3272 259 3334 tuto
282 3266 415 3353 procedi
438 3266 478 3332 ad
502 3272 608 3333 actum
632 3268 808 3335 solemnem
831 3268 1097 3359 canonizationis,
1121 3273 1368 3355 praetereaex-

190 3395 334 3479 quiritur
362 3396 530 3461 consilium
554 3394 595 3461 ab
619 3395 764 3461 omnibus
788 3395 1011 3463 cardinalibus
1033 3397 1068 3460 in
1096 3370 1292 3460 consistorio
1314 3388 1370 3458 Se·

190 3524 300 3593 creto,
323 3523 433 3585 utrum
457 3519 662 3586 canonizatio
687 3519 760 3584 dato
783 3523 929 3604 ternpore
952 3519 994 3583 sit
1015 3516 1210 3605 peragenda.
1236 3516 1286 3584 Ob
1310 3534 1367 3580 ne·

188 3643 278 3729 gotia
300 3644 334 3708 in
357 3642 421 3708 hoc
443 3642 641 3710 consistorio
671 3644 789 3725 relata,
814 3661 950 3726 quorum
980 3641 1137 3706 nonnulla
1159 3644 1233 3705 sunt
1255 3642 1372 3724 suapte

281 3874 321 3942 (l)
340 3872 429 3929 Hodie
448 3874 522 3929 enim
541 3873 600 3928 lere
618 3871 720 3927 nullibi
743 3871 834 3927 locum
853 3871 959 3927 habent
977 3870 1128 3926 electiones
1146 3869 1291 3923 ordinatae
1308 3868 1371 3923 iure

192 3974 382 4033 Decretalium
401 3978 549 4048 praecipue
569 3994 617 4048 per
636 3981 720 4047 caput
741 3978 810 4037 Quia
825 3988 946 4049 propter
964 3976 1000 4030 42
1012 4005 1026 4017 -
1042 3977 1084 4031 De
1104 3975 1240 4030 electione
1251 3973 1280 4027 X
1295 3973 1326 4043 (1,
1338 3972 1372 4043 6)

142 4114 144 4117 -
190 4084 239 4137 aed
258 4083 359 4139 electio
378 4086 411 4138 fit
424 4102 441 4139 a
454 4084 579 4139 Romano
598 4084 743 4151 Pontifice,
762 4085 789 4139 vi
808 4084 1029 4139 reservationum
1047 4083 1183 4138 editurum
1202 4082 1231 4135 in
1250 4078 1371 4149 Regulis

191 4188 398 4257 Cancellariae;
425 4195 469 4245 ast
494 4192 646 4261 provisioni
665 4190 858 4246 consistoriali
883 4206 1026 4261 processus
1045 4189 1234 4261 inquisitionis
1253 4186 1369 4258 praeha-

191 4296 273 4350 betur
287 4301 316 4351 et
334 4297 364 4351 in
377 4298 528 4369 qualitates
547 4298 725 4368 promovendi
739 4302 768 4353 et
786 4299 931 4352 instalum
952 4297 1093 4352 Ecclesiae
1106 4297 1150 4351 cui
1166 4293 1371 4366 promovendus

190 4402 354 4459 destinatur.
