3292 5109
338 266 405 335 156
865 290 951 339 raas
975 288 1012 337 11.
1105 330 1111 341 .
1139 300 1182 343 ;..

383 465 386 475 .
428 409 597 485 Quaenam
609 428 688 477 vero
703 410 834 497 negotia
851 410 886 477 in
903 426 1109 497 veneratam
1131 429 1291 496 quaenam
1316 410 1517 498 expedienda

337 532 458 596 sintin
478 532 586 616 pterea
611 534 876 622 conpregotione
896 532 1096 601 deliberatur
1117 552 1138 601 a
1160 534 1257 603 card.
1282 534 1459 609 Praefecto
1482 542 1516 600 et

337 674 358 720 a
381 656 582 732 Secretariis‚
607 663 729 724 attenta
751 660 957 747 negotiorum
982 664 1100 725 natura
1122 666 1157 727 et
1178 660 1352 746 gravitate.
1476 730 1479 733 ,

430 782 504 850 128.
516 786 653 873 Negotia
667 786 845 853 iudiciatia
859 806 988 872 semper
1002 786 1239 852 demandantur
1254 783 1436 852 delinienda
1447 786 1519 869 ple-

337 926 404 974 nae
420 908 685 995 concrepatione
700 905 782 975 -'Ad
798 909 927 975 modum
942 908 1026 994 qood
1041 915 1166 995 spectat
1180 908 1374 995 expediendi
1389 910 1518 995 negotia

334 1030 510 1107 iudicialia
527 1032 610 1099 haec
629 1036 679 1100 est
702 1032 817 1120 regula
839 1033 1013 1120 generalis.
1031 1034 1209 1107 Processus
1231 1031 1404 1100 conficitur
1423 1053 1518 1101 sum·

337 1156 471 1223 marius
493 1161 528 1222 et
557 1163 676 1242 quanto
709 1159 812 1245 magis
844 1155 916 1223 fleri
946 1162 1053 1246 potest
1074 1158 1318 1227 oeconomicus.
1342 1158 1518 1243 Proprium

339 1286 388 1347 est
411 1282 497 1347 enirn
520 1281 615 1348 huius
630 1282 742 1369 cong„
760 1303 844 1369 quae
859 1282 984 1350 recedit
1003 1302 1025 1347 a
1047 1284 1158 1369 rigore
1180 1283 1261 1348 iuris
1283 1282 1464 1348 communis
1483 1286 1519 1347 nt

337 1404 540 1491 expeditiore
564 1406 690 1471 ratione
713 1407 889 1491 prospiciat
911 1406 1061 1492 regimini
1083 1403 1234 1504 fidelium.
1249 1405 1314 1473 hoc
1336 1408 1439 1493 magis
1461 1406 1514 1483 ob·

338 1550 474 1597 seruare
506 1532 542 1597 in
575 1531 690 1621 ordine
725 1530 869 1599 iudiciali
897 1550 940 1597 ne
969 1532 1074 1597 tricae
1104 1536 1137 1596 et
1165 1530 1318 1617 ambages
1350 1530 1517 1599 iudiciales

337 1658 479 1740 augeant
493 1652 706 1727 difficultates,
724 1653 838 1740 quibus
852 1655 916 1719 iam
933 1653 1074 1739 undique
1088 1654 1273 1740 implicatur
1289 1654 1438 1740 regimen
1452 1656 1519 1719 ani·

282 1820 284 1825 -
338 1797 464 1843 marum
488 1779 521 1843 in
543 1779 730 1863 regionibus
753 1779 886 1845 remotis
908 1777 949 1843 ab
974 1776 1062 1846 Urbe
1084 1783 1118 1846 et
1139 1779 1258 1864 partim
1285 1778 1453 1863 occupatis
1479 1778 1519 1843 ab

338 1902 491 1969 hereticis
513 1906 569 1969 aut
592 1902 632 1967 ab
655 1899 848 1969 infidelibus.

427 2025 675 2092 Controuersiae
697 2028 866 2093 instructio
889 2033 1024 2095 curatur
1046 2046 1067 2091 a
1089 2026 1283 2093 Secretariis
1305 2034 1340 2095 et
1366 2048 1386 2093 a
1413 2030 1518 2095 minu·

337 2146 488 2223 tontibus,
513 2148 569 2215 sed
591 2148 631 2214 ab
655 2150 723 2235 ipso
747 2170 872 2235 quoque
894 2150 1058 2218 cardinali
1080 2149 1245 2227 Poeante,
1272 2152 1326 2236 qui
1350 2158 1517 2237 postquam

338 2270 541 2338 commissum
563 2270 662 2337 habet
680 2271 743 2338 hoc
759 2274 923 2360 negotium
946 2272 1155 2339 referendum
1178 2275 1213 2339 in
1235 2274 1444 2359 generalibus
1467 2294 1517 2340 co

339 2396 435 2461 uritiis
459 2398 525 2461 ΡΡ.
550 2395 778 2481 cardinalium,
802 2398 867 2463 alia
890 2398 1074 2484 expostulat
1096 2403 1130 2463 et
1152 2399 1296 2482 exquirit
1325 2404 1519 2485 argumenta

338 2523 414 2595 litis,
439 2524 464 2587 si
494 2542 547 2587 res
577 2523 637 2609 ipsi
668 2542 731 2586 non
762 2523 869 2589 adhuc
900 2522 1049 2589 videatur
1078 2520 1278 2588 sufficienter
1302 2523 1474 2589 instructa.
1500 2558 1518 2571 ·

339 2646 461 2713 Causae
485 2646 650 2713 iudiciales
674 2648 854 2733 grauiores.
878 2648 978 2713 veluti
1001 2648 1263 2721 matrimoniales,
1281 2667 1345 2712 non
1361 2666 1457 2714 secus
1480 2666 1518 2712 ac

337 2768 421 2833 aliae
451 2770 654 2854 quaestiones
685 2788 750 2833 non
783 2770 1003 2837 contentiosae
1034 2768 1092 2835 sed
1123 2770 1232 2855 magni
1262 2771 1417 2835 momenti
1443 2774 1519 2835 anto

338 2894 422 2961 diem
445 2896 672 2982 propositionis
692 2896 725 2960 in
746 2896 851 2978 pterea
866 2895 1139 2981 conpreqationa
1158 2897 1368 2963 remittuntur
1387 2893 1429 2960 ad
1444 2914 1520 2961 exa·
1597 2923 1598 2930 ¹

339 3040 412 3086 men
435 3020 663 3103 cardinalium,
684 3021 761 3105 ipsis
785 3018 870 3085 domi
892 3019 1061 3087 distributa
1083 3018 1269 3087 earumdem
1292 3020 1516 3105 quaestionum

338 3145 496 3211 relatione
526 3147 612 3232 typis
640 3146 805 3231 impressa.
832 3181 850 3194 ·
877 3146 967 3210 Haec
991 3146 1167 3211 summaria
1189 3146 1393 3231 negotiorum
1416 3164 1520 3231 expo·

337 3270 409 3333 sitio
433 3268 548 3336 confici
572 3269 654 3336 solet
674 3269 714 3335 ab
738 3268 928 3335 officialibus
951 3268 1208 3337 minuentibus.

427 3392 492 3459 Sub
515 3392 669 3459 brevibus
698 3391 783 3458 dubii
814 3392 963 3458 formulis
989 3394 1215 3479 concipiuntur
1237 3398 1270 3458 et
1291 3396 1518 3477 proponuntur

340 3519 524 3585 resolutioni
548 3538 665 3585 causae
689 3517 855 3584 iudiciales
879 3523 911 3583 et
933 3518 1017 3582 aliae
1041 3520 1255 3603 quaestiones,
1272 3536 1356 3602 quae
1378 3517 1442 3583 hac
1464 3538 1517 3583 ra-

337 3646 424 3709 tione
458 3644 638 3709 faciliorem
672 3642 794 3709 habent
827 3643 1068 3709 resolutionem.
1100 3642 1315 3708 concordatio
1349 3641 1519 3708 dubiorum

337 3766 435 3831 etiam
450 3764 484 3829 in
501 3766 605 3830 causis
620 3784 699 3829 rere
715 3765 923 3832 contentiosis
943 3761 978 3829 fit
997 3783 1127 3848 semper
1149 3781 1195 3830 ear
1217 3762 1325 3848 officio
1334 3782 1349 3846 ;
1372 3782 1432 3828 seu
1454 3780 1519 3827 non

337 3892 570 3969 coruvocantur,
581 3888 725 3973 legitima
739 3887 903 3961 citatione,
920 3892 1030 3973 partes
1045 3905 1183 3972 quarum
1198 3886 1345 3970 interest,
1361 3888 1407 3952 uti
1424 3886 1520 3955 dubia

338 4016 527 4097 proponant.
552 4010 591 4077 Id
614 4010 796 4097 expostulat
818 4009 923 4097 stylus
946 4011 1041 4077 huius
1063 4010 1340 4098 congregationis,
1357 4031 1441 4097 quae
1460 4010 1519 4077 sibi

338 4138 487 4224 proponit
510 4139 639 4225 negotia
662 4157 788 4223 quoque
811 4137 973 4204 iudicialia
996 4138 1151 4204 dirimere
1173 4160 1233 4225 pro
1255 4139 1341 4206 bono
1356 4144 1389 4207 et
1404 4159 1518 4227 aequo,

292 4330 296 4337 ⁴
337 4278 429 4324 more
451 4259 607 4335 arbitrali,
632 4261 771 4345 seposita
794 4259 935 4325 iudiciali
958 4262 1174 4328 contentione.

425 4384 552 4450 Exinde
574 4384 737 4451 nonnullis
753 4384 793 4451 ab
809 4386 887 4451 hinc
902 4386 996 4452 annis
1012 4390 1166 4453 statutum
1187 4386 1250 4455 fuit
1272 4387 1420 4475 partibus
1441 4408 1516 4457 con·
