3292 5109
295 286 361 353 338
823 299 907 348 rnns
931 298 969 345 11.

383 430 459 495 277.
483 430 594 516 Stylus
625 428 902 495 Poeniterrtiariae
925 424 1125 492 rescribendi
1149 442 1208 510 pro
1234 422 1312 505 soro
1336 423 1472 488 inraso

295 561 344 623 est
367 576 524 639 sequens:

385 677 416 763 1)
441 680 473 745 Si
498 680 715 745 confessarius
739 680 807 764 ipse
831 677 1013 743 recurrerit
1035 677 1150 741 literae
1177 673 1399 740 inscribuntur
1429 672 1473 738 di·

293 810 401 871 recte:
426 805 577 873 Discreto
610 806 681 869 viro
712 804 743 869 P
745 854 797 869 .....
826 801 1066 886 Confessam&
1091 803 1118 867 si
1151 820 1231 866 vero
1262 802 1330 886 ipse
1360 806 1473 866 orator

294 932 470 1015 scripserit,
495 932 539 996 ita
563 928 773 996 rescribitur:
801 948 820 990 ‹
844 927 995 993 Discrete
1018 927 1093 994 uiro
1112 925 1338 1008 Confessam,
1354 945 1400 991 eac
1414 944 1473 1008 ap·

289 1054 445 1138 probatis
473 1053 516 1119 ab
542 1051 737 1132 ordinario,
757 1071 825 1134 per
854 1068 1014 1117 aaronem
1040 1052 1274 1133 praesentium
1304 1050 1470 1136 elipande,

293 1143 437 1244 salutem
467 1177 505 1242 in
534 1177 680 1243 Domino
705 1197 734 1239 ›.
760 1174 848 1240 Hinc
876 1175 999 1241 Orator
1022 1175 1204 1259 appellatur
1228 1176 1317 1241 lator
1339 1175 1393 1258 qni
1428 1196 1471 1240 ex

294 1299 478 1386 approbatis
502 1299 709 1366 confessariis
725 1318 823 1364 unum
839 1300 937 1385 eliget
952 1299 1004 1363 cui
1020 1296 1127 1363 tradat
1148 1296 1371 1382 exequendam
1387 1299 1472 1362 Poe·

294 1426 499 1491 nitentiariae
522 1426 772 1510 dispositionem.

382 1551 416 1634 2)
440 1551 622 1635 Aliquando
646 1552 815 1617 committit
838 1549 1010 1615 facultates
1039 1549 1098 1615 sub
1129 1550 1293 1615 formulis:
1321 1572 1339 1612 c
1364 1549 1401 1615 Si
1423 1550 1473 1615 ita

294 1694 372 1749 esse,
389 1694 454 1759 per
477 1674 672 1761 ditipeatem
695 1674 848 1742 Orator-is
872 1673 1162 1740 examinationem
1182 1693 1224 1740 ac
1243 1680 1321 1757 post
1340 1675 1472 1741 monitu

293 1804 325 1866 et
347 1799 488 1866 coasilia
513 1804 708 1883 opportuna
730 1798 781 1864 itti
800 1799 978 1882 praestita,
1002 1798 1174 1864 inveneris
1196 1819 1227 1863 a.
1253 1798 1357 1863 Huius
1381 1798 1473 1863 clau-

278 1922 382 1988 ·snlae
406 1924 470 1987 vim
494 1925 538 1987 ita
562 1924 693 2008 exponit
711 1922 905 1987 Benedictus
921 1924 1004 1989 XIV
1021 1924 1054 1987 in
1071 1924 1153 1988 last.
1171 1923 1260 1989 Ecct.
1277 1922 1334 1997 87,
1352 1943 1386 1987 a.
1403 1920 1474 1988 34.-

297 2048 440 2123 ‹Quare
471 2051 523 2133 qni
555 2049 681 2114 litteras
708 2049 882 2132 exequitur
912 2069 1040 2113 omnem
1072 2068 1184 2113 curam
1212 2054 1244 2114 et
1274 2049 1472 2133 diligentiam

294 2172 481 2258 impendere
505 2173 600 2241 debet
621 2178 658 2239 ut
680 2179 857 2259 cognoscat
879 2194 921 2237 an
944 2194 1058 2239 verum
1082 2176 1124 2239 sit
1146 2172 1230 2257 qnod
1252 2173 1368 2238 Maiori
1393 2174 1473 2238 Poe·

293 2299 479 2364 nitentiario
502 2299 562 2367 fuit
578 2300 777 2384 expositum
801 2319 844 2364 an
861 2320 914 2364 res
932 2300 1010 2385 ipsa,
1028 2301 1290 2365 circumstantiae
1306 2304 1339 2364 et
1354 2319 1473 2365 causae

294 2444 333 2489 ac
364 2425 505 2487 rationes
537 2422 577 2487 ad
608 2391 813 2487 obtinendam
845 2422 1116 2507 dispensationem
1146 2424 1309 2507 prolatae,
1342 2424 1472 2490 veritati

293 2570 427 2635 prorsus
450 2554 687 2614 consentaneae
711 2550 817 2613 sint...
836 2549 932 2613 aliter
948 2549 1075 2613 irritam
1097 2545 1169 2613 fieri
1189 2547 1471 2633 dispensationem,

295 2674 356 2737 nisi
378 2672 464 2736 forte
488 2673 555 2756 ipse
579 2669 707 2736 aliunde
731 2671 780 2735 rei
802 2672 989 2750 veritatem,
1014 2671 1192 2754 iustamque
1216 2690 1346 2735 causam
1369 2689 1471 2756 agno-

294 2798 388 2862 verit.
414 2796 506 2871 Quod
529 2796 555 2861 si
580 2796 796 2863 confessarius
820 2816 880 2881 pro
903 2801 994 2860 certo
1017 2795 1135 2860 habeat
1158 2796 1274 2861 falsum
1297 2796 1474 2879 essequod

294 2918 423 2986 Summo
448 2919 702 2985 Poenitentiario
726 2921 925 3005 propositum
948 2920 1018 2992 fnit.
1036 2918 1076 2984 ab
1100 2919 1288 3004 exequendo
1312 2919 1473 3006 dispensa·

294 3046 413 3112 tionem
436 3044 604 3127 abstineat,
618 3046 694 3110 licet
717 3045 769 3128 qui
795 3046 896 3130 ipsam
920 3044 1095 3129 postulavit
1117 3046 1167 3110 rei
1191 3045 1363 3109 falsitatem
1386 3047 1471 3111 tueri

278 3168 484 3251 contendat,
508 3169 601 3233 modo
624 3174 732 3234 tamen
759 3168 916 3235 Sacerdos
939 3168 971 3233 id
994 3189 1059 3233 non
1083 3170 1269 3255 perceperit
1291 3190 1364 3235 cum
1389 3170 1472 3235 Poe-

293 3294 448 3359 nitentiae
471 3294 715 3359 Sacramentum
739 3292 952 3377 dispensando
975 3292 1223 3373 administravit,
1237 3314 1302 3358 non
1325 3296 1410 3359 enim
1426 3298 1472 3360 uti

294 3417 371 3482 licet
394 3418 433 3482 iis
455 3437 538 3501 quae
561 3426 638 3483 tnnc
662 3416 952 3502 deprehenduntur
967 3440 998 3482 ».
1024 3418 1121 3483 Nulla
1143 3437 1222 3482 vero
1246 3418 1408 3509 inquisitio
1430 3418 1473 3484 ad

294 3541 490 3607 validitatem
515 3544 699 3608 necessaria
723 3548 772 3608 est
796 3544 822 3607 si
846 3542 1042 3628 dispensatio
1065 3542 1141 3609 data
1163 3545 1204 3608 sit
1225 3543 1288 3608 snb
1306 3544 1471 3610 clausulis:

294 3666 324 3733 si
347 3667 395 3731 ita
415 3672 462 3732 est
479 3701 496 3714 -
512 3667 542 3733 si
556 3686 674 3749 preces
689 3668 823 3733 vallati
838 3669 993 3734 nituntur
1011 3703 1027 3716 -
1045 3668 1172 3734 sicera
1186 3674 1266 3734 aaut
1280 3669 1437 3751 emporia
1453 3706 1471 3718 -

295 3788 389 3877 (haec
413 3790 558 3855 clausula
579 3791 699 3876 legitur
722 3792 755 3856 in
779 3792 947 3878 rescriptis
971 3792 1002 3857 S.
1021 3793 1146 3858 Poenit.
1170 3813 1230 3879 pro
1253 3792 1391 3879 publicis
1412 3795 1472 3859 im·

294 3915 508 4003 pedimentis),
525 3935 608 4000 quae
628 3917 855 4002 conceptiones
871 3915 1047 3990 verborum
1070 3922 1103 3983 et
1126 3919 1209 3983 aliae
1228 3918 1409 3984 huiusmodi
1432 3917 1472 3984 de

295 4059 339 4113 se,
353 4040 474 4105 nullam
491 4042 729 4124 inquisitionem
745 4049 926 4127 exposcunt
940 4041 981 4107 ab
998 4050 1183 4109 executore.
1200 4045 1244 4111 Et
1258 4043 1353 4109 hodie
1368 4046 1473 4130 potius

294 4160 357 4227 hae
380 4168 562 4248 postremae
586 4165 752 4230 clausulae
776 4166 974 4233 inseruntur.
1236 4149 1240 4157 ⁸

384 4287 417 4372 3)
442 4287 613 4354 Adduntur
629 4291 726 4353 etiam
742 4290 906 4355 clausulae
922 4293 1089 4378 exigentes
1109 4291 1378 4377 sacramentalem
1393 4310 1472 4356 con-

295 4411 485 4490 fessionem
510 4419 688 4499 quaesunt
713 4450 730 4463 ·
756 4414 865 4482 audita
887 4417 979 4501 prius
1002 4418 1070 4484 eius
1093 4419 1321 4485 sacramentali
1345 4417 1472 4484 confes-
