3292 5109
305 264 372 331 248
822 282 907 331 rans
931 284 968 330 11.

306 423 427 477 sonam,
443 405 511 471 sive
526 405 694 491 physicam
718 406 786 471 sive
808 406 985 481 moralem
1010 425 1111 490 quare
1130 406 1157 470 si
1180 404 1265 471 alius
1286 404 1335 470 rei
1358 422 1488 489 posses·

306 526 429 593 sionem
451 530 667 603 nanciscatur,
688 529 859 615 privilegio
881 529 1102 617 indulgentiae
1117 530 1148 595 ei
1162 529 1229 594 frui
1244 547 1310 593 non
1326 528 1377 593 tas
1391 532 1449 592 est.
1467 563 1485 575 -

306 650 416 728 Quare
442 657 530 738 patet
553 655 585 717 in
610 654 707 722 citato
730 655 869 721 articulo
893 656 915 717 7
937 656 990 742 agi
1021 655 1062 721 de
1084 654 1287 741 indulgentia
1308 653 1431 729 iniecta,
1455 659 1488 720 et

306 779 437 866 planum
460 787 519 848 est.
545 784 591 847 De
614 780 726 848 eodem
749 802 828 847 casu
843 802 898 847 res
914 787 963 848 est
986 783 1018 846 in
1034 781 1174 847 articulo
1190 782 1211 846 8
1227 786 1262 847 et
1276 782 1308 847 9.

396 906 491 970 VIII.
519 927 537 968 c
561 906 784 981 Concedencli,
810 912 979 991 qnatenus
1003 924 1089 989 opus
1110 906 1164 980 sit,
1188 910 1226 970 ut
1249 905 1488 991 Indulgentiae

306 1028 429 1114 quibus
450 1029 645 1116 pandebant
668 1032 826 1098 ecclesiae
841 1030 1080 1118 Repulorium,
1097 1033 1213 1117 oipere
1232 1036 1383 1116 perpanl
1407 1036 1488 1113 post

305 1150 462 1233 ipsorum
496 1153 733 1235 eapulsionem
767 1172 828 1219 seu
861 1152 1046 1219 uiolentam
1076 1158 1303 1220 conventuum
1329 1170 1490 1235 suppres-

305 1276 445 1344 sionem.
465 1277 560 1349 Quae
571 1279 719 1362 facultas
735 1280 943 1346 entendolur
955 1281 1002 1347 ad
1017 1299 1117 1347 camus
1131 1284 1205 1344 tum
1217 1278 1490 1361 praeteritarum

307 1406 379 1465 tum
405 1401 607 1483 futurorum
623 1407 850 1470 conventuum
871 1380 1174 1485 suppressionem}
1195 1401 1368 1469 calennae
1386 1402 1490 1467 etiam

307 1528 354 1595 ad
377 1527 533 1594 ecclesias
559 1528 629 1594 sice
652 1528 971 1596 Sanctimonialium
1000 1528 1070 1595 sioe
1093 1529 1269 1595 cuiuslibet
1294 1529 1490 1613 Conprepo·

308 1648 408 1714 tionis
431 1654 462 1715 et
483 1650 672 1717 instituti».

397 1774 456 1837 IX.
478 1794 496 1835 a
515 1774 727 1875 concedendi
749 1778 786 1840 ul
809 1772 1036 1861 Repularium
1055 1773 1223 1840 ordinum
1239 1779 1269 1839 el
1286 1773 1388 1839 eliam
1408 1770 1492 1838 (lon-

306 1898 545 1983 prepotionum
560 1900 629 1965 siue
645 1899 1033 1967 institutorum-alumni
1055 1901 1354 1985 utrimquesecus
1372 1898 1492 1963 Indul-

306 2022 428 2107 pentiis
444 2028 475 2088 ct
489 2024 619 2109 praliis,
637 2024 758 2109 quibus
777 2025 975 2111 pandebant
997 2024 1035 2091 in
1053 2026 1209 2108 propriis
1230 2025 1415 2108 respective
1431 2025 1492 2089 Ec

308 2146 426 2221 clesiis,
450 2146 524 2228 frui
542 2148 675 2229 possint
693 2152 724 2213 el
739 2150 884 2223 valeant,
909 2149 993 2213 dum
1014 2149 1121 2213 mam
1143 2167 1358 2214 communem
1382 2154 1492 2234 optent

307 2269 345 2334 in
360 2270 431 2335 alia
446 2271 557 2347 danto,
570 2273 607 2335 in
623 2291 693 2357 qna
716 2272 863 2359 lepilimc
885 2271 1009 2338 liabent
1023 2270 1215 2338 oratorium
1238 2272 1291 2336 oet
1309 2270 1492 2353 publicum

307 2394 359 2457 oel
377 2392 555 2475 priuatum
574 2414 603 2457 s.

398 2519 622 2605 Indulgentiae
646 2522 784 2597 locales,
810 2522 927 2606 quippe
956 2520 1028 2585 loco
1051 2518 1187 2599 affixae,
1210 2519 1387 2585 transferri
1415 2539 1492 2603 pos·

308 2647 391 2715 sunt,
416 2642 552 2708 arbitrio
575 2642 791 2715 concedentis,
809 2644 843 2705 in
865 2642 963 2706 alium
986 2642 1110 2716 locum;
1130 2643 1330 2725 personales
1352 2658 1436 2705 vero
1460 2646 1493 2705 et

307 2768 505 2850 simpliciter
527 2769 637 2833 reales
660 2773 837 2852 sequuntur
862 2770 964 2854 ipsam
984 2788 1173 2851 personam
1189 2768 1242 2833 vel
1264 2786 1340 2832 rem
1363 2768 1416 2832 cui
1434 2765 1492 2831 ad·

308 2890 456 2957 haerent.
493 2894 672 2958 Praeterea
698 2893 773 2977 quia
794 2892 836 2957 ad
868 2891 1058 2958 lucrandam
1088 2892 1319 2977 indulgentiam
1348 2890 1493 2957 conditio

306 3018 462 3101 temporis
485 3017 537 3082 vel
562 3020 643 3083 certi
679 3018 742 3083 ‹liei
765 3017 861 3083 adiici
897 3019 995 3091 solet,
1020 3016 1120 3083 veluti
1152 3016 1278 3102 quando
1305 3018 1494 3102 assignatur

308 3139 376 3205 dies
399 3140 501 3206 festus
531 3161 593 3225 quo
629 3142 862 3227 indulgentiam
899 3143 1024 3207 lucrari
1055 3143 1107 3207 fas
1134 3146 1196 3216 est,
1220 3141 1297 3207 hinc
1320 3145 1371 3206 est
1400 3141 1493 3206 locus

307 3265 529 3338 translationi,
554 3284 597 3329 ex
619 3268 716 3330 venia
739 3264 956 3339 concedentis,
982 3267 1015 3328 in
1046 3266 1133 3331 aliud
1161 3271 1292 3348 tempus
1299 3285 1314 3348 ,·
1337 3266 1493 3347 quocirca

307 3389 477 3453 translatio
501 3391 666 3475 respicere
689 3394 793 3475 potest
812 3390 865 3454 vel
882 3395 1015 3473 tempus
1029 3390 1082 3454 vel
1099 3390 1220 3456 locum.
1246 3388 1319 3453 Huc
1343 3393 1495 3473 spectant

309 3512 371 3577 duo
394 3521 566 3597 sequentes
588 3515 729 3580 articuli.

397 3640 440 3704 X.
468 3660 487 3701 ‹
513 3638 762 3721 Transferendi
788 3658 810 3703 a
838 3637 894 3703 die
924 3637 976 3703 uel
1006 3636 1124 3703 diebus
1151 3636 1198 3701 ad
1228 3634 1318 3701 diem
1342 3636 1396 3701 uel
1420 3634 1494 3700 dies

309 3763 396 3829 otios
419 3763 654 3848 Indulpentios
677 3762 747 3827 iam
772 3780 963 3844 concessas;
985 3760 1135 3843 exceptis
1153 3761 1391 3827 lununcanrm
1409 3760 1495 3825 Por·

309 3905 515 3960 rmuaumm,
547 3886 691 3971 aliisque
721 3852 951 3972 Indnlpenliis
984 3886 1150 3969 plenariis
1179 3884 1344 3950 concessis
1372 3902 1493 3950 rarius

311 4031 451 4086 Quorlus
467 4035 498 4077 ».
576 4022 583 4040 ¹

398 4135 458 4201 XI.
486 4135 774 4219 ‹Transferencli
802 4135 849 4200 od
885 4134 992 4199 oliam
1025 4132 1210 4199 Ecclesiam
1239 4132 1292 4199 vel
1318 4132 1366 4197 ad
1396 4132 1494 4199 aliud

313 4264 508 4331 Onalorium
539 4262 716 4346 publicum
750 4260 991 4345 Indnlpentios
1021 4259 1092 4325 iam
1122 4278 1297 4326 concessas
1320 4258 1494 4325 Ecclesiae

308 4390 360 4455 oel
390 4388 528 4472 publico
552 4386 754 4454 oratorio».
779 4384 998 4469 Exceptiones
1033 4382 1140 4448 iactae
1179 4384 1213 4447 in
1244 4387 1306 4447 art.
1331 4382 1365 4446 X
1395 4402 1492 4468 repe·
