<?xml version="1.0" encoding="UTF-8"?>
<!DOCTYPE html PUBLIC "-//W3C//DTD XHTML 1.0 Transitional//EN"
    "http://www.w3.org/TR/xhtml1/DTD/xhtml1-transitional.dtd">
<html xmlns="http://www.w3.org/1999/xhtml" xml:lang="en" lang="en">
 <head>
  <title>
</title>
<meta http-equiv="Content-Type" content="text/html;charset=utf-8" />
  <meta name='ocr-system' content='tesseract 3.04.00' />
  <meta name='ocr-capabilities' content='ocr_page ocr_carea ocr_par ocr_line ocrx_word'/>
</head>
<body>
  <div class='ocr_page' id='page_1' title='image "./praelectionesin03legagoog_0176.png"; bbox 0 0 3292 5109; ppageno 0'>
   <div class='ocr_carea' id='block_1_1' title="bbox 267 286 936 352">
    <p class='ocr_par' dir='ltr' id='par_1_1' title="bbox 267 286 936 352">
     <span class='ocr_line' id='line_1_1' title="bbox 267 286 936 352; baseline -0.003 -1"><span class='ocrx_word' id='word_1_1' title='bbox 267 286 330 352; x_wconf 82' lang='lat'><strong>172</strong></span> <span class='ocrx_word' id='word_1_2' title='bbox 792 304 876 351; x_wconf 78' lang='grc'><strong>1666</strong></span> <span class='ocrx_word' id='word_1_3' title='bbox 900 303 936 350; x_wconf 92' lang='grc'><strong>11.</strong></span> 
     </span>
    </p>
   </div>
   <div class='ocr_carea' id='block_1_2' title="bbox 260 424 1450 3984">
    <p class='ocr_par' dir='ltr' id='par_1_2' title="bbox 260 424 1448 2251">
     <span class='ocr_line' id='line_1_2' title="bbox 262 424 1443 509; baseline -0.002 -17"><span class='ocrx_word' id='word_1_4' title='bbox 262 426 453 494; x_wconf 78' lang='lat' dir='ltr'><strong>acutissimi</strong></span> <span class='ocrx_word' id='word_1_5' title='bbox 476 426 646 492; x_wconf 78' lang='lat' dir='ltr'><strong>Retotoris&#39;</strong></span> <span class='ocrx_word' id='word_1_6' title='bbox 668 449 699 490; x_wconf 83' lang='lat'><strong>›.</strong></span> <span class='ocrx_word' id='word_1_7' title='bbox 725 428 797 492; x_wconf 87' lang='lat' dir='ltr'><strong>Art.</strong></span> <span class='ocrx_word' id='word_1_8' title='bbox 823 425 883 491; x_wconf 87' lang='lat'><strong>10:</strong></span> <span class='ocrx_word' id='word_1_9' title='bbox 909 424 1195 509; x_wconf 79' lang='lat' dir='ltr'><strong>‹Responsiooes</strong></span> <span class='ocrx_word' id='word_1_10' title='bbox 1219 425 1333 493; x_wconf 83' lang='lat' dir='ltr'><strong>triduo</strong></span> <span class='ocrx_word' id='word_1_11' title='bbox 1362 430 1443 490; x_wconf 80' lang='lat' dir='ltr'><strong>octe</strong></span> 
     </span>
     <span class='ocr_line' id='line_1_3' title="bbox 260 548 1442 633; baseline -0.001 -18"><span class='ocrx_word' id='word_1_12' title='bbox 260 548 530 633; x_wconf 73' lang='lat' dir='ltr'><em>propositionem</em></span> <span class='ocrx_word' id='word_1_13' title='bbox 554 568 678 615; x_wconf 81' lang='lat' dir='ltr'><strong>causae</strong></span> <span class='ocrx_word' id='word_1_14' title='bbox 701 549 966 623; x_wconf 78' lang='lat' dir='ltr'><strong>distribuuntur,</strong></span> <span class='ocrx_word' id='word_1_15' title='bbox 989 554 1030 616; x_wconf 83' lang='lat' dir='ltr'><strong>ut</strong></span> <span class='ocrx_word' id='word_1_16' title='bbox 1058 548 1095 614; x_wconf 81' lang='lat' dir='ltr'><strong>ia</strong></span> <span class='ocrx_word' id='word_1_17' title='bbox 1126 548 1272 617; x_wconf 77' lang='lat' dir='ltr'><strong>articulo</strong></span> <span class='ocrx_word' id='word_1_18' title='bbox 1299 566 1442 632; x_wconf 85' lang='lat' dir='ltr'><strong>proece-</strong></span> 
     </span>
     <span class='ocr_line' id='line_1_4' title="bbox 265 673 1443 760; baseline -0.002 -19"><span class='ocrx_word' id='word_1_19' title='bbox 265 675 358 741; x_wconf 78' lang='lat' dir='ltr'><strong>deati</strong></span> <span class='ocrx_word' id='word_1_20' title='bbox 381 696 411 740; x_wconf 82' lang='lat'><strong>›.</strong></span> <span class='ocrx_word' id='word_1_21' title='bbox 431 675 576 749; x_wconf 87' lang='lat' dir='ltr'><strong>Quatuor</strong></span> <span class='ocrx_word' id='word_1_22' title='bbox 592 676 626 741; x_wconf 90' lang='lat' dir='ltr'><strong>hi</strong></span> <span class='ocrx_word' id='word_1_23' title='bbox 641 676 769 741; x_wconf 80' lang='lat' dir='ltr'><strong>articuli</strong></span> <span class='ocrx_word' id='word_1_24' title='bbox 794 673 1004 741; x_wconf 83' lang='lat' dir='ltr'>moderantur</span> <span class='ocrx_word' id='word_1_25' title='bbox 1027 674 1195 760; x_wconf 89' lang='lat' dir='ltr'><strong>periodum</strong></span> <span class='ocrx_word' id='word_1_26' title='bbox 1220 674 1443 739; x_wconf 78' lang='lat' dir='ltr'><strong>instructionis</strong></span> 
     </span>
     <span class='ocr_line' id='line_1_5' title="bbox 263 797 1444 885; baseline -0.002 -22"><span class='ocrx_word' id='word_1_27' title='bbox 263 817 392 871; x_wconf 83' lang='lat' dir='ltr'><strong>causae,</strong></span> <span class='ocrx_word' id='word_1_28' title='bbox 416 818 513 883; x_wconf 92' lang='lat' dir='ltr'><strong>quum</strong></span> <span class='ocrx_word' id='word_1_29' title='bbox 536 798 690 883; x_wconf 84' lang='lat' dir='ltr'><strong>explicati</strong></span> <span class='ocrx_word' id='word_1_30' title='bbox 717 798 875 864; x_wconf 88' lang='lat' dir='ltr'><strong>hacteuus</strong></span> <span class='ocrx_word' id='word_1_31' title='bbox 897 798 1026 864; x_wconf 81' lang='lat' dir='ltr'><strong>articuli</strong></span> <span class='ocrx_word' id='word_1_32' title='bbox 1050 799 1155 884; x_wconf 92' lang='lat' dir='ltr'><strong>potius</strong></span> <span class='ocrx_word' id='word_1_33' title='bbox 1177 800 1309 885; x_wconf 82' lang='lat' dir='ltr'><strong>egerint</strong></span> <span class='ocrx_word' id='word_1_34' title='bbox 1331 797 1370 862; x_wconf 93' lang='lat' dir='ltr'><strong>de</strong></span> <span class='ocrx_word' id='word_1_35' title='bbox 1393 797 1444 861; x_wconf 92' lang='grc'><strong>16-</strong></span> 
     </span>
     <span class='ocr_line' id='line_1_6' title="bbox 263 920 1444 991; baseline 0 -4"><span class='ocrx_word' id='word_1_36' title='bbox 263 922 467 988; x_wconf 85' lang='lat' dir='ltr'><strong>troductione</strong></span> <span class='ocrx_word' id='word_1_37' title='bbox 495 924 674 988; x_wconf 87' lang='lat' dir='ltr'><strong>instantiae.</strong></span> <span class='ocrx_word' id='word_1_38' title='bbox 704 924 835 989; x_wconf 83' lang='lat' dir='ltr'><strong>Revera</strong></span> <span class='ocrx_word' id='word_1_39' title='bbox 861 922 900 988; x_wconf 78' lang='lat' dir='ltr'><strong>ia</strong></span> <span class='ocrx_word' id='word_1_40' title='bbox 925 930 990 989; x_wconf 86' lang='lat' dir='ltr'><strong>ort.</strong></span> <span class='ocrx_word' id='word_1_41' title='bbox 1016 923 1213 991; x_wconf 83' lang='grc'><strong>7616161161</strong></span> <span class='ocrx_word' id='word_1_42' title='bbox 1240 920 1444 989; x_wconf 90' lang='lat' dir='ltr'><strong>indicendum</strong></span> 
     </span>
     <span class='ocr_line' id='line_1_7' title="bbox 266 1046 1443 1135; baseline 0.001 -24"><span class='ocrx_word' id='word_1_43' title='bbox 266 1066 338 1113; x_wconf 89' lang='lat' dir='ltr'><strong>esse</strong></span> <span class='ocrx_word' id='word_1_44' title='bbox 361 1046 515 1132; x_wconf 84' lang='lat' dir='ltr'><strong>partibus,</strong></span> <span class='ocrx_word' id='word_1_45' title='bbox 532 1051 567 1111; x_wconf 90' lang='lat' dir='ltr'><strong>ut</strong></span> <span class='ocrx_word' id='word_1_46' title='bbox 591 1047 768 1113; x_wconf 73' lang='grc'><strong>1511161166</strong></span> <span class='ocrx_word' id='word_1_47' title='bbox 792 1054 867 1114; x_wconf 88' lang='lat' dir='ltr'><strong>ante</strong></span> <span class='ocrx_word' id='word_1_48' title='bbox 891 1047 975 1114; x_wconf 88' lang='lat' dir='ltr'><strong>diem</strong></span> <span class='ocrx_word' id='word_1_49' title='bbox 1002 1049 1228 1135; x_wconf 83' lang='lat' dir='ltr'><strong>propositionis</strong></span> <span class='ocrx_word' id='word_1_50' title='bbox 1256 1048 1443 1132; x_wconf 75' lang='grc'><strong>1166666161</strong></span> 
     </span>
     <span class='ocr_line' id='line_1_8' title="bbox 264 1170 1445 1258; baseline 0.002 -24"><span class='ocrx_word' id='word_1_51' title='bbox 264 1172 300 1235; x_wconf 93' lang='grc'><strong>16</strong></span> <span class='ocrx_word' id='word_1_52' title='bbox 324 1172 522 1238; x_wconf 84' lang='lat' dir='ltr'><strong>intimatione</strong></span> <span class='ocrx_word' id='word_1_53' title='bbox 545 1172 780 1239; x_wconf 87' lang='lat' dir='ltr'><strong>determinatur</strong></span> <span class='ocrx_word' id='word_1_54' title='bbox 807 1176 899 1239; x_wconf 88' lang='lat' dir='ltr'><strong>certa</strong></span> <span class='ocrx_word' id='word_1_55' title='bbox 926 1170 1006 1255; x_wconf 88' lang='lat' dir='ltr'><strong>dies)</strong></span> <span class='ocrx_word' id='word_1_56' title='bbox 1030 1174 1213 1258; x_wconf 85' lang='lat' dir='ltr'><strong>scripturae</strong></span> <span class='ocrx_word' id='word_1_57' title='bbox 1240 1173 1366 1239; x_wconf 90' lang='grc'><strong>66111661</strong></span> <span class='ocrx_word' id='word_1_58' title='bbox 1392 1173 1445 1237; x_wconf 89' lang='grc'><strong>16-</strong></span> 
     </span>
     <span class='ocr_line' id='line_1_9' title="bbox 266 1296 1447 1383; baseline 0.003 -24"><span class='ocrx_word' id='word_1_59' title='bbox 266 1302 455 1369; x_wconf 78' lang='lat' dir='ltr'><strong>strumenta,</strong></span> <span class='ocrx_word' id='word_1_60' title='bbox 468 1296 681 1371; x_wconf 80' lang='lat' dir='ltr'><strong>defensiones,</strong></span> <span class='ocrx_word' id='word_1_61' title='bbox 695 1298 918 1364; x_wconf 89' lang='lat' dir='ltr'><strong>attestationes</strong></span> <span class='ocrx_word' id='word_1_62' title='bbox 929 1299 962 1362; x_wconf 92' lang='grc'><strong>16</strong></span> <span class='ocrx_word' id='word_1_63' title='bbox 974 1298 1115 1383; x_wconf 86' lang='lat' dir='ltr'><strong>propriis</strong></span> <span class='ocrx_word' id='word_1_64' title='bbox 1128 1297 1323 1364; x_wconf 84' lang='lat' dir='ltr'><strong>authenticis</strong></span> <span class='ocrx_word' id='word_1_65' title='bbox 1338 1317 1447 1364; x_wconf 75' lang='lat' dir='ltr'><strong>exem·</strong></span> 
     </span>
     <span class='ocr_line' id='line_1_10' title="bbox 263 1418 1448 1507; baseline 0.003 -24"><span class='ocrx_word' id='word_1_66' title='bbox 263 1418 410 1503; x_wconf 72' lang='lat' dir='ltr'><strong>&#39;plaribus</strong></span> <span class='ocrx_word' id='word_1_67' title='bbox 433 1419 635 1506; x_wconf 88' lang='lat' dir='ltr'><strong>deponantur</strong></span> <span class='ocrx_word' id='word_1_68' title='bbox 653 1419 737 1507; x_wconf 90' lang='lat' dir='ltr'><strong>apud</strong></span> <span class='ocrx_word' id='word_1_69' title='bbox 754 1420 923 1485; x_wconf 89' lang='lat' dir='ltr'><strong>Dominum</strong></span> <span class='ocrx_word' id='word_1_70' title='bbox 938 1420 1167 1487; x_wconf 78' lang='lat' dir='ltr'><strong>secretarium.</strong></span> <span class='ocrx_word' id='word_1_71' title='bbox 1193 1421 1265 1487; x_wconf 91' lang='lat' dir='ltr'><strong>Hoc</strong></span> <span class='ocrx_word' id='word_1_72' title='bbox 1287 1423 1448 1506; x_wconf 88' lang='lat' dir='ltr'><strong>praescri·</strong></span> 
     </span>
     <span class='ocr_line' id='line_1_11' title="bbox 267 1540 1446 1631; baseline 0.003 -26"><span class='ocrx_word' id='word_1_73' title='bbox 267 1540 353 1607; x_wconf 89' lang='lat' dir='ltr'><strong>bitur</strong></span> <span class='ocrx_word' id='word_1_74' title='bbox 376 1546 411 1607; x_wconf 91' lang='lat' dir='ltr'><strong>ut</strong></span> <span class='ocrx_word' id='word_1_75' title='bbox 432 1543 646 1608; x_wconf 86' lang='lat' dir='ltr'><strong>iustrumenta</strong></span> <span class='ocrx_word' id='word_1_76' title='bbox 667 1548 701 1608; x_wconf 88' lang='lat' dir='ltr'><strong>ct</strong></span> <span class='ocrx_word' id='word_1_77' title='bbox 723 1542 924 1617; x_wconf 84' lang='lat' dir='ltr'><strong>documenta,</strong></span> <span class='ocrx_word' id='word_1_78' title='bbox 940 1543 1055 1629; x_wconf 89' lang='lat' dir='ltr'><strong>quibus</strong></span> <span class='ocrx_word' id='word_1_79' title='bbox 1076 1549 1186 1631; x_wconf 89' lang='lat' dir='ltr'><strong>partes</strong></span> <span class='ocrx_word' id='word_1_80' title='bbox 1212 1543 1446 1609; x_wconf 87' lang='lat' dir='ltr'><strong>contendentes</strong></span> 
     </span>
     <span class='ocr_line' id='line_1_12' title="bbox 268 1668 1439 1755; baseline 0.005 -26"><span class='ocrx_word' id='word_1_81' title='bbox 268 1670 411 1741; x_wconf 86' lang='lat' dir='ltr'><strong>utuntur,</strong></span> <span class='ocrx_word' id='word_1_82' title='bbox 429 1668 551 1752; x_wconf 88' lang='lat' dir='ltr'><strong>possint</strong></span> <span class='ocrx_word' id='word_1_83' title='bbox 566 1668 705 1733; x_wconf 82' lang='lat' dir='ltr'><strong>examini</strong></span> <span class='ocrx_word' id='word_1_84' title='bbox 722 1668 834 1734; x_wconf 89' lang='lat' dir='ltr'><strong>subiici</strong></span> <span class='ocrx_word' id='word_1_85' title='bbox 851 1687 953 1753; x_wconf 90' lang='lat' dir='ltr'><strong>eaque</strong></span> <span class='ocrx_word' id='word_1_86' title='bbox 969 1668 1179 1755; x_wconf 85' lang='lat' dir='ltr'><strong>repellantur,</strong></span> <span class='ocrx_word' id='word_1_87' title='bbox 1196 1670 1222 1735; x_wconf 82' lang='lat' dir='ltr'><strong>si.</strong></span> <span class='ocrx_word' id='word_1_88' title='bbox 1238 1674 1364 1735; x_wconf 86' lang='lat' dir='ltr'><strong>constet</strong></span> <span class='ocrx_word' id='word_1_89' title='bbox 1378 1688 1439 1735; x_wconf 85' lang='lat' dir='ltr'><strong>ou·</strong></span> 
     </span>
     <span class='ocr_line' id='line_1_13' title="bbox 268 1790 1439 1878; baseline 0.003 -23"><span class='ocrx_word' id='word_1_90' title='bbox 268 1790 412 1860; x_wconf 80' lang='lat' dir='ltr'><strong>theotioo</strong></span> <span class='ocrx_word' id='word_1_91' title='bbox 428 1811 493 1855; x_wconf 89' lang='grc'><strong>666</strong></span> <span class='ocrx_word' id='word_1_92' title='bbox 509 1811 579 1857; x_wconf 90' lang='grc'><strong>6666</strong></span> <span class='ocrx_word' id='word_1_93' title='bbox 595 1791 651 1857; x_wconf 90' lang='lat' dir='ltr'><strong>sed</strong></span> <span class='ocrx_word' id='word_1_94' title='bbox 666 1792 891 1876; x_wconf 76' lang='lat' dir='ltr'><strong>supposititio.</strong></span> <span class='ocrx_word' id='word_1_95' title='bbox 913 1793 1051 1859; x_wconf 88' lang='lat' dir='ltr'><strong>Additur</strong></span> <span class='ocrx_word' id='word_1_96' title='bbox 1066 1794 1099 1859; x_wconf 91' lang='grc'><strong>16</strong></span> <span class='ocrx_word' id='word_1_97' title='bbox 1122 1794 1260 1860; x_wconf 89' lang='lat' dir='ltr'><strong>articulo</strong></span> <span class='ocrx_word' id='word_1_98' title='bbox 1275 1794 1439 1878; x_wconf 76' lang='lat' dir='ltr'><strong>atriaque</strong></span> 
     </span>
     <span class='ocr_line' id='line_1_14' title="bbox 267 1914 1448 2002; baseline 0.003 -24"><span class='ocrx_word' id='word_1_99' title='bbox 267 1914 469 1981; x_wconf 80' lang='lat' dir='ltr'><strong>transmissa</strong></span> <span class='ocrx_word' id='word_1_100' title='bbox 490 1915 711 1991; x_wconf 80' lang='lat' dir='ltr'><strong>intimatione,</strong></span> <span class='ocrx_word' id='word_1_101' title='bbox 732 1918 807 2001; x_wconf 89' lang='lat' dir='ltr'><strong>quia</strong></span> <span class='ocrx_word' id='word_1_102' title='bbox 829 1919 986 1984; x_wconf 87' lang='lat' dir='ltr'><strong>terminus</strong></span> <span class='ocrx_word' id='word_1_103' title='bbox 1011 1915 1195 2001; x_wconf 70' lang='lat' dir='ltr'><strong>quindecim.</strong></span> <span class='ocrx_word' id='word_1_104' title='bbox 1215 1916 1349 1991; x_wconf 87' lang='lat' dir='ltr'><strong>dierum,</strong></span> <span class='ocrx_word' id='word_1_105' title='bbox 1367 1916 1448 2002; x_wconf 87' lang='lat' dir='ltr'><strong>legi·</strong></span> 
     </span>
     <span class='ocr_line' id='line_1_15' title="bbox 267 2037 1445 2128; baseline 0 -24"><span class='ocrx_word' id='word_1_106' title='bbox 267 2038 346 2104; x_wconf 88' lang='lat' dir='ltr'><strong>tima</strong></span> <span class='ocrx_word' id='word_1_107' title='bbox 368 2037 407 2103; x_wconf 88' lang='lat' dir='ltr'><strong>de</strong></span> <span class='ocrx_word' id='word_1_108' title='bbox 431 2058 536 2121; x_wconf 88' lang='lat' dir='ltr'><strong>causa,</strong></span> <span class='ocrx_word' id='word_1_109' title='bbox 554 2044 658 2125; x_wconf 86' lang='lat' dir='ltr'><strong>potest</strong></span> <span class='ocrx_word' id='word_1_110' title='bbox 676 2040 729 2105; x_wconf 90' lang='lat' dir='ltr'><strong>vel</strong></span> <span class='ocrx_word' id='word_1_111' title='bbox 753 2039 937 2105; x_wconf 88' lang='lat' dir='ltr'><strong>abbreviari</strong></span> <span class='ocrx_word' id='word_1_112' title='bbox 959 2042 1014 2107; x_wconf 84' lang='lat' dir='ltr'><strong>vel</strong></span> <span class='ocrx_word' id='word_1_113' title='bbox 1037 2041 1185 2128; x_wconf 83' lang='lat' dir='ltr'><strong>protrahi</strong></span> <span class='ocrx_word' id='word_1_114' title='bbox 1200 2040 1252 2106; x_wconf 88' lang='lat' dir='ltr'><strong>vel</strong></span> <span class='ocrx_word' id='word_1_115' title='bbox 1268 2039 1309 2106; x_wconf 91' lang='lat' dir='ltr'><strong>ad</strong></span> <span class='ocrx_word' id='word_1_116' title='bbox 1325 2041 1445 2105; x_wconf 85' lang='grc'><strong>166166-</strong></span> 
     </span>
     <span class='ocr_line' id='line_1_16' title="bbox 267 2160 1146 2251; baseline 0.002 -22"><span class='ocrx_word' id='word_1_117' title='bbox 267 2167 344 2229; x_wconf 88' lang='lat' dir='ltr'><strong>tiam</strong></span> <span class='ocrx_word' id='word_1_118' title='bbox 367 2168 505 2251; x_wconf 87' lang='lat' dir='ltr'><strong>partium</strong></span> <span class='ocrx_word' id='word_1_119' title='bbox 528 2167 581 2231; x_wconf 86' lang='lat' dir='ltr'><strong>vel</strong></span> <span class='ocrx_word' id='word_1_120' title='bbox 605 2186 649 2233; x_wconf 74' lang='lat' dir='ltr'><strong>oco</strong></span> <span class='ocrx_word' id='word_1_121' title='bbox 672 2166 779 2251; x_wconf 78' lang='lat' dir='ltr'><strong>officio</strong></span> <span class='ocrx_word' id='word_1_122' title='bbox 804 2186 824 2231; x_wconf 92' lang='lat' dir='ltr'><strong>a</strong></span> <span class='ocrx_word' id='word_1_123' title='bbox 848 2166 957 2233; x_wconf 87' lang='lat' dir='ltr'><strong>ludica</strong></span> <span class='ocrx_word' id='word_1_124' title='bbox 981 2160 1146 2234; x_wconf 85' lang='lat' dir='ltr'><strong>Relatore.</strong></span> 
     </span>
    </p>

    <p class='ocr_par' dir='ltr' id='par_1_3' title="bbox 264 2287 1449 3493">
     <span class='ocr_line' id='line_1_17' title="bbox 357 2287 1449 2356; baseline 0.004 -5"><span class='ocrx_word' id='word_1_125' title='bbox 357 2288 531 2355; x_wconf 81' lang='lat' dir='ltr'><strong>Articulus</strong></span> <span class='ocrx_word' id='word_1_126' title='bbox 542 2288 566 2355; x_wconf 81' lang='lat'><em>8</em></span> <span class='ocrx_word' id='word_1_127' title='bbox 577 2290 688 2355; x_wconf 84' lang='lat' dir='ltr'><strong>statuit</strong></span> <span class='ocrx_word' id='word_1_128' title='bbox 699 2288 811 2355; x_wconf 88' lang='lat' dir='ltr'><strong>decem</strong></span> <span class='ocrx_word' id='word_1_129' title='bbox 827 2289 939 2355; x_wconf 90' lang='lat' dir='ltr'><strong>diebus</strong></span> <span class='ocrx_word' id='word_1_130' title='bbox 953 2294 1030 2355; x_wconf 91' lang='grc'><strong>6616</strong></span> <span class='ocrx_word' id='word_1_131' title='bbox 1046 2287 1263 2356; x_wconf 82' lang='lat' dir='ltr'><strong>definitionem</strong></span> <span class='ocrx_word' id='word_1_132' title='bbox 1278 2310 1394 2356; x_wconf 88' lang='lat' dir='ltr'><strong>causae</strong></span> <span class='ocrx_word' id='word_1_133' title='bbox 1412 2292 1449 2355; x_wconf 92' lang='grc'><strong>16</strong></span> 
     </span>
     <span class='ocr_line' id='line_1_18' title="bbox 264 2412 1447 2501; baseline 0.001 -23"><span class='ocrx_word' id='word_1_134' title='bbox 264 2414 371 2495; x_wconf 82' lang='lat' dir='ltr'><strong>pleno</strong></span> <span class='ocrx_word' id='word_1_135' title='bbox 394 2413 655 2501; x_wconf 71' lang='lat' dir='ltr'><strong>congregatione</strong></span> <span class='ocrx_word' id='word_1_136' title='bbox 668 2419 736 2479; x_wconf 92' lang='lat' dir='ltr'><strong>tum</strong></span> <span class='ocrx_word' id='word_1_137' title='bbox 751 2415 892 2500; x_wconf 90' lang='lat' dir='ltr'><strong>partium</strong></span> <span class='ocrx_word' id='word_1_138' title='bbox 910 2414 1120 2499; x_wconf 80' lang='lat' dir='ltr'><strong>allegationes</strong></span> <span class='ocrx_word' id='word_1_139' title='bbox 1136 2419 1204 2479; x_wconf 91' lang='lat' dir='ltr'><strong>tum</strong></span> <span class='ocrx_word' id='word_1_140' title='bbox 1220 2412 1298 2479; x_wconf 85' lang='grc'><strong>16611</strong></span> <span class='ocrx_word' id='word_1_141' title='bbox 1314 2416 1447 2479; x_wconf 90' lang='grc'><strong>6116116</strong></span> 
     </span>
     <span class='ocr_line' id='line_1_19' title="bbox 268 2537 1447 2614; baseline 0 -10"><span class='ocrx_word' id='word_1_142' title='bbox 268 2538 486 2611; x_wconf 79' lang='lat' dir='ltr'><strong>summarium,</strong></span> <span class='ocrx_word' id='word_1_143' title='bbox 511 2538 925 2614; x_wconf 78' lang='grc'><strong>6161616668616161616,</strong></span> <span class='ocrx_word' id='word_1_144' title='bbox 950 2558 1022 2605; x_wconf 89' lang='grc'><strong>6666</strong></span> <span class='ocrx_word' id='word_1_145' title='bbox 1049 2537 1270 2603; x_wconf 88' lang='lat' dir='ltr'><strong>distribuenda</strong></span> <span class='ocrx_word' id='word_1_146' title='bbox 1292 2537 1447 2605; x_wconf 81' lang='lat' dir='ltr'><strong>Cardine·</strong></span> 
     </span>
     <span class='ocr_line' id='line_1_20' title="bbox 267 2646 1447 2747; baseline 0.003 -22"><span class='ocrx_word' id='word_1_147' title='bbox 267 2660 351 2727; x_wconf 86' lang='lat' dir='ltr'><strong>libus</strong></span> <span class='ocrx_word' id='word_1_148' title='bbox 374 2646 523 2727; x_wconf 45' lang='lat' dir='ltr'><strong>eiusdem*</strong></span> <span class='ocrx_word' id='word_1_149' title='bbox 540 2662 816 2747; x_wconf 81' lang='lat' dir='ltr'><strong>congregationis,</strong></span> <span class='ocrx_word' id='word_1_150' title='bbox 841 2681 902 2727; x_wconf 88' lang='lat' dir='ltr'><strong>nco</strong></span> <span class='ocrx_word' id='word_1_151' title='bbox 925 2682 990 2728; x_wconf 91' lang='lat' dir='ltr'><strong>non</strong></span> <span class='ocrx_word' id='word_1_152' title='bbox 1015 2663 1050 2727; x_wconf 86' lang='grc'><strong>1).</strong></span> <span class='ocrx_word' id='word_1_153' title='bbox 1067 2662 1252 2728; x_wconf 79' lang='grc'><strong>8661616116</strong></span> <span class='ocrx_word' id='word_1_154' title='bbox 1275 2663 1447 2729; x_wconf 83' lang='grc'><strong>6186616-</strong></span> 
     </span>
     <span class='ocr_line' id='line_1_21' title="bbox 268 2785 1448 2872; baseline 0.001 -21"><span class='ocrx_word' id='word_1_155' title='bbox 268 2787 383 2851; x_wconf 77' lang='lat' dir='ltr'><strong>toriae.</strong></span> <span class='ocrx_word' id='word_1_156' title='bbox 402 2820 419 2835; x_wconf 91' lang='lat'>-</span> <span class='ocrx_word' id='word_1_157' title='bbox 438 2786 542 2851; x_wconf 89' lang='lat' dir='ltr'><strong>Hodie</strong></span> <span class='ocrx_word' id='word_1_158' title='bbox 564 2787 619 2851; x_wconf 92' lang='lat' dir='ltr'><strong>hic</strong></span> <span class='ocrx_word' id='word_1_159' title='bbox 641 2788 798 2851; x_wconf 88' lang='lat' dir='ltr'><strong>terminus</strong></span> <span class='ocrx_word' id='word_1_160' title='bbox 820 2787 933 2853; x_wconf 90' lang='lat' dir='ltr'><strong>decem</strong></span> <span class='ocrx_word' id='word_1_161' title='bbox 955 2786 1081 2853; x_wconf 87' lang='lat' dir='ltr'><strong>dierum</strong></span> <span class='ocrx_word' id='word_1_162' title='bbox 1103 2785 1188 2872; x_wconf 90' lang='lat' dir='ltr'><strong>apud</strong></span> <span class='ocrx_word' id='word_1_163' title='bbox 1210 2786 1296 2852; x_wconf 92' lang='lat' dir='ltr'><strong>hanc</strong></span> <span class='ocrx_word' id='word_1_164' title='bbox 1312 2787 1448 2853; x_wconf 88' lang='lat' dir='ltr'><strong>Sacram</strong></span> 
     </span>
     <span class='ocr_line' id='line_1_22' title="bbox 269 2911 1449 2999; baseline 0.001 -22"><span class='ocrx_word' id='word_1_165' title='bbox 269 2912 559 2997; x_wconf 81' lang='lat' dir='ltr'><strong>Congregationem</strong></span> <span class='ocrx_word' id='word_1_166' title='bbox 582 2912 708 2978; x_wconf 84' lang='lat' dir='ltr'><strong>servari</strong></span> <span class='ocrx_word' id='word_1_167' title='bbox 732 2932 796 2978; x_wconf 88' lang='lat' dir='ltr'><strong>non</strong></span> <span class='ocrx_word' id='word_1_168' title='bbox 820 2914 911 2987; x_wconf 83' lang='lat' dir='ltr'><strong>solet,</strong></span> <span class='ocrx_word' id='word_1_169' title='bbox 934 2913 1001 2986; x_wconf 82' lang='lat' dir='ltr'><strong>sed,</strong></span> <span class='ocrx_word' id='word_1_170' title='bbox 1014 2919 1087 2999; x_wconf 88' lang='lat' dir='ltr'><strong>post</strong></span> <span class='ocrx_word' id='word_1_171' title='bbox 1108 2920 1273 2999; x_wconf 89' lang='lat' dir='ltr'><strong>peractam</strong></span> <span class='ocrx_word' id='word_1_172' title='bbox 1300 2911 1449 2979; x_wconf 90' lang='lat' dir='ltr'><strong>distribu-</strong></span> 
     </span>
     <span class='ocr_line' id='line_1_23' title="bbox 269 3036 1449 3125; baseline -0.001 -22"><span class='ocrx_word' id='word_1_173' title='bbox 269 3038 397 3111; x_wconf 80' lang='lat' dir='ltr'><strong>tionem,</strong></span> <span class='ocrx_word' id='word_1_174' title='bbox 422 3058 442 3101; x_wconf 97' lang='grc'><strong>6</strong></span> <span class='ocrx_word' id='word_1_175' title='bbox 465 3036 648 3102; x_wconf 81' lang='grc'><strong>8661616116</strong></span> <span class='ocrx_word' id='word_1_176' title='bbox 668 3036 700 3105; x_wconf 89' lang='lat' dir='ltr'><strong>S.</strong></span> <span class='ocrx_word' id='word_1_177' title='bbox 718 3038 816 3125; x_wconf 82' lang='lat' dir='ltr'><strong>oong.</strong></span> <span class='ocrx_word' id='word_1_178' title='bbox 834 3058 892 3104; x_wconf 90' lang='lat' dir='ltr'><strong>seu</strong></span> <span class='ocrx_word' id='word_1_179' title='bbox 915 3058 936 3103; x_wconf 88' lang='grc'><strong>6</strong></span> <span class='ocrx_word' id='word_1_180' title='bbox 958 3036 1122 3105; x_wconf 77' lang='lat' dir='ltr'><strong>cardinali</strong></span> <span class='ocrx_word' id='word_1_181' title='bbox 1140 3038 1314 3104; x_wconf 83' lang='lat' dir='ltr'><strong>Praefecto</strong></span> <span class='ocrx_word' id='word_1_182' title='bbox 1337 3036 1449 3105; x_wconf 88' lang='lat' dir='ltr'><strong>deter-</strong></span> 
     </span>
     <span class='ocr_line' id='line_1_24' title="bbox 269 3156 1448 3247; baseline 0.004 -26"><span class='ocrx_word' id='word_1_183' title='bbox 269 3158 409 3222; x_wconf 91' lang='lat' dir='ltr'><strong>minatur</strong></span> <span class='ocrx_word' id='word_1_184' title='bbox 433 3156 500 3223; x_wconf 90' lang='lat' dir='ltr'><strong>dies</strong></span> <span class='ocrx_word' id='word_1_185' title='bbox 524 3158 749 3243; x_wconf 88' lang='lat' dir='ltr'><strong>propositionis</strong></span> <span class='ocrx_word' id='word_1_186' title='bbox 776 3178 902 3232; x_wconf 82' lang='lat' dir='ltr'><strong>causae,</strong></span> <span class='ocrx_word' id='word_1_187' title='bbox 927 3161 982 3243; x_wconf 89' lang='lat' dir='ltr'><strong>qui</strong></span> <span class='ocrx_word' id='word_1_188' title='bbox 1004 3158 1073 3225; x_wconf 89' lang='lat' dir='ltr'><strong>dies</strong></span> <span class='ocrx_word' id='word_1_189' title='bbox 1096 3179 1139 3225; x_wconf 85' lang='lat' dir='ltr'><strong>ex</strong></span> <span class='ocrx_word' id='word_1_190' title='bbox 1161 3160 1247 3247; x_wconf 81' lang='lat' dir='ltr'><strong>stylo</strong></span> <span class='ocrx_word' id='word_1_191' title='bbox 1273 3159 1374 3246; x_wconf 84' lang='lat' dir='ltr'><strong>Coug.</strong></span> <span class='ocrx_word' id='word_1_192' title='bbox 1399 3166 1448 3226; x_wconf 88' lang='lat' dir='ltr'><strong>est</strong></span> 
     </span>
     <span class='ocr_line' id='line_1_25' title="bbox 269 3279 1446 3368; baseline 0.001 -23"><span class='ocrx_word' id='word_1_193' title='bbox 269 3298 399 3365; x_wconf 89' lang='lat' dir='ltr'><strong>semper</strong></span> <span class='ocrx_word' id='word_1_194' title='bbox 418 3279 501 3345; x_wconf 85' lang='lat' dir='ltr'><strong>feria</strong></span> <span class='ocrx_word' id='word_1_195' title='bbox 520 3279 666 3345; x_wconf 83' lang='lat' dir='ltr'><strong>vl.-1n</strong></span> <span class='ocrx_word' id='word_1_196' title='bbox 685 3280 939 3368; x_wconf 82' lang='lat' dir='ltr'><strong>Quadragesima</strong></span> <span class='ocrx_word' id='word_1_197' title='bbox 953 3300 1043 3356; x_wconf 85' lang='lat' dir='ltr'><strong>vero,</strong></span> <span class='ocrx_word' id='word_1_198' title='bbox 1061 3302 1105 3347; x_wconf 82' lang='grc'><strong>61</strong></span> <span class='ocrx_word' id='word_1_199' title='bbox 1127 3282 1318 3367; x_wconf 88' lang='lat' dir='ltr'><strong>perantiquo</strong></span> <span class='ocrx_word' id='word_1_200' title='bbox 1342 3301 1446 3355; x_wconf 83' lang='lat' dir='ltr'><strong>more,</strong></span> 
     </span>
     <span class='ocr_line' id='line_1_26' title="bbox 268 3404 1239 3493; baseline -0.001 -21"><span class='ocrx_word' id='word_1_201' title='bbox 268 3406 402 3492; x_wconf 85' lang='lat' dir='ltr'><strong>singulis</strong></span> <span class='ocrx_word' id='word_1_202' title='bbox 426 3406 516 3470; x_wconf 85' lang='lat' dir='ltr'><strong>feriis</strong></span> <span class='ocrx_word' id='word_1_203' title='bbox 539 3406 639 3470; x_wconf 86' lang='lat' dir='ltr'><strong>sextis</strong></span> <span class='ocrx_word' id='word_1_204' title='bbox 663 3404 803 3471; x_wconf 89' lang='lat' dir='ltr'><strong>habetur</strong></span> <span class='ocrx_word' id='word_1_205' title='bbox 821 3406 985 3489; x_wconf 82' lang='lat' dir='ltr'><strong>plenario</strong></span> <span class='ocrx_word' id='word_1_206' title='bbox 1009 3405 1239 3493; x_wconf 80' lang='lat' dir='ltr'><strong>oonprepotio.</strong></span> 
     </span>
    </p>

    <p class='ocr_par' dir='ltr' id='par_1_4' title="bbox 269 3525 1450 3984">
     <span class='ocr_line' id='line_1_27' title="bbox 359 3525 1450 3615; baseline 0.001 -22"><span class='ocrx_word' id='word_1_207' title='bbox 359 3528 442 3603; x_wconf 86' lang='lat' dir='ltr'><strong>Quia</strong></span> <span class='ocrx_word' id='word_1_208' title='bbox 465 3529 603 3615; x_wconf 91' lang='lat' dir='ltr'><strong>partium</strong></span> <span class='ocrx_word' id='word_1_209' title='bbox 634 3530 775 3595; x_wconf 87' lang='lat' dir='ltr'><strong>interest·</strong></span> <span class='ocrx_word' id='word_1_210' title='bbox 799 3549 864 3593; x_wconf 92' lang='lat' dir='ltr'><strong>non</strong></span> <span class='ocrx_word' id='word_1_211' title='bbox 895 3530 999 3595; x_wconf 91' lang='lat' dir='ltr'><strong>solum</strong></span> <span class='ocrx_word' id='word_1_212' title='bbox 1030 3525 1176 3615; x_wconf 87' lang='lat' dir='ltr'><strong>allegare</strong></span> <span class='ocrx_word' id='word_1_213' title='bbox 1208 3549 1267 3595; x_wconf 88' lang='lat' dir='ltr'><strong>sua</strong></span> <span class='ocrx_word' id='word_1_214' title='bbox 1294 3530 1366 3594; x_wconf 91' lang='lat' dir='ltr'><strong>iura</strong></span> <span class='ocrx_word' id='word_1_215' title='bbox 1392 3528 1450 3594; x_wconf 89' lang='lat' dir='ltr'><strong>sed</strong></span> 
     </span>
     <span class='ocr_line' id='line_1_28' title="bbox 269 3648 1448 3737; baseline 0 -22"><span class='ocrx_word' id='word_1_216' title='bbox 269 3652 366 3715; x_wconf 91' lang='lat' dir='ltr'><strong>etiam</strong></span> <span class='ocrx_word' id='word_1_217' title='bbox 396 3649 574 3716; x_wconf 89' lang='lat' dir='ltr'><strong>dissolvere</strong></span> <span class='ocrx_word' id='word_1_218' title='bbox 601 3648 782 3715; x_wconf 85' lang='lat' dir='ltr'><strong>adversarii</strong></span> <span class='ocrx_word' id='word_1_219' title='bbox 809 3656 1017 3737; x_wconf 87' lang='lat' dir='ltr'><strong>argumenta,</strong></span> <span class='ocrx_word' id='word_1_220' title='bbox 1041 3649 1236 3735; x_wconf 81' lang='lat' dir='ltr'><strong>proindein</strong></span> <span class='ocrx_word' id='word_1_221' title='bbox 1258 3654 1324 3716; x_wconf 78' lang='lat' dir='ltr'><strong>ort.</strong></span> <span class='ocrx_word' id='word_1_222' title='bbox 1349 3649 1448 3716; x_wconf 81' lang='grc'><strong>9116-</strong></span> 
     </span>
     <span class='ocr_line' id='line_1_29' title="bbox 269 3771 1448 3857; baseline -0.003 -17"><span class='ocrx_word' id='word_1_223' title='bbox 269 3774 417 3840; x_wconf 87' lang='lat' dir='ltr'><strong>cernitur</strong></span> <span class='ocrx_word' id='word_1_224' title='bbox 440 3772 566 3857; x_wconf 89' lang='lat' dir='ltr'><strong>quaudo</strong></span> <span class='ocrx_word' id='word_1_225' title='bbox 589 3779 623 3839; x_wconf 89' lang='grc'><strong>61</strong></span> <span class='ocrx_word' id='word_1_226' title='bbox 645 3772 800 3857; x_wconf 88' lang='lat' dir='ltr'><strong>quomodo</strong></span> <span class='ocrx_word' id='word_1_227' title='bbox 825 3773 1092 3841; x_wconf 87' lang='lat' dir='ltr'><strong>contendentibus</strong></span> <span class='ocrx_word' id='word_1_228' title='bbox 1117 3778 1229 3840; x_wconf 88' lang='grc'><strong>1661116</strong></span> <span class='ocrx_word' id='word_1_229' title='bbox 1251 3771 1309 3839; x_wconf 88' lang='lat' dir='ltr'><strong>fiat</strong></span> <span class='ocrx_word' id='word_1_230' title='bbox 1332 3772 1448 3839; x_wconf 85' lang='lat' dir='ltr'><strong>adver·</strong></span> 
     </span>
     <span class='ocr_line' id='line_1_30' title="bbox 269 3860 1449 3984; baseline 0.001 -22"><span class='ocrx_word' id='word_1_231' title='bbox 269 3916 378 3962; x_wconf 88' lang='lat' dir='ltr'><strong>sarum</strong></span> <span class='ocrx_word' id='word_1_232' title='bbox 409 3898 638 3984; x_wconf 88' lang='lat' dir='ltr'><strong>allegationum</strong></span> <span class='ocrx_word' id='word_1_233' title='bbox 669 3898 927 3963; x_wconf 88' lang='lat' dir='ltr'><strong>communicatio.</strong></span> <span class='ocrx_word' id='word_1_234' title='bbox 960 3896 1024 3964; x_wconf 89' lang='lat' dir='ltr'><strong>Sed</strong></span> <span class='ocrx_word' id='word_1_235' title='bbox 1056 3896 1152 3963; x_wconf 90' lang='lat' dir='ltr'><strong>hodie</strong></span> <span class='ocrx_word' id='word_1_236' title='bbox 1184 3918 1249 3964; x_wconf 92' lang='lat' dir='ltr'><strong>non</strong></span> <span class='ocrx_word' id='word_1_237' title='bbox 1280 3860 1319 3963; x_wconf 71' lang='lat' dir='ltr'><strong>id</strong></span> <span class='ocrx_word' id='word_1_238' title='bbox 1348 3898 1449 3965; x_wconf 86' lang='lat' dir='ltr'><strong>domo</strong></span> 
     </span>
    </p>
   </div>
   <div class='ocr_carea' id='block_1_3' title="bbox 270 4021 1451 4481">
    <p class='ocr_par' dir='ltr' id='par_1_5' title="bbox 270 4021 1451 4358">
     <span class='ocr_line' id='line_1_31' title="bbox 270 4021 1450 4111; baseline -0.003 -19"><span class='ocrx_word' id='word_1_239' title='bbox 270 4021 576 4092; x_wconf 85' lang='grc' dir='ltr'><strong>Ε1111Ρο666116111</strong></span> <span class='ocrx_word' id='word_1_240' title='bbox 599 4025 834 4108; x_wconf 89' lang='lat' dir='ltr'><strong>scripturarum</strong></span> <span class='ocrx_word' id='word_1_241' title='bbox 858 4025 1053 4109; x_wconf 88' lang='lat' dir='ltr'><strong>permutatio</strong></span> <span class='ocrx_word' id='word_1_242' title='bbox 1078 4024 1164 4089; x_wconf 89' lang='grc'><strong>16161</strong></span> <span class='ocrx_word' id='word_1_243' title='bbox 1186 4029 1296 4111; x_wconf 88' lang='lat' dir='ltr'><strong>partes</strong></span> <span class='ocrx_word' id='word_1_244' title='bbox 1319 4029 1450 4089; x_wconf 88' lang='lat' dir='ltr'><strong>conten·</strong></span> 
     </span>
     <span class='ocr_line' id='line_1_32' title="bbox 270 4138 1451 4232; baseline -0.001 -20"><span class='ocrx_word' id='word_1_245' title='bbox 270 4147 382 4214; x_wconf 88' lang='lat' dir='ltr'><strong>dentes</strong></span> <span class='ocrx_word' id='word_1_246' title='bbox 406 4138 461 4213; x_wconf 86' lang='lat' dir='ltr'><strong>sed</strong></span> <span class='ocrx_word' id='word_1_247' title='bbox 485 4147 548 4212; x_wconf 91' lang='lat' dir='ltr'><strong>hae</strong></span> <span class='ocrx_word' id='word_1_248' title='bbox 571 4148 779 4213; x_wconf 87' lang='lat' dir='ltr'><strong>summarium</strong></span> <span class='ocrx_word' id='word_1_249' title='bbox 803 4166 849 4213; x_wconf 75' lang='lat' dir='ltr'><strong>eoa</strong></span> <span class='ocrx_word' id='word_1_250' title='bbox 871 4146 979 4232; x_wconf 79' lang='lat' dir='ltr'><strong>officio</strong></span> <span class='ocrx_word' id='word_1_251' title='bbox 1009 4146 1093 4232; x_wconf 91' lang='lat' dir='ltr'><strong>apud</strong></span> <span class='ocrx_word' id='word_1_252' title='bbox 1118 4147 1334 4214; x_wconf 85' lang='lat' dir='ltr'><strong>Secretariam</strong></span> <span class='ocrx_word' id='word_1_253' title='bbox 1365 4148 1451 4214; x_wconf 89' lang='lat' dir='ltr'><strong>reci·</strong></span> 
     </span>
     <span class='ocr_line' id='line_1_33' title="bbox 270 4270 1309 4358; baseline 0 -21"><span class='ocrx_word' id='word_1_254' title='bbox 270 4275 377 4358; x_wconf 85' lang='lat' dir='ltr'><strong>piunt;</strong></span> <span class='ocrx_word' id='word_1_255' title='bbox 401 4272 555 4337; x_wconf 89' lang='lat' dir='ltr'><strong>adversas</strong></span> <span class='ocrx_word' id='word_1_256' title='bbox 579 4290 658 4337; x_wconf 88' lang='lat' dir='ltr'><strong>vero</strong></span> <span class='ocrx_word' id='word_1_257' title='bbox 682 4272 895 4358; x_wconf 88' lang='lat' dir='ltr'><strong>allegationes</strong></span> <span class='ocrx_word' id='word_1_258' title='bbox 917 4272 1060 4337; x_wconf 83' lang='lat' dir='ltr'><strong>vicissim</strong></span> <span class='ocrx_word' id='word_1_259' title='bbox 1083 4270 1143 4337; x_wconf 90' lang='lat' dir='ltr'><strong>sibi</strong></span> <span class='ocrx_word' id='word_1_260' title='bbox 1166 4272 1309 4338; x_wconf 80' lang='lat' dir='ltr'><strong>tradunt</strong></span> 
     </span>
    </p>

    <p class='ocr_par' dir='ltr' id='par_1_6' title="bbox 362 4392 1450 4481">
     <span class='ocr_line' id='line_1_34' title="bbox 362 4392 1450 4481; baseline -0.001 -21"><span class='ocrx_word' id='word_1_261' title='bbox 362 4398 399 4460; x_wconf 93' lang='grc'><strong>16</strong></span> <span class='ocrx_word' id='word_1_262' title='bbox 426 4401 490 4461; x_wconf 84' lang='lat' dir='ltr'><strong>ort.</strong></span> <span class='ocrx_word' id='word_1_263' title='bbox 516 4395 559 4460; x_wconf 87' lang='lat'><strong>10</strong></span> <span class='ocrx_word' id='word_1_264' title='bbox 581 4394 768 4460; x_wconf 88' lang='lat' dir='ltr'><strong>decernitur</strong></span> <span class='ocrx_word' id='word_1_265' title='bbox 792 4393 902 4459; x_wconf 88' lang='lat' dir='ltr'><strong>modus</strong></span> <span class='ocrx_word' id='word_1_266' title='bbox 934 4414 996 4479; x_wconf 93' lang='lat' dir='ltr'><strong>quo</strong></span> <span class='ocrx_word' id='word_1_267' title='bbox 1027 4394 1287 4481; x_wconf 87' lang='lat' dir='ltr'><strong>responsionibus</strong></span> <span class='ocrx_word' id='word_1_268' title='bbox 1317 4392 1450 4461; x_wconf 89' lang='lat' dir='ltr'><strong>edendis</strong></span> 
     </span>
    </p>
   </div>
   <div class='ocr_carea' id='block_1_4' title="bbox 0 0 1658 5108">
    <p class='ocr_par' dir='ltr' id='par_1_7' title="bbox 0 0 1658 5108">
     <span class='ocr_line' id='line_1_35' title="bbox 0 0 1658 5108; baseline 0 0"><span class='ocrx_word' id='word_1_269' title='bbox 0 0 1658 5108; x_wconf 95' lang='lat' dir='ltr'><strong> </strong></span> 
     </span>
    </p>
   </div>
  </div>
 </body>
</html>
