3292 5109
327 248 371 314 76
847 268 931 316 rans
955 268 992 315 11.

324 390 437 475 rigore
454 387 499 476 (1)
516 389 655 471 student,
673 410 745 455 cum
762 392 883 475 primis,
900 392 1032 457 veritati
1052 391 1260 478 detegendae.
1277 391 1327 459 cf.
1345 392 1393 457 De
1407 391 1507 474 Luca,

325 509 347 573 l.
366 530 394 576 n.
410 531 443 575 a.
462 512 520 577 65.
546 512 595 576 En
620 512 725 577 altera
746 511 836 579 ratio
860 512 1020 590 iuridioa.

416 634 469 699 76.
493 633 590 699 Modo
614 636 839 720 inquirendum
854 641 905 701 est
927 636 1085 721 quomodo
1107 634 1164 703 liat
1184 636 1276 702 loeus
1298 634 1509 721 appellationi

326 756 410 842 apud
432 757 575 823 tribunal
601 759 631 825 S.
657 759 771 825 Rotae.
809 758 973 843 Siquidem
1006 760 1166 826 haetenus
1201 760 1301 827 locuti
1335 780 1446 826 sumus
1467 758 1511 824 de

325 880 549 957 decisionibus,
562 902 645 968 quae
668 886 701 948 in
725 903 789 948 una
812 883 866 948 vel
888 883 1033 969 pluribus
1055 883 1229 951 audientiis
1244 884 1388 950 eiusdem
1412 883 1510 950 turni

325 1006 450 1072 Rotalis
479 1006 628 1089 eduntur,
652 1028 734 1092 quae
765 1008 945 1073 decisiones
967 1009 1032 1073 vim
1067 1024 1133 1074 non
1166 1009 1292 1075 habent
1314 1011 1507 1082 sententiae,

325 1151 489 1217 quousque
521 1154 584 1199 non
616 1134 803 1220 egrediatur
829 1134 996 1201 decretum
1029 1134 1242 1221 expeditionis
1272 1134 1465 1201 sententiae,
1490 1168 1510 1182 -

326 1258 469 1325 Proinde
484 1280 574 1338 nove
597 1262 772 1328 audientia
787 1280 870 1345 quae
893 1261 1076 1327 obtineatur
1099 1263 1259 1328 adversus
1282 1261 1401 1327 editam
1425 1260 1511 1326 deoi-

325 1382 457 1456 sionem,
470 1383 642 1449 nullimode
655 1384 794 1449 indolem
808 1384 911 1450 refert
922 1384 1157 1470 appellationis;
1174 1386 1290 1470 quippe
1303 1381 1428 1449 decimo
1441 1402 1510 1447 non

326 1507 375 1570 est
390 1508 550 1573 sententia
564 1507 735 1584 iudicialis;
753 1515 786 1575 et
800 1528 891 1576 aona
906 1508 1083 1574 audentia
1097 1508 1262 1574 obtinetur
1277 1506 1362 1591 apud
1377 1505 1511 1571 eosdem
1630 1567 1631 1574 ,

325 1628 457 1693 iudices.
472 1630 523 1695 Fit
535 1650 614 1695 vero
630 1631 720 1696 loeus
736 1634 887 1717 propriae
903 1631 1110 1717 appellationi
1126 1632 1160 1696 in
1171 1630 1326 1696 tribunali
1342 1630 1373 1696 S.
1392 1630 1509 1701 Rotae,

326 1774 422 1838 quum
451 1758 612 1821 sententia
642 1755 813 1841 expeditur
836 1755 1002 1829 iudicialis,
1021 1756 1197 1820 conformis
1226 1754 1399 1829 decisioni;
1424 1772 1511 1837 quae

309 1862 495 1955 sententia,
513 1882 575 1947 nisi
606 1883 696 1948 intra
715 1881 904 1947 decendium
933 1881 1149 1967 appellatione
1184 1882 1366 1966 impetatur,
1389 1881 1512 1945 transit

325 2006 359 2071 in
374 2027 444 2071 rem
462 2007 641 2072 iudicatam.
663 2008 708 2073 At
722 2007 895 2092 appellatio
910 2007 1034 2072 institui
1048 2005 1142 2072 debet
1157 2006 1241 2092 apud
1263 2006 1349 2073 idem
1363 2005 1512 2071 tribunal

326 2132 358 2197 S.
377 2132 490 2213 Rotae,
507 2134 624 2217 quippe
647 2132 762 2217 regula
785 2137 842 2203 est,
865 2151 1005 2197 eausam
1027 2134 1130 2198 semet
1152 2133 1347 2218 inpressam
1370 2131 1434 2198 hoo
1450 2131 1509 2195 tri·

326 2253 431 2320 dunat
452 2275 523 2323 noa
545 2256 625 2322 inde
648 2256 753 2329 eatre,
770 2256 830 2322 sed
849 2256 896 2321 ibi
918 2254 1077 2338 expediri
1099 2273 1207 2339 usque
1229 2256 1277 2321 ad
1299 2274 1400 2321 suam
1424 2273 1508 2321 eore-

326 2377 505 2443 certionem.

415 2500 542 2567 ludices
565 2501 787 2586 appellationis
809 2484 885 2565 sunt
903 2501 957 2565 alii
974 2507 1113 2585 quatuor
1128 2500 1313 2575 Auditores,
1331 2502 1511 2584 liquatuor

327 2646 441 2712 nempe
461 2629 515 2711 qui
531 2647 549 2693 e
564 2628 662 2695 loeva
677 2627 791 2694 sedent
806 2627 972 2692 Auditoris
989 2628 1154 2709 Ponentis,
1175 2629 1226 2692 eui
1249 2646 1347 2692 eausa
1367 2626 1511 2711 appella·

324 2742 421 2817 tionis
445 2753 626 2819 commissa
642 2758 691 2818 est
707 2752 762 2837 (2).
780 2752 997 2824 Quamobrem
1012 2754 1083 2817 veri
1099 2755 1238 2818 nominis
1253 2752 1427 2839 appellatio
1443 2752 1510 2818 hae

326 2877 452 2940 ratione
468 2876 654 2948 instituitur,
672 2874 827 2959 siquidem
851 2872 893 2939 ad
915 2874 996 2939 alios
1018 2874 1140 2940 iudices
1163 2880 1374 2960 provocatum
1396 2876 1510 2958 utique
1630 2893 1631 2898 ¹

326 3020 391 3065 non
414 3001 538 3068 altioris
561 3000 690 3086 gradus,
708 3000 765 3065 sed
780 3006 898 3081 tamen,
914 3001 948 3067 vi
962 3002 1195 3087 appellationis,
1213 3002 1371 3086 pollentes
1395 3005 1510 3066 auoto-

326 3127 422 3191 ritate
445 3103 644 3190 reformandi
667 3130 723 3190 aut
746 3124 931 3211 corrigendi
955 3127 1098 3210 priorem
1121 3128 1324 3191 sententiam.
1359 3125 1509 3191 Proinde

325 3268 417 3315 noea
439 3248 616 3314 audientia
647 3268 802 3314 concessa
831 3235 917 3333 apud
946 3247 1069 3314 iudices
1095 3248 1239 3314 eiusdem
1263 3250 1357 3315 turni
1381 3249 1510 3315 Rotalis

326 3388 391 3435 non
414 3373 463 3436 est
486 3389 558 3433 eum
581 3358 795 3453 appellatione
818 3366 1054 3441 confundenda,
1079 3367 1187 3433 delata
1209 3368 1250 3433 ad
1274 3369 1356 3433 alios
1383 3368 1509 3435 iudices

326 3495 461 3561 alterius
484 3494 579 3561 turni
602 3494 736 3559 Rotalis.

415 3620 469 3683 77.
494 3620 598 3685 Rotae
620 3618 761 3685 tribunal
785 3637 851 3682 non
874 3617 991 3691 semel,
1017 3620 1063 3685 uti
1095 3618 1252 3692 diximus,
1276 3619 1510 3706 interpellatur

415 3848 455 3918 (ll
474 3849 562 3918 Rigor
581 3847 649 3901 iuris
668 3848 868 3917 expostularet,
887 3847 1005 3903 iudicem
1018 3865 1098 3902 suum
1111 3850 1235 3903 animum
1250 3848 1372 3919 pandere
1387 3866 1442 3903 non
1461 3848 1512 3905 de·

326 3956 392 4011 bere
411 3955 464 4009 nisi
483 3956 512 4009 in
530 3954 671 4009 sententia
688 3952 823 4017 iudiciali,
842 3970 877 4008 ne
895 3953 938 4008 illi
958 3954 1031 4023 perti
1044 3955 1095 4008 fiat
1107 3959 1260 4025 suspectus,
1271 3955 1316 4009 oui
1335 3956 1510 4011 eontrarium

325 4060 411 4116 edidit
429 4062 646 4131 opinamenturn.

417 4166 456 4237 (2)
475 4166 567 4222 Aliter
585 4182 630 4220 res
648 4182 678 4220 se
696 4165 810 4231 habent,
829 4166 859 4222 si.
871 4166 925 4219 duo
944 4170 1054 4219 tantum
1072 4167 1142 4220 liant
1162 4170 1241 4221 turni
1264 4166 1344 4221 iuxta
1369 4166 1510 4235 praesori-

326 4272 451 4343 ptionem
472 4272 537 4327 dod.
558 4272 600 4327 cit.
620 4270 702 4342 Greg.
722 4272 801 4327 xv1:
820 4276 887 4327 tune
911 4272 942 4325 in
958 4287 1125 4343 unoquoque
1146 4282 1230 4326 tamo
1255 4272 1378 4343 quinque
1403 4271 1510 4328 diversi

327 4376 475 4431 Auditores
493 4375 681 4441 continentur,
701 4392 819 4447 quornm
838 4375 911 4431 alter
929 4378 972 4430 est
985 4376 1094 4430 Ponens
1112 4391 1176 4431 eum
1191 4379 1257 4430 voto
1275 4376 1472 4432 deliberativo.
