3292 5109
327 246 371 311 88
844 266 929 313 raas
952 266 989 312 11.

327 382 422 448 minis
440 385 601 468 practica,
626 386 775 452 nimirum
800 386 905 470 quoad
928 388 1188 455 constitutionem
1208 388 1412 475 publicorum
1434 409 1506 454 mu·
1622 393 1624 453 ss

326 530 442 577 nerum
464 511 704 599 dispescebatur
727 514 869 577 maxime
884 515 916 577 iu
933 512 1012 579 duas
1027 514 1227 590 functionem
1251 535 1368 601 nempe
1390 517 1424 581 in
1447 536 1507 601 po·

326 640 475 703 testatem
497 636 622 701 ferendi
646 635 753 721 leges;
789 640 822 701 et
852 638 885 701 in
916 642 1109 723 potestatem
1132 658 1188 703 eas
1210 639 1402 723 exequendi.
1434 638 1508 704 Una

326 759 366 825 ab
390 762 454 825 alia
477 760 603 846 pendet,
628 762 675 828 uti
697 762 830 861 plapum
853 767 920 838 est;
948 768 981 827 et
1011 768 1149 847 utraque
1179 765 1211 828 in
1242 764 1396 849 Principe
1426 765 1508 827 erni·

326 890 443 949 uenter
466 884 594 951 residet.

415 1010 447 1075 A
468 1009 707 1094 magistratibus
732 1011 887 1095 Principe
910 1010 1119 1077 inferioribus
1146 1013 1261 1094 altera,
1285 1013 1410 1078 scilicet
1433 1032 1509 1077 exe

327 1134 443 1208 cutiva
469 1140 642 1201 exercetur
665 1116 768 1219 quoad
794 1137 883 1221 leges
906 1156 928 1200 a
953 1112 1104 1223 Principe
1127 1139 1226 1214 latas3
1250 1138 1306 1204 sed
1331 1139 1410 1204 nihil
1435 1160 1509 1225 pro

326 1258 416 1325 hibet
438 1261 606 1343 quominus
630 1261 725 1324 etiam
750 1262 966 1344 magistratus,
990 1281 1050 1346 pro
1073 1282 1130 1328 sua
1154 1264 1331 1347 provincia,
1353 1262 1508 1347 quasdam

326 1382 597 1467 praescriptiones
613 1383 703 1447 ferre
718 1386 834 1471 possit3
859 1385 1011 1449 nimirum
1032 1385 1122 1469 leges
1141 1386 1298 1470 speciales
1314 1390 1346 1450 et
1362 1385 1507 1450 decreta

258 1572 259 1582 ,
327 1508 399 1573 Hoc
422 1509 567 1594 apprime
596 1511 747 1595 competit
771 1512 947 1597 Episcopis.
973 1518 1006 1577 et
1034 1510 1235 1597 competebat
1268 1531 1409 1597 quoque,
1434 1512 1509 1597 plus

326 1632 482 1704 minusve,
508 1636 679 1717 praecipue
703 1652 745 1699 ex
768 1634 900 1717 antiquo
923 1638 1008 1698 statu
1033 1654 1144 1698 rerum
1172 1634 1383 1719 publicarum.
1408 1637 1508 1721 magi-

326 1755 487 1821 stratibus.
505 1754 720 1829 Quamobrem
737 1756 944 1841 magistratus
969 1761 1126 1840 potestate
1141 1755 1313 1821 fruebatur
1335 1756 1510 1822 executiva

325 1878 359 1941 in
382 1878 472 1965 leges
495 1899 690 1951 communes,
714 1900 775 1945 neo
799 1900 864 1945 non
888 1882 920 1945 in
944 1880 1035 1965 leges
1058 1885 1114 1945 aut
1135 1879 1269 1947 decreta
1283 1900 1303 1943 a
1319 1900 1353 1944 se
1376 1880 1468 1945 latas.
1488 1914 1507 1927 -
1622 1874 1624 1879 ’

301 1986 303 1992 ’
327 2004 491 2071 Potestate
514 2012 621 2071 autem
645 2004 821 2071 caecutire
842 2007 1026 2070 continetur
1049 2010 1192 2091 potestas
1219 2004 1507 2085 administrativa,

325 2128 496 2197 iudicialis
520 2138 552 2193 et
575 2130 734 2197 coactiva.
763 2129 855 2196 Unde
876 2131 1011 2213 quisque
1034 2130 1251 2215 magistratus,
1275 2131 1383 2215 prouti
1406 2127 1444 2195 fit
1466 2127 1509 2192 ab
1622 2158 1624 2163 ·

326 2252 495 2339 Episcopis
523 2272 565 2318 ex
593 2255 663 2318 inre
691 2254 929 2334 ecclesiastico,
955 2254 1084 2338 negotia
1112 2254 1180 2337 ipse
1211 2252 1404 2338 expediebat
1435 2255 1506 2318 sire
1622 2239 1624 2279 Ῑ

327 2378 597 2445 admaiabtrutiue
631 2400 688 2445 seu
723 2380 859 2464 simplici
895 2381 1097 2444 executione
1120 2398 1186 2445 non
1222 2380 1422 2443 contentiosa
1449 2376 1508 2443 sed

325 2504 431 2586 potius
446 2502 646 2576 voluntaria;
672 2501 740 2566 sive
754 2501 961 2566 iudicialiter
977 2520 1034 2565 seu
1051 2502 1251 2565 contentiosa
1270 2499 1505 2581 iurisdictione,

326 2629 395 2693 sive
411 2628 556 2693 coactive
571 2629 845 2713 seupermixtum
858 2633 1051 2691 animarum
1065 2628 1243 2710 imperium.
1260 2626 1362 2700 -Quo
1377 2627 1500 2691 iactum

318 2752 376 2816 'est
390 2755 426 2815 ut
447 2754 494 2815 tot
517 2749 716 2815 haberentur
734 2748 910 2815 tribunalia
926 2754 1004 2834 quot
1019 2746 1126 2813 officia
1149 2748 1298 2833 publicae
1320 2750 1505 2833 potestatis3

325 2883 373 2944 tot
394 2876 525 2955 iudices,
550 2881 626 2960 quot
648 2877 867 2961 magistratus.

414 3000 459 3065 At
480 3001 514 3062 in
538 2998 651 3063 ordine
667 2998 753 3063 civili
769 2999 899 3083 politico
924 2998 1006 3061 haec
1030 2998 1099 3061 visa
1120 3001 1170 3060 est
1193 2997 1291 3060 nimia
1308 2999 1449 3079 potestas
1473 2995 1508 3057 in
1622 2982 1624 3066 ζ

325 3144 390 3190 uno
420 3126 619 3210 magistratu,
644 3126 777 3189 nimium
804 3122 983 3208 periculum
1010 3144 1069 3208 pro
1097 3122 1230 3204 civibus,
1251 3123 1304 3207 qui
1328 3121 1369 3186 ab
1392 3120 1508 3187 eodem

325 3248 486 3317 debebant
508 3255 541 3322 et
562 3248 738 3335 gubernari
763 3254 796 3315 et
819 3248 949 3313 defendi
974 3253 1006 3313 et
1029 3248 1175 3313 iudicari.
1193 3248 1337 3322 -Quare
1360 3247 1418 3312 snb
1441 3245 1507 3311 fine

326 3375 427 3459 elapsi
443 3374 563 3439 saeculi
587 3374 620 3437 in
644 3374 778 3437 comitiis
795 3372 920 3438 Galliae
936 3372 1002 3437 alte
1019 3372 1254 3437 conclamatum
1269 3378 1318 3439 est
1333 3373 1507 3437 adversum

325 3498 532 3585 tyrannidem
555 3498 680 3587 publici
698 3500 873 3584 regiminis,
899 3504 932 3564 et
953 3520 1013 3583 per
1036 3499 1137 3585 ipsam
1165 3520 1274 3564 rerum
1304 3498 1507 3585 publicarum

326 3625 528 3689 eversionem
539 3624 702 3689 vindicata
714 3623 775 3689 fuit
788 3624 909 3689 divisio
925 3622 1142 3705 sanctionum
1150 3623 1311 3706 publicae
1318 3625 1506 3707 potestatis,

327 3766 409 3833 qnae
432 3749 465 3813 in
483 3748 629 3834 pluribus
645 3746 894 3834 magistratibus,
913 3748 1003 3812 iuxta
1020 3747 1165 3813 diversas
1183 3748 1376 3823 functiones,
1393 3747 1506 3830 divisa,

325 3870 428 3938 libere
443 3876 657 3937 exerceretur
680 3877 713 3937 et
735 3890 807 3935 oum
825 3891 863 3935 eo
879 3875 1145 3954 temperamento,
1160 3877 1195 3936 ut
1210 3872 1266 3955 qni
1280 3872 1386 3957 legem
1402 3870 1509 3936 ferret

325 4017 398 4063 eam
413 3999 529 4081 exequi
545 4016 605 4082 per
620 4016 654 4061 se
671 4016 735 4060 oon
751 3996 896 4071 valeret3
921 4016 1025 4080 neque
1042 3998 1096 4080 qui
1111 3997 1217 4082 legem
1234 3999 1509 4081 interpretaretur

327 4128 360 4191 et
382 4124 561 4209 applicaret
583 4144 643 4209 per
665 4128 756 4188 actus
780 4122 1063 4193 administrativos,
1086 4122 1214 4187 eosdem
1231 4129 1343 4209 postea
1365 4124 1433 4208 ipse
1456 4144 1509 4188 ur-

326 4252 421 4335 geret
442 4266 502 4332 per
524 4252 714 4332 potestatem
737 4247 919 4313 iudicialem
942 4252 974 4312 et
997 4250 1193 4324 coactivam
1218 4247 1298 4313 adeo
1321 4248 1449 4312 demum
1473 4255 1508 4314 ut

327 4369 410 4433 alter
425 4370 591 4455 potestatis
606 4370 795 4435 administer
811 4376 904 4435 caute
928 4370 959 4433 in
986 4369 1133 4439 alterum,
1151 4370 1302 4438 vicissim.
1321 4370 1508 4455 invigilaret
