3292 5109
473 297 517 343 nn
541 296 680 345 tumens
705 296 971 344 rccansrnsrrcrs
1249 278 1314 343 119

221 596 290 679 52.
316 596 367 661 De
388 596 522 663 ratione
541 597 753 679 procedendi
774 596 812 662 in
834 596 978 683 nepotiir
1000 594 1223 664 contentiosis.

140 806 353 865 summarium.
376 839 411 852 -
433 810 652 871 tntummodo
676 810 891 865 introducantur
909 810 1086 881 quaestiones
1107 808 1258 864 iudiciales.
1277 837 1314 848 -

222 914 283 969 108.
303 914 343 969 De
363 916 488 971 Ponente
515 931 630 981 causes,
650 914 683 969 de
704 913 921 969 concordatione
945 912 1107 979 dubiorum,
1125 912 1159 967 de
1177 911 1313 965 informa-

221 1019 353 1073 tionibus.
373 1048 407 1061 -
429 1020 486 1073 109.
508 1018 546 1074 00
559 1018 707 1074 sententiis
719 1017 906 1073 iudicialibus.
923 1046 961 1059 -
982 1018 1040 1070 110.
1060 1016 1099 1071 De
1111 1014 1312 1096 sententiarum

220 1127 388 1181 executione
416 1126 589 1198 aliorumque
618 1126 800 1182 decretorum.
829 1154 864 1167 -
895 1126 956 1180 lll.
975 1126 1015 1179 De
1033 1124 1162 1195 expensis
1185 1122 1253 1177 litia
1277 1150 1314 1163 —

223 1234 283 1287 112.
304 1234 342 1289 00
362 1234 513 1301 advocatie,
532 1234 757 1304 procuratoribus
775 1238 805 1289 et
823 1233 981 1303 agentibus
1000 1231 1040 1285 De
1056 1229 1266 1285 transmissione
1284 1233 1314 1283 et

220 1340 389 1396 executione
408 1339 617 1409 rescriptorum.

221 1540 297 1605 107.
324 1538 456 1613 Causae,
473 1557 556 1621 quae
574 1538 662 1605 iuria
685 1537 807 1605 ordine
830 1542 975 1609 annoto,
995 1556 1111 1622 nempe
1134 1555 1207 1601 cum
1229 1534 1315 1599 indi-

139 1662 210 1727 ciuli
234 1662 446 1728 contentione
470 1662 660 1728 tractandae
683 1667 758 1727 sunt
782 1660 867 1747 apud
894 1660 927 1728 S.
952 1661 1236 1748 Congregationes,
1260 1658 1313 1722 vel

139 1789 168 1851 in
188 1787 293 1873 gradu
325 1787 549 1873 appellationis
571 1788 625 1852 vel
656 1789 690 1852 in
717 1788 823 1871 prima
855 1787 1008 1852 instantia
1037 1785 1268 1869 disceptantur.
1295 1816 1312 1829 -

141 1916 203 1978 lam
225 1914 433 1995 advertimus,
458 1915 601 1979 solemne
625 1933 697 1979 esse
721 1914 753 1977 in
778 1913 864 1999 stylo
889 1914 1010 1985 curiae,
1035 1932 1150 1978 causas
1172 1930 1238 1975 non
1261 1930 1314 1974 ex·

141 2041 207 2125 cipi,
231 2060 310 2125 quas
334 2040 454 2104 iudices
484 2038 639 2104 ordinarii
671 2040 704 2102 in
736 2039 841 2124 prima
872 2040 1025 2103 instantia
1055 2058 1119 2103 non
1151 2036 1314 2102 iudicave-

143 2165 212 2235 rint,
228 2166 334 2249 prouti
358 2163 468 2230 iubent
491 2161 624 2229 decreta
647 2162 781 2228 Consilii
803 2161 892 2226 Trid.
919 2197 936 2209 -
962 2161 1025 2228 Sed
1048 2159 1222 2245 aliquando
1245 2161 1314 2225 sire

142 2288 212 2372 quia
243 2296 415 2355 causaest
445 2290 567 2370 maior,
596 2291 665 2353 sive
701 2290 776 2372 quia
810 2288 871 2373 ipsi
906 2287 1062 2352 ordinarii
1085 2286 1117 2351 id
1141 2291 1312 2371 expetunt,

142 2430 234 2476 causa
248 2414 280 2476 in
295 2413 401 2496 prima
424 2432 549 2497 quoque
573 2412 729 2477 instantia
751 2412 875 2476 Romae
898 2408 1059 2477 delinitur.
1084 2411 1175 2476 Tunc
1193 2408 1314 2475 iudices

143 2534 338 2609 Gardinales,
370 2537 430 2602 sibi
461 2540 631 2602 reservata
666 2534 830 2603 definitiva
865 2537 1042 2609 sententia,
1067 2554 1254 2621 processum
1277 2533 1316 2599 in

139 2658 288 2739 partibus
304 2657 539 2725 conficiendum
560 2660 771 2725 committunt
800 2693 817 2705 -
845 2658 883 2723 ln
899 2657 1003 2743 gradu
1025 2657 1249 2743 appellationis
1264 2655 1315 2720 00
1413 2669 1415 2672 ·

144 2783 290 2855 semitm,
314 2787 389 2847 acta
420 2782 539 2867 prioris
571 2784 743 2846 instantiae
766 2780 806 2846 ad
831 2780 863 2846 S.
888 2779 1181 2865 Congregationem
1206 2784 1314 2845 trans-

145 2904 236 2979 ferri,
258 2907 430 2972 admonitis
463 2906 608 2993 partibus
638 2926 707 2971 rem
737 2905 982 2992 disceptandam
1011 2924 1081 2996 esse
1104 2905 1138 2967 in
1160 2903 1315 2989 plenariis

146 3032 271 3097 comitiis
299 3032 535 3106 Cardinalium,
560 3037 596 3097 ut
627 3034 714 3098 intra
749 3038 874 3097 certum
910 3034 1107 3114 assignatum
1140 3029 1314 3093 terminum

147 3152 301 3229 ulteriora,
323 3156 350 3221 si
373 3174 456 3239 quae
478 3155 610 3238 habent,
626 3156 692 3221 litis
714 3159 910 3241 argumenta
931 3153 1100 3219 deducant.
1126 3148 1315 3216 Huiusmodi

149 3276 302 3346 decretum
327 3282 482 3348 committi
503 3280 585 3346 solet
610 3254 784 3347 Ordinario
807 3281 871 3345 loci
886 3279 938 3345 rel
955 3280 1050 3345 alteri
1072 3276 1314 3361 0010300010-

149 3403 311 3481 quendum
343 3406 437 3489 eique
468 3401 503 3469 fit
537 3410 678 3489 potestas
712 3402 899 3489 assignandi
928 3405 1102 3467 terminum
1129 3419 1189 3485 pro
1215 3398 1315 3463 dedu·

150 3526 246 3593 caudis
277 3530 369 3594 novis
397 3528 657 3613 probationibus,
683 3548 755 3594 cum
788 3548 828 3593 ea
849 3528 923 3613 lege
949 3533 987 3591 nt
1010 3527 1053 3592 cle
1074 3521 1316 3591 resultantibus

151 3654 310 3737 certioret,·
333 3655 485 3721 nimirum
510 3655 563 3720 det
589 3655 725 3727 litteras.
751 3654 866 3739 quibus
888 3655 937 3719 rei
961 3659 1079 3719 statum
1110 3652 1236 3738 penitus
1259 3651 1315 3716 00-

151 3774 253 3844 claret:
273 3782 344 3844 iure
362 3780 580 3845 [terrentium
596 3780 776 3847 huiusmodi
794 3781 923 3845 litterae
936 3778 1090 3861 Apostoli
1104 3776 1314 3843 vocabantur.

151 3895 190 3962 01.
212 3902 271 3965 101.
289 3903 315 3973 Ι,
341 3921 372 3965 n.
391 3900 467 3966 642.

225 4020 350 4087 Verum
366 4042 431 4085 non
447 4022 727 4089 indiscriminatim
744 4021 967 4107 quodcumque
987 4022 1151 4105 negotium
1168 4019 1316 4085 iudiciale

151 4142 312 4210 admittitur
336 4148 432 4213 etiam
456 4148 489 4212 in
512 4146 615 4233 gradu
642 4147 878 4233 appellationis,
892 4148 959 4217 ,sed
982 4154 1079 4213 antea
1104 4145 1315 4233 perpenditur

152 4284 186 4329 an
198 4268 283 4336 locus
299 4273 340 4336 sit
354 4270 519 4357 legitimae
534 4272 760 4358 appellationi3
783 4291 865 4355 quae
881 4272 909 4337 si
925 4277 1108 4358 respuatur,
1126 4269 1316 4335 rescribitur

153 4392 259 4461 lectum
285 4398 332 4463 oct
353 4398 553 4463 instantiam
560 4417 575 4481 ;
597 4398 624 4462 si
649 4398 822 4483 excipitur,
847 4396 943 4463 datur
970 4397 1137 4462 decretum
1158 4396 1316 4463 Ponatur
