3292 5109
521 323 566 371 nn
590 322 730 369 runicus
753 323 1018 373 accensusricrs
1306 308 1375 376 395

191 447 410 513 mensuranda
432 452 482 512 est
505 467 547 512 ex
569 447 687 512 litteris
709 446 933 533 deputationis,
950 448 1004 513 ubi
1020 454 1129 515 monet
1152 450 1272 516 Bened.
1289 453 1374 520 XIV

191 594 247 657 op.
270 574 324 639 cit.
348 572 404 639 lib.
429 574 477 643 ll.
502 592 529 638 c.
553 572 607 646 10,
630 593 665 638 a.
689 573 743 638 10.
768 571 832 639 Sed
854 574 1046 658 quicumque
1077 574 1141 638 sint
1170 576 1291 640 limites
1319 596 1374 641 eo-

191 719 266 765 rum
288 698 512 783 deputationis,
529 698 632 763 nihilo
651 700 756 763 secius
771 698 925 764 Vicarius
949 718 1006 763 seu
1022 697 1275 765 Administrator
1291 702 1376 785 Apo-

190 824 323 891 stolicus
346 829 480 889 exercet
496 827 684 908 potestatem
700 822 909 904 ordinariam,
927 843 997 888 eam
1015 824 1165 889 videlicet
1185 844 1280 908 quam
1296 825 1375 909 Epi·

190 968 307 1035 scopus
329 948 453 1016 obtinet
475 953 509 1013 et
530 947 664 1014 adhibet
685 950 718 1014 in
742 969 800 1014 suo
813 949 980 1015 tribunali.
999 986 1016 997 -
1034 950 1121 1016 Olim
1137 948 1375 1034 deputabantur

190 1093 211 1138 a
234 1072 364 1140 Summo
390 1072 547 1141 Pontifice
569 1094 630 1159 per
653 1075 771 1157 Breve,
787 1076 922 1160 praevia
944 1074 1066 1159 negotii
1090 1074 1323 1141 deliberatione
1339 1076 1372 1140 in

190 1200 291 1288 cong.
316 1202 383 1267 EE.
408 1206 440 1268 et
464 1202 535 1266 RR.
561 1199 665 1266 Hodie
689 1200 753 1267 hac
776 1200 816 1268 de
840 1220 878 1265 re
901 1202 969 1287 agit
991 1202 1090 1267 etiam
1114 1201 1215 1287 (long.
1237 1201 1372 1267 Concilii

190 1326 225 1391 et
246 1323 352 1387 solent
375 1322 521 1407 expediri
548 1321 709 1406 simplices
738 1322 871 1388 litterae
892 1321 1006 1406 quibus
1034 1324 1243 1389 continentur
1274 1344 1371 1410 appo-

190 1448 273 1514 sitae
296 1446 477 1511 facultates.
511 1421 521 1488 Ῐ

280 1571 478 1635 Potestatem
508 1568 690 1654 delegatam
721 1570 930 1653 consequitur
961 1568 1120 1635 visitator
1149 1568 1370 1655 apostolicus,

189 1696 341 1760 nimirum
364 1695 420 1759 ille
443 1694 617 1779 Delegatus
639 1694 846 1778 Apostolicus
869 1694 921 1760 cui
943 1714 1009 1760 non
1032 1696 1242 1761 committitur
1259 1694 1371 1761 eadem

189 1817 391 1903 Episcopalis
412 1820 555 1902 potestas
579 1816 635 1882 sed
658 1820 818 1882 tumtaxat
849 1817 976 1901 aliquod
1001 1818 1140 1903 speciale
1171 1838 1296 1900 munus,
1321 1822 1372 1882 ut-

188 1943 266 2023 puta
284 1939 425 2003 visitatio
447 1938 584 2003 alicuius
606 1938 806 2010 monasterii,
824 1937 984 2022 expeditio
1009 1938 1143 2003 alicuius
1166 1938 1298 2023 negotii,
1314 1937 1371 2001 de-

189 2062 267 2126 cisio
290 2066 401 2127 certae
423 2062 489 2126 litis
512 2067 545 2126 et
568 2063 613 2127 ita
636 2080 745 2147 porro.

278 2184 354 2249 314.
380 2186 419 2248 ln
437 2190 541 2268 porte
558 2185 687 2267 prima,
711 2185 776 2251 vot.
801 2184 830 2264 I,
846 2204 880 2248 a.
897 2181 964 2248 143
985 2202 1053 2267 seq.
1071 2182 1170 2248 locuti
1194 2202 1303 2247 sumus
1327 2181 1369 2247 de

187 2307 404 2373 assessoribus
427 2306 582 2382 iudicum;
606 2306 700 2372 modo
723 2304 843 2390 aliquid
869 2306 1006 2371 innuere
1033 2304 1185 2371 debemus
1209 2306 1249 2370 de
1273 2310 1366 2372 certa

187 2435 296 2519 specie
318 2452 517 2498 assessorum
541 2434 596 2517 qui
610 2436 839 2516 nuncupantur
855 2430 1024 2497 adiuncti:
1047 2430 1088 2495 cf.
1106 2430 1253 2513 Saravia,
1277 2432 1365 2496 Tra·

187 2565 304 2628 ctatus.
328 2560 379 2625 De
397 2560 587 2625 Adiunctis.
612 2559 740 2624 ludices
762 2557 943 2623 adiunctos
965 2559 1210 2633 nominavimus,
1231 2564 1367 2646 agentes

186 2682 228 2750 de
250 2686 282 2751 S.
308 2686 439 2751 Rituum
472 2684 572 2771 cong.
597 2704 628 2749 n.
656 2684 729 2750 194.
755 2718 773 2732 -
799 2684 845 2748 De
877 2682 1035 2748 iudicibus
1066 2684 1227 2749 adiunctis
1259 2684 1371 2749 statuit

186 2813 308 2882 Concil.
339 2814 433 2879 Trici.
457 2814 495 2879 ia
517 2813 603 2879 Sese.
627 2812 688 2886 25,
706 2811 822 2894 cep.6
844 2810 1025 2876 decernens
1049 2812 1248 2897 Episcopum
1274 2816 1370 2876 extra

185 2934 221 3003 S.
246 2936 475 3003 Visitationem
497 2956 564 3001 non
585 2956 679 3022 posse
701 2934 880 3021 procedere
903 2934 1058 3001 adversus
1086 2936 1260 3000 canonicos
1278 2936 1368 3022 capi·

184 3060 245 3126 tuli
265 3060 423 3143 eoemnpti,
441 3062 502 3127 nisi
517 3060 668 3125 adhibitis
690 3059 848 3126 iudicibus
872 3059 1039 3126 adiunctis.
1059 3061 1141 3125 Rem
1158 3059 1297 3125 dilucide
1321 3061 1370 3125 ita

185 3183 328 3268 explicat
351 3183 518 3250 decretum
541 3185 689 3250 citatum:
716 3182 869 3249 ‹Statuit
884 3183 915 3248 S.
933 3182 1082 3267 Synodus
1107 3187 1141 3248 ut
1164 3184 1198 3247 in
1214 3182 1364 3248 omnibus

184 3307 275 3373 Eccl.
299 3305 547 3373 Cathedralibus
569 3313 603 3372 et
617 3305 803 3392 collegiatis
826 3304 992 3371 decretum
1016 3306 1074 3372 sub
1091 3306 1113 3371 f.
1132 3328 1174 3372 m.
1194 3306 1299 3372 Paulo
1317 3308 1368 3372 ΙΙΙ

184 3432 268 3517 quod
291 3434 417 3517 incipit:
446 3430 604 3516 Capitale
629 3432 903 3513 Gotbedrutium,
928 3431 1139 3513 observetur,
1166 3451 1231 3497 non
1258 3422 1367 3497 ¹solum

184 3554 310 3641 quando
334 3556 513 3641 Episcopus
534 3555 740 3642 visitaverit,
755 3553 810 3619 sed
835 3559 868 3621 et
895 3554 1019 3638 quoties
1043 3574 1085 3619 ex
1109 3552 1213 3619 officio
1242 3555 1294 3620 vel
1326 3555 1367 3621 ad

182 3682 370 3766 petitionem
392 3682 527 3747 alicuius
550 3685 666 3746 contra
687 3681 827 3764 aliquem
843 3700 885 3744 ex
901 3682 1061 3747 contentis
1078 3681 1110 3744 iu
1127 3679 1214 3747 dieto
1233 3680 1367 3747 decreto

181 3805 354 3892 procedat;
377 3808 423 3871 ita
451 3811 561 3871 tanmn
590 3808 627 3869 ut
656 3823 753 3889 quum
783 3808 886 3870 eontra
915 3802 1145 3870 Visitatioaem
1168 3804 1368 3889 processerit
1415 3866 1418 3877 ,

182 3928 391 4015 infrascripta
414 3931 521 3994 omnia
542 3930 649 3994 locum
672 3929 822 4001 habeant,
840 3928 991 3994 videlicet
1015 3934 1049 3993 ut
1067 3929 1248 4015 Capitulum
1273 3930 1364 3995 initio

181 4054 353 4122 cuiuslibet
374 4054 452 4118 anni
475 4053 575 4138 eligat
597 4072 640 4117 ex
664 4053 810 4138 eapitulo
838 4051 916 4117 duos
944 4051 984 4117 de
1012 4072 1148 4136 quorum
1172 4053 1306 4117 consilio
1329 4056 1364 4119 et

180 4196 315 4241 assensu
337 4176 515 4261 Episcopus
534 4175 588 4239 vel
603 4174 672 4239 eius
687 4174 842 4240 Vicarius
858 4178 923 4241 tam
940 4174 973 4238 in
991 4173 1160 4239 formando
1175 4194 1364 4260 processum

180 4318 276 4383 quam
299 4300 334 4364 in
357 4299 475 4365 ceteris
498 4297 645 4363 omnibus
667 4295 791 4364 actibus
815 4316 915 4382 usque
931 4296 973 4362 ad
987 4294 1085 4392 linem
1110 4316 1227 4363 causae
1251 4296 1364 4361 exclu-

180 4423 258 4498 sive,
276 4441 387 4487 coram
410 4422 537 4487 notario
558 4426 669 4486 umen
692 4421 791 4507 ipsius
818 4420 959 4507 episcopi
983 4423 1072 4487 etin
1097 4422 1165 4487 eius
1189 4421 1282 4486 domo
1306 4425 1364 4488 aut
