3292 5109
452 334 496 380 oa
520 332 658 381 runicus
682 332 946 382 acocnsrnsrrcrs
1235 316 1296 383 151

134 476 181 520 sus
201 456 400 540 inquisitivus
418 457 452 521 in
473 456 643 541 qualitates
666 458 973 524 commendatorum.
991 492 1009 505 ·
1027 457 1059 524 S.
1082 457 1300 544 Congregatio

134 582 161 643 in
181 580 324 665 plenario
348 589 520 654 conventu,
544 580 758 647 haecomnia
781 580 821 647 ad
844 601 983 647 examen
1006 584 1141 646 revocat
1161 585 1198 645 ut
1220 580 1299 646 deli·

133 705 215 771 beret
236 708 367 791 quinam
390 704 518 793 dignior
540 704 708 780 habeatur,
726 707 779 791 qui
803 711 1004 793 proponatur
1020 705 1117 772 SSriro
1132 705 1300 791 eligendus

133 830 167 895 ad
187 852 300 897 munus
323 832 525 917 Episcopale.
551 832 754 899 secretarius
777 832 817 897 ad
841 852 939 897 aures
957 832 1047 899 SSriri
1071 830 1177 897 defert
1193 830 1301 895 Cardi-

133 956 242 1021 nalium
264 956 529 1022 deliberationem
553 976 687 1042 eamque
711 958 829 1024 SSrirus
858 977 899 1022 an
932 954 1127 1023 confirmare
1149 954 1300 1041 expediat

132 1079 159 1140 in
181 1079 312 1144 Domino
339 1078 495 1144 decernit.

211 1204 320 1277 Quare
335 1204 398 1269 hoc
414 1205 616 1291 privilegium
637 1205 924 1273 commendationis
940 1203 1024 1288 quod
1041 1204 1191 1289 Episcopi
1208 1220 1301 1267 exer-

132 1334 206 1399 cent,
229 1334 297 1393 toto
325 1330 416 1393 coelo
443 1328 540 1394 distat
566 1348 586 1393 a
611 1329 683 1393 iure
711 1328 879 1395 electionis
906 1328 1117 1413 competentis
1143 1326 1301 1393 Ecclesiis

132 1454 366 1521 Cathedralibus
390 1456 528 1542 exlege
552 1456 778 1531 Decretalium,
803 1455 952 1539 idemque
974 1453 1080 1521 locum
1103 1453 1201 1520 hahet
1223 1455 1299 1539 quin

133 1576 271 1642 ullimode
302 1576 478 1664 derogetur
506 1576 648 1642 libertati
682 1576 820 1644 Sanctae
851 1575 942 1644 Sedis
976 1578 1009 1641 in
1041 1577 1208 1663 Episcopis
1243 1576 1300 1642 eli·
1385 1637 1399 1663 ,

131 1700 234 1783 gaudis
260 1698 317 1786 (l).

212 1828 305 1893 Ratio
320 1833 428 1893 autem
441 1848 504 1914 qua
516 1826 551 1893 fit
562 1827 744 1893 huiusmodi
764 1826 997 1893 commendatio
1012 1827 1110 1891 trium
1126 1828 1299 1896 nominum.

131 1968 187 2013 non
210 1949 319 2015 eadem
342 1956 392 2015 est
408 1952 440 2015 in
456 1949 593 2015 diversis
617 1950 793 2035 provinciis
817 1948 1053 2015 ecclesiasticis.
1081 1949 1225 2032 Namque
1247 1950 1301 2013 ali-

131 2072 195 2138 cubi
215 2074 362 2160 Episcopi
384 2078 510 2140 tantum
533 2074 610 2139 huic
632 2074 763 2159 negotio
787 2071 1075 2139 commendationis
1096 2077 1222 2157 partem
1245 2072 1301 2137 ha-

132 2196 209 2279 bent,
232 2199 329 2264 veluti
352 2200 385 2263 in
409 2199 543 2283 regione
567 2197 766 2275 Oanadensi;
791 2198 867 2263 alibi
898 2197 1006 2264 clerus
1029 2202 1085 2263 aut
1114 2217 1190 2283 pars
1221 2197 1301 2263 cleri

132 2323 427 2389 commendationem
450 2323 530 2389 lacit
551 2342 647 2407 quam
671 2324 821 2409 Episcopi
845 2344 905 2389 sua
927 2323 1160 2411 approbatione
1187 2322 1302 2389 confir·

131 2452 212 2511 mant
232 2453 285 2511 aut
308 2448 374 2512 suis
396 2446 728 2512 animadversionibus
743 2448 778 2510 in
794 2467 857 2512 uno
873 2452 929 2512 aut
944 2447 1048 2514 altero
1064 2454 1121 2514 aut
1142 2448 1177 2512 in
1200 2450 1299 2513 omni-

131 2568 185 2633 bns
205 2570 380 2636 candidatis
403 2570 562 2647 refutant;
586 2571 631 2635 ita
653 2572 687 2635 in
712 2572 842 2656 Anglia,
866 2572 899 2636 in
924 2572 1041 2654 scotia,
1066 2574 1099 2637 in
1123 2572 1300 2648 Hibernia;

130 2694 237 2761 alicubi
260 2696 387 2761 demum
411 2697 518 2762 clerus
550 2702 606 2761 aut
635 2716 711 2781 pars
741 2697 821 2761 cleri
848 2699 913 2763 tria
941 2698 1072 2762 nomina
1099 2697 1303 2763 commendat

132 2818 295 2905 Episcopis.
320 2822 376 2905 qui
398 2820 480 2886 haec
502 2821 554 2886 rel
578 2820 651 2893 alia,
677 2822 785 2906 prouti
805 2821 907 2907 magis
930 2823 963 2885 in
988 2822 1123 2886 Domino
1147 2822 1301 2907 expedire

133 2946 315 3019 cerrsuerint,
333 2946 472 3011 Sanctae
488 2944 561 3011 Sedi
586 2946 829 3023 commendant;
853 2946 919 3012 hoc
941 2952 1092 3012 servatur
1113 2947 1145 3011 in
1163 2946 1303 3013 Statibus

133 3066 292 3133 Americae
315 3068 504 3135 Foederatis
528 3070 616 3136 etin
641 3068 806 3135 Australia
830 3068 887 3153 (2).

213 3190 242 3273 h)
266 3190 325 3259 Ubi
349 3196 455 3256 autem
480 3192 667 3257 hierarchia
691 3193 914 3258 ecclesiastica
938 3193 1087 3258 ordinata
1104 3212 1169 3257 non
1189 3197 1247 3266 est,
1264 3192 1303 3256 iis

134 3316 246 3399 populis
267 3313 400 3401 praefici
424 3316 529 3381 solent
551 3311 675 3380 Vicarii
701 3316 877 3401 Apostolioi
902 3317 1095 3381 charactere
1118 3316 1302 3402 Episcopali

135 3440 338 3506 condecorati.
363 3442 517 3506 -Tunc
547 3442 645 3507 trium
674 3441 920 3506 candidatorum
949 3442 1123 3528 propositio
1153 3445 1186 3506 et
1213 3460 1300 3506 oom-

136 3562 283 3627 mendatio
313 3561 350 3628 fit
380 3583 400 3627 a
428 3562 602 3648 Superiora
627 3563 760 3629 Ordinis
784 3564 927 3649 religiosi
951 3564 1005 3628 vel
1029 3564 1169 3629 Instituti
1195 3562 1302 3629 eccle-

136 3687 245 3754 siastici
267 3690 319 3754 cui
341 3686 483 3754 fidelium
506 3689 653 3775 regimen
678 3690 882 3754 commissum
906 3696 964 3754 est.
990 3688 1094 3763 Quum
1116 3688 1231 3755 Ordini
1254 3708 1304 3753 re-

216 3916 251 3987 (l)
270 3916 350 3973 Unde
372 3918 441 3974 haec
461 3918 663 3973 commendatio
680 3919 771 3987 magis
790 3918 938 3989 respondet
958 3918 1119 3973 necessitati
1137 3917 1300 3972 conficiendi

138 4034 267 4085 processus
279 4025 306 4077 in
319 4024 472 4096 qualitates
484 4024 733 4094 promovendorum
749 4042 798 4095 pro
812 4025 913 4079 notitia
926 4024 1004 4078 Sedis
1019 4024 1176 4087 Romanae;
1195 4022 1303 4077 eadem-

139 4138 186 4191 qus
202 4129 398 4184 commendatio
417 4130 583 4199 respondere
608 4130 691 4184 debet
717 4130 927 4199 quaestionibus
945 4131 975 4183 in
994 4129 1219 4199 interroqutoriis
1237 4142 1302 4197 pro·

142 4232 196 4296 poni
213 4234 306 4301 solitis,
325 4237 404 4291 iuxta
423 4236 516 4291 Const.
540 4236 743 4291 Gravissimum
764 4235 908 4290 Benedicti
927 4235 1001 4289 XlV.

212 4336 249 4409 (2)
267 4336 308 4394 Cf.
330 4340 439 4407 Zitelli,
459 4343 620 4412 Apparatus
644 4343 719 4394 iuris
746 4341 844 4395 eccles.
866 4340 912 4394 lib.
933 4340 1004 4393 lta.
1024 4339 1054 4406 Ι,
1072 4342 1101 4394 et
1127 4338 1303 4393 collectanea

139 4444 175 4495 αὶ.
189 4448 221 4500 de
238 4448 321 4521 Prop.
339 4450 413 4504 Fide
428 4468 495 4520 pap.
514 4450 640 4521 20·saq.,
660 4448 708 4504 ubi
732 4452 892 4505 referuntur
907 4448 1051 4520 appositae
1071 4447 1278 4503 instructiones.
