3292 5109
313 272 381 340 358
844 300 928 349 rans
951 302 990 348 n.

320 424 388 503 est3
411 422 572 505 quiahoc
601 424 669 509 ipso
700 424 784 509 quod
811 428 1037 493 conciliarium
1059 428 1265 498 decretorum
1294 432 1404 500 verbis
1430 454 1498 499 non

316 547 562 632 contineantur,
586 557 660 615 sunt
683 571 787 617 novae
810 552 900 638 leges
928 555 1176 631 ecclesiasticae,
1199 561 1425 625 auctoritatem
1448 560 1495 624 le-

316 672 499 759 gislativam
531 676 563 740 in
595 674 782 743 declarante
813 686 1035 763 exposcentes.
1058 684 1156 767 Atqui
1187 683 1218 749 S.
1244 685 1343 770 Cong.
1368 706 1410 749 ex
1437 706 1497 750 sua

319 799 522 865 institutione
545 803 767 867 auctoritatem
792 806 886 871 istam
909 826 974 870 non
996 806 1113 883 babet;
1136 828 1216 893 ergo
1239 814 1301 875 etc.

411 926 497 991 <De
520 928 806 1011 comprehensiva
828 936 936 996 autem
959 930 1123 999 affirmant
1145 933 1228 1018 quod
1245 936 1308 1000 vim
1332 935 1415 1021 legis
1436 934 1501 1000 ba-

314 1048 413 1119 beant
436 1054 463 1119 si
485 1052 587 1137 Papa
610 1057 761 1122 consulto
785 1058 902 1139 tactae,
926 1078 947 1123 a
975 1060 1154 1126 cardinali
1175 1060 1356 1143 Praefecto
1380 1067 1413 1126 et
1436 1062 1498 1127 Se·

316 1178 463 1244 craterio
487 1178 695 1267 subscriptae,
721 1188 753 1249 et
777 1190 933 1251 consueto
960 1186 1068 1269 ipsias
1091 1184 1126 1249 S.
1154 1184 1257 1273 Conp.
1286 1186 1398 1272 sipitto
1424 1206 1496 1251 mu-

320 1303 409 1368 nitae
432 1303 505 1385 sint,
523 1304 617 1389 idque
641 1326 754 1371 verum
780 1312 829 1373 est
851 1329 916 1372 non
940 1314 1063 1374 tantum
1085 1316 1235 1395 respectu
1255 1330 1368 1374 eorum
1383 1308 1501 1393 quibus

316 1426 506 1501 redduntur,
524 1430 580 1495 sed
604 1432 699 1497 etiam
723 1438 875 1517 respectu
898 1434 1044 1515 aliorum,
1068 1436 1122 1519 qni
1145 1434 1185 1500 de
1209 1434 1272 1499 illis
1295 1435 1340 1499 ita
1364 1432 1498 1499 redditis

318 1552 464 1619 notitiam
488 1560 610 1620 certam
633 1555 797 1621 habent...
815 1555 1034 1624 confirmatur
1049 1579 1091 1623 ex
1108 1580 1168 1623 usu
1183 1559 1286 1626 Rotae
1306 1558 1501 1642 itemquae

318 1676 420 1745 dictas
443 1678 678 1748 declarationes
703 1682 796 1748 Card.
821 1680 942 1768 absque
972 1684 1039 1749 ulla
1061 1685 1261 1771 oppositione
1284 1688 1317 1748 et
1338 1681 1500 1768 ambigui·

321 1806 388 1869 tate
411 1812 604 1872 reverenter
627 1808 743 1893 recipit
770 1816 866 1894 atque
897 1807 1044 1875 omnibus
1073 1810 1175 1875 modis
1206 1808 1377 1890 observat,
1402 1810 1500 1873 etiam

318 1926 456 1995 dimissis
478 1932 576 2016 ipsius
600 1934 703 1999 Rotae
726 1934 940 2001 decisionibus
963 1935 1090 2021 quando
1106 1938 1140 2000 in
1156 1938 1358 2002 contrarium
1382 1933 1503 2000 adsunt

314 2054 551 2125 declarationes
571 2080 668 2147 saepe
691 2061 796 2126 dictae
819 2063 918 2148 Gong.
945 2097 963 2111 -
988 2060 1142 2131 Barbosa
1165 2064 1185 2127 l.
1210 2062 1228 2127 1
1252 2064 1345 2128 laris
1368 2061 1495 2134 eccles,

318 2202 394 2267 cap.
411 2183 443 2259 4,
467 2206 501 2250 a.
519 2186 562 2251 81
565 2206 579 2269 ;
603 2188 786 2273 Fagnanus‚
802 2188 840 2253 ia
855 2208 929 2271 cap.
948 2187 1115 2260 Quoniam
1132 2222 1150 2237 ·
1167 2188 1218 2254 De
1235 2189 1357 2261 Const,
1374 2208 1408 2251 a.
1427 2184 1500 2267 72‚·

320 2306 415 2374 Card.
433 2310 479 2375 De
491 2310 589 2391 Luca,
606 2312 676 2378 Dis.
691 2313 724 2376 6.
740 2313 791 2378 De
801 2312 975 2396 parocbia,
992 2333 1025 2378 a.
1039 2313 1077 2395 5,·
1094 2309 1314 2385 Reiffenstuel‚
1329 2312 1499 2393 laprooe·

321 2432 400 2515 mio,
421 2452 456 2498 a.
477 2432 589 2500 136».
612 2436 779 2501 Hactenus
799 2434 1100 2521 Schmalzgrueber,
1124 2436 1169 2500 ita
1192 2435 1359 2520 explicans
1381 2438 1501 2497 statum

325 2558 521 2641 quaestionis
545 2564 577 2623 et
599 2560 765 2624 variarum
789 2561 972 2645 opinionum
996 2561 1169 2625 aestimans
1191 2559 1324 2645 pondus.
1343 2558 1432 2623 -Ex
1451 2577 1500 2622 re

893 2654 900 2676 .

320 2684 395 2749 latis
426 2689 530 2770 patet,
562 2688 752 2752 sententiam
785 2706 866 2770 quae
894 2688 958 2752 vim
988 2687 1071 2773 legis
1101 2689 1200 2772 negat
1229 2684 1503 2751 declarationibus

324 2806 356 2873 S.
382 2806 693 2896 congregationum,
718 2830 853 2890 revera,
877 2812 922 2876 uti
953 2810 1060 2876 aiebat
1090 2807 1283 2875 Benedictus
1305 2808 1389 2874 XIV
1421 2808 1442 2872 t.
1471 2827 1500 2873 c.

323 2934 502 3002 rationibus
532 2936 625 3001 inniti
655 2938 784 3004 nultius
813 2937 984 3005 mommo.
1010 2972 1028 2986 ·
1060 2936 1145 3002 Sane
1177 2936 1208 3002 S.
1233 2934 1333 3019 (long.
1365 2934 1500 3000 Concilii

322 3067 357 3130 et
378 3061 462 3129 aliae
485 3065 602 3149 passim
633 3064 666 3127 in
694 3064 760 3129 suis
784 3060 1055 3128 declarationibus
1085 3066 1219 3128 utuntur
1240 3061 1342 3126 verbo
1366 3078 1504 3126 censere

323 3204 363 3251 eo
387 3205 483 3250 sensu
508 3206 570 3269 quo
591 3186 727 3253 Senatus
743 3186 908 3251 Romanus
931 3205 969 3250 eo
993 3184 1093 3249 verbo
1115 3205 1192 3250 usus
1215 3189 1264 3249 est
1286 3203 1360 3248 cum
1383 3182 1502 3267 aliquid

323 3307 450 3375 iuberet
464 3313 522 3376 aut
535 3314 671 3381 vetaret,
689 3312 710 3375 t.
727 3307 874 3376 Seruatus
889 3308 949 3389 52,
964 3310 1000 3392 ff.
1016 3308 1067 3375 De
1081 3308 1232 3375 contrait.
1250 3312 1366 3391 empta
1381 3311 1414 3373 et
1429 3327 1503 3373 cen-

274 3412 277 3423 ¹
324 3450 400 3499 scre
422 3434 455 3497 in
475 3438 568 3499 textu
584 3434 691 3518 legum
716 3439 747 3498 et
771 3433 907 3497 iuridice
922 3431 1006 3498 idern
1029 3437 1079 3497 est
1101 3451 1140 3497 ac
1163 3429 1372 3503 constituere,
1390 3430 1501 3495 decer

327 3576 420 3638 aere,
432 3557 636 3640 praecipere
650 3556 703 3621 rel
723 3554 916 3640 prohibere,
933 3560 969 3620 ut
991 3556 1036 3619 ait
1052 3554 1224 3619 Iavolenus
1247 3555 1267 3618 t.
1285 3572 1422 3619 censere
1436 3552 1504 3625 111,

324 3678 432 3765 ffiDe
453 3678 545 3746 verb.
562 3677 677 3765 sipaif.
691 3715 708 3725 -
725 3678 800 3743 Alia
825 3678 907 3741 ratio
932 3696 1013 3760 quae
1036 3677 1195 3763 repetitur
1217 3696 1260 3741 ex
1282 3675 1410 3741 defectu
1426 3694 1503 3760 pro·

326 3804 542 3892 mulgationis,
562 3808 650 3891 patet
673 3804 754 3870 salso
779 3803 872 3868 inniti
895 3802 1117 3877 tundamento;
1142 3803 1257 3887 quippe
1280 3801 1422 3887 opinioni
1444 3802 1506 3865 Do·

308 3953 310 3959 ’
327 3934 455 3995 ciorum
468 3930 626 3993 'communi
640 3933 673 3993 et
685 3927 782 3993 indoli
795 3926 1071 4012 interpretationis
1085 3927 1189 4012 magis
1204 3946 1380 3991 consonum
1396 3928 1445 3990 est
1460 3924 1505 3989 di·

328 4074 415 4137 cere,
431 4056 730 4140 interpretationem
755 4052 1069 4136 comprehensivam
1085 4052 1313 4118 authenticam
1328 4070 1393 4114 non
1409 4070 1505 4136 expo
1606 4110 1609 4113 ,

308 4248 309 4253 ,
326 4180 449 4247 stulare
466 4177 765 4265 promulgationem,
784 4178 858 4260 quia
872 4194 938 4240 non
953 4181 1003 4241 est
1017 4194 1102 4239 nova
1117 4174 1182 4247 lex,
1200 4175 1245 4239 uti
1261 4172 1505 4258 explicavimus·

324 4334 343 4349 -
369 4298 431 4366 Sed
455 4304 546 4364 certe
569 4298 795 4383 interpretatio
819 4296 1007 4363 authentica
1028 4316 1092 4360 non
1117 4295 1237 4381 obligat
1259 4299 1430 4378 antequam
1444 4292 1502 4359 de·

322 4426 451 4491 uenerit
473 4424 513 4489 ad
537 4424 681 4489 notitiam
702 4421 910 4501 subditorum,
927 4421 1006 4487 adeo
1023 4426 1059 4488 ut
1078 4422 1149 4507 quis
1170 4421 1277 4507 legem
1300 4439 1366 4485 non
1389 4417 1502 4485 obser·
