3292 5109
495 334 539 381 nn
562 333 701 381 1un1cns
725 333 990 379 nccnnsmsriols
1268 315 1334 380 433

244 455 279 539 2)
295 456 397 520 Datur
410 456 583 542 appellatio
599 476 618 520 a
634 457 707 523 Vic.
725 458 873 521 For-aneo
890 456 929 521 ad
946 458 1140 543 Episcopum
1156 461 1189 523 et
1204 456 1244 523 ad
1266 459 1334 522 eius

156 580 231 645 Via.
248 580 453 646 Generalem.
472 617 490 630 ·
507 581 634 647 Nullius
657 585 706 645 est
728 580 849 645 valoris
865 580 1036 666 appellatio
1053 602 1135 665 quae
1151 583 1334 667 interpone·

155 709 210 769 tur
231 704 315 789 apud
339 705 463 770 curiam
486 704 804 789 Archiepiscopalem
830 708 862 768 et
889 705 1019 789 planum
1042 710 1099 779 est,
1124 706 1198 789 quia
1221 705 1334 790 appel-

155 828 226 893 lare
249 828 299 893 fas
322 849 386 893 non
411 836 469 910 est,
493 831 610 895 omisso
632 829 747 895 medio.

245 952 278 1040 3)
303 955 411 1019 Etiam
435 955 462 1018 si
485 955 558 1021 Vic.
585 953 753 1019 Foraneus
775 957 817 1020 sit
841 953 1005 1039 delegatus
1037 954 1077 1018 ab
1108 956 1267 1040 Episcopo
1293 954 1334 1019 ad
1410 978 1414 985 ’

156 1098 265 1143 casum
289 1079 530 1165 particularem,
551 1085 698 1144 tenemus
720 1100 814 1164 posse
838 1080 993 1165 appellari
1018 1081 1058 1145 ad
1078 1080 1245 1145 Vicarium
1270 1081 1334 1148 Ge·

155 1202 301 1268 neralem
325 1205 487 1290 Episcopi,
505 1206 550 1269 uti
572 1203 778 1288 probavimus
802 1206 867 1269 eol.
892 1206 920 1277 Ι,
936 1224 970 1269 n.
996 1204 1078 1277 623,
1096 1205 1137 1270 cf.
1156 1206 1334 1289 Pellegrini

157 1326 178 1390 1.
203 1325 365 1414 c.n.,31.

246 1449 321 1514 334.
346 1450 392 1515 De
417 1452 632 1534 competentia
646 1450 786 1515 iudicum
804 1450 1011 1537 Synodalium
1032 1448 1171 1516 sufficiat
1186 1452 1334 1525 innuere,

157 1576 242 1659 ipsos
265 1575 386 1640 iudices
410 1596 480 1641 esse
503 1576 724 1662 singulariae
749 1576 943 1662 delegandos
974 1598 994 1641 a
1022 1578 1052 1643 S.
1086 1578 1169 1643 Sede
1201 1584 1233 1643 et
1264 1572 1334 1641 n‘ul-

156 1698 224 1765 lum
246 1687 443 1765 constituere
470 1700 638 1786 collegiale
668 1699 810 1766 tribunal
842 1702 1039 1766 ordinarium
1071 1707 1103 1766 et
1134 1700 1244 1767 fixum.
1278 1700 1337 1767 Ait

158 1824 279 1890 Bened.
296 1824 380 1890 XIV
403 1824 454 1890 De
478 1822 559 1909 Syn.
584 1825 689 1891 dioec.
714 1825 768 1891 lid.
794 1824 857 1907 IV,
875 1846 948 1909 cap.
983 1825 1067 1899 V,n.
1094 1827 1128 1889 7.·
1146 1846 1162 1887 a
1181 1825 1212 1890 S.
1235 1826 1333 1910 (long.

158 1946 294 2014 Concilii
318 1947 352 2011 in
375 1966 474 2012 causa
496 1943 630 2012 Ianuen.
654 1948 710 2014 die
733 1949 783 2014 25
807 1948 928 2013 Martii
950 1950 1036 2013 1661
1058 1948 1125 2033 (tit.
1150 1950 1173 2013 6
1206 1950 1332 2015 Deerat.

153 2089 237 2156 pay.
262 2068 341 2156 131)
365 2071 429 2134 iam
452 2072 578 2135 statuit:
603 2072 775 2137 Personas
798 2072 1031 2157 desipnandas
1060 2073 1097 2137 in
1126 2073 1256 2156 synodo
1288 2092 1333 2137 aa
1427 2072 1431 2079 '

159 2219 234 2282 cap.
257 2200 310 2264 10.
336 2201 422 2265 Sess.
447 2198 507 2270 25,
532 2204 610 2264 ante
633 2199 879 2284 deteputionem
902 2201 1034 2265 nnllam
1051 2199 1174 2265 habere
1196 2198 1335 2265 inrisdi-

158 2322 321 2402 ctionem;
345 2320 554 2406 quinimmo
577 2326 615 2384 nt
637 2340 772 2386 omnem
795 2320 838 2386 ab
861 2321 928 2385 dlis
956 2326 1086 2387 arceret
1117 2320 1335 2387 ambitionem

158 2442 350 2508 ostentandi
366 2441 515 2508 tridnnat
525 2441 712 2525 propriam
727 2462 805 2507 cnm
816 2443 971 2526 propriis
987 2442 1208 2519 administris,
1223 2442 1335 2508 eadem

160 2568 189 2633 S.
215 2566 315 2653 cong.
339 2569 373 2632 in
397 2588 493 2634 causa
524 2568 642 2635 Alben.
666 2570 722 2635 die
744 2570 787 2635 15
818 2571 894 2634 lan.
919 2570 1009 2635 1655
1041 2567 1107 2655 (tid.
1132 2571 1175 2635 19
1206 2571 1335 2637 Decret.

154 2714 191 2777 p.
216 2693 291 2760 554
321 2714 344 2758 a
372 2694 477 2780 terpo)
508 2694 604 2759 dixit:
630 2696 673 2759 In
701 2695 897 2762 huiusmodi
926 2696 1195 2777 appellationum
1226 2696 1337 2762 censis

159 2818 206 2884 ad
229 2817 358 2884 indices
386 2819 576 2904 Synodales
601 2819 730 2893 delatis,
756 2819 966 2886 adhibendos
997 2839 1067 2885 esse
1096 2821 1249 2886 notarios
1280 2841 1335 2887 me-

158 2940 233 3005 m'ae
265 2940 467 3023 episcopalis
490 2962 520 3005 n.
546 2938 710 3007 Officiales
741 2944 852 3007 euriae
880 2961 982 3025 aeque
1013 2941 1185 3006 adhibendi
1216 2947 1290 3006 sunt
1318 2962 1337 3005 a

160 3061 317 3128 iudicibus
348 3063 503 3149 delegatis
534 3062 566 3129 S.
595 3063 695 3144 Sedis,
727 3065 788 3128 nisi
820 3064 906 3129 aliud
937 3085 1092 3150 expresse
1123 3069 1277 3130 caveatur
1303 3066 1337 3128 in

159 3190 320 3256 mandato.

250 3316 297 3379 De
320 3315 477 3403 iudicibus
500 3314 788 3381 Conservatoribus
812 3316 915 3399 quoad
944 3316 1058 3380 horum
1091 3316 1336 3400 competentiam

160 3442 243 3507 haec
267 3444 355 3506 iuvat
379 3444 550 3507 reserrea
582 3441 700 3507 Bened.
726 3442 810 3507 XIV
845 3440 903 3524 Op.
937 3442 988 3507 eit.
1013 3443 1033 3505 1.
1060 3442 1111 3507 cit.
1146 3440 1207 3515 Vl,
1232 3463 1265 3505 n.
1290 3441 1314 3506 5
1326 3462 1337 3501 .·

162 3589 180 3632 ‹
206 3570 414 3633 Innocentius
439 3569 487 3632 lV
511 3570 545 3633 in
576 3588 650 3651 cap.
675 3569 704 3648 Ι,
727 3566 777 3631 De
800 3569 855 3650 off.
881 3571 911 3631 et
934 3571 1005 3648 pot.
1029 3566 1099 3631 ind.
1125 3566 1229 3651 delep.
1254 3566 1291 3631 in
1314 3565 1338 3629 6

160 3691 280 3761 statuit,
305 3688 560 3755 conservatores
586 3690 689 3753 solum
713 3709 805 3773 posse
829 3688 901 3751 illos
932 3686 1045 3771 quibus
1067 3685 1131 3750 dati
1163 3692 1246 3759 sunt,
1278 3686 1336 3751 de-

159 3810 302 3893 fendere
330 3834 352 3879 a
375 3813 564 3895 manifestis
587 3811 724 3877 iniuriis
748 3818 778 3878 et
802 3810 968 3878 violentiis
990 3829 1052 3875 nec
1075 3810 1121 3875 ad
1148 3810 1218 3874 alia
1250 3828 1338 3893 qnae

159 3937 356 4005 iudicialem
378 3939 634 4025 indepationem
662 3938 812 4024 exipant,
833 3957 932 4003 snam
953 3954 1051 4019 posse
1076 3936 1258 4001 contendere
1279 3954 1338 4017 po-

160 4065 321 4125 testatem.
341 4096 358 4109 ·
380 4060 567 4125 Bonifacius
590 4059 673 4124 Vlll
699 4060 732 4123 in
756 4077 829 4141 cap.
854 4057 931 4123 Hae
950 4058 1059 4123 Consi.
1084 4058 1156 4123 eod.
1181 4055 1228 4121 nt.
1254 4055 1337 4119 addi-

160 4185 218 4268 dit,
244 4185 327 4269 quod
349 4186 380 4251 si
402 4186 445 4251 de
468 4184 545 4249 aliis
560 4203 665 4268 qnam
688 4182 730 4247 de
753 4180 944 4262 manifestis
960 4180 1096 4245 iniuriis
1119 4186 1150 4245 et
1171 4179 1339 4247 violentiis

160 4312 304 4379 scienter
325 4331 361 4377 se
384 4309 629 4377 intromiserim
650 4328 710 4378 sen
736 4308 783 4374 ad
806 4308 877 4373 alia
901 4325 990 4392 qaae
1011 4304 1206 4372 iudicialem
1237 4304 1337 4370 inda-

160 4437 277 4524 pinem
293 4436 435 4523 eaipant
449 4454 548 4501 snam
561 4432 775 4520 extenderint
786 4436 996 4516 patestatem,
1010 4450 1047 4497 eo
1063 4430 1137 4513 ipso
1150 4450 1215 4515 per
1229 4449 1338 4496 annm

307 4560 367 4613 Sua
387 4558 465 4628 Leqa
1161 4554 1196 4608 28
