3292 5109
323 256 392 323 420
854 274 937 321 rana
961 273 998 321 11.

325 399 399 462 neri
414 401 502 463 stare
525 360 732 483 Syndacatui,
748 418 806 461 seu
829 394 967 463 reddere
984 397 1141 462 rationem
1157 397 1238 483 gesti
1256 396 1362 463 officii.
1381 398 1514 462 Leure-

322 525 406 597 nius,
420 522 471 588 De
487 522 553 588 Vic.
565 522 691 605 Epiro,
707 541 781 604 cap.
795 522 830 603 5,
846 541 878 607 q.
894 518 979 601 303,
996 522 1050 587 ait:
1063 522 1233 587 Vicarium
1251 520 1419 587 «liberum
1434 542 1515 587 esse
1620 508 1621 539 ³

321 644 365 711 ab
380 644 559 710 huiusmodi
577 642 782 729 obligatione,
798 644 850 707 cui
869 640 1037 709 subiicitur
1057 644 1143 708 solus
1159 644 1232 709 Vic.
1250 644 1387 731 Capituli
1403 645 1514 710 etalii

323 768 491 837 Officiales
505 766 596 834 Sedis
611 768 756 834 vacantis
771 788 803 830 ».
830 767 935 839 Ratio,
952 768 1027 851 quia
1043 786 1107 831 una
1123 772 1156 831 et
1172 766 1285 832 eadem
1302 774 1350 832 est
1364 786 1519 853 persona.

323 893 462 960 iuridica
477 893 627 977 Episcopi
647 897 680 957 et
696 892 769 956 Vic.
787 892 888 967 Gen.;
912 897 945 957 et
961 891 1136 957 Successor
1151 892 1318 958 videretur
1333 912 1425 958 suum
1450 893 1512 956 De

247 999 250 1005 ¹
323 1038 486 1085 cessorem
510 1030 636 1103 rapere·
649 1017 691 1081 ad
713 1038 805 1082 suum
828 1016 980 1089 tribunal,
1005 1016 1089 1100 quod
1117 1022 1167 1083 est
1194 1018 1334 1084 incivile.
1360 1018 1434 1083 Hac
1469 1016 1517 1083 de

323 1164 432 1218 causa,
456 1143 542 1208 aliud
566 1146 655 1228 viget
677 1144 871 1229 principium
895 1143 998 1227 quoad
1014 1144 1087 1209 Vic.
1109 1144 1245 1230 Capituli
1269 1150 1303 1209 et
1325 1146 1404 1209 alios
1429 1142 1517 1212 offi-

322 1271 426 1336 ciales
448 1269 539 1335 Sedis
561 1270 717 1335 vacantis.

414 1394 477 1461 Sed
500 1394 574 1459 inde
597 1395 702 1458 oritur
725 1394 887 1478 quaestio;
912 1414 1029 1480 nempe
1052 1395 1127 1479 quid
1151 1396 1230 1461 iuris
1253 1398 1278 1461 si
1302 1395 1409 1479 aliqua
1434 1414 1518 1480 per·

323 1538 405 1590 sona
432 1518 565 1583 moralis
595 1518 696 1584 veluti
720 1517 945 1591 Seminarium,
973 1518 1027 1583 vel
1052 1488 1168 1603 aliqua·
1186 1538 1326 1603 persona
1356 1518 1513 1604 physica.

323 1662 383 1707 seu
406 1642 522 1725 aliquis
544 1640 688 1706 subditus
710 1661 753 1705 ex
774 1641 894 1706 delicto
918 1640 970 1707 vel
994 1662 1036 1706 ex
1059 1644 1149 1727 quasi
1173 1642 1300 1723 delicto,
1321 1661 1439 1727 nempe
1465 1662 1515 1709 en

323 1763 398 1828 dolo
421 1764 475 1828 vel
498 1783 542 1827 ex
565 1762 660 1846 culpa
682 1762 808 1827 Vicarii
833 1762 939 1828 laesus
963 1761 1084 1830 fuerit?
1108 1764 1235 1829 Poterit
1265 1784 1307 1829 ne
1334 1766 1511 1830 conveniri

323 1884 524 1971 Episcopus?
538 1920 556 1933 -
571 1885 780 1970 Respondent
795 1886 938 1949 unanimi
950 1886 1076 1953 calculo
1093 1888 1295 1969 Canonistae,
1308 1888 1513 1973 Episcopum

325 2012 435 2076 teneri
457 2031 501 2075 ex
524 2009 642 2075 delicto
663 2010 717 2074 vel
741 2015 831 2095 quasi
855 2010 972 2097 delicto
996 2014 1044 2077 sui
1067 2012 1154 2093 Vic.,
1178 2014 1204 2077 si
1228 2014 1296 2097 ipse
1319 2032 1448 2097 quoque
1474 2015 1513 2079 in

322 2140 421 2224 culpa
451 2138 561 2213 luerit,
585 2138 709 2204 scilicet
731 2138 785 2202 vel
808 2137 849 2202 ob
872 2138 1011 2203 electum
1034 2139 1108 2203 Vic.
1132 2138 1315 2203 inidoneum
1340 2144 1372 2205 et
1399 2140 1509 2224 negli-

323 2267 454 2348 gentem
485 2260 537 2325 vel
569 2260 609 2324 ob
640 2260 799 2324 defectum
831 2258 1019 2346 vigilantiae
1049 2263 1081 2325 in
1113 2260 1421 2328 administrationem
1455 2262 1512 2327 sui

324 2386 411 2465 Vic.,
435 2385 487 2449 vel
511 2384 551 2448 ob
575 2404 808 2469 quamcumque
831 2384 927 2448 aliam
951 2386 1229 2471 participationem
1253 2387 1285 2449 in
1309 2384 1426 2449 delicto
1451 2386 1508 2449 vel

323 2512 414 2597 quasi
438 2511 556 2577 delicto
579 2511 652 2576 Vic.
670 2512 751 2577 Gen.
770 2546 787 2559 -
805 2511 848 2575 cl,
869 2512 1074 2583 Laecanium,
1100 2512 1121 2575 l.
1147 2532 1184 2586 a,
1209 2530 1241 2595 q.
1266 2508 1347 2575 301.
1366 2545 1384 2559 -
1403 2510 1513 2575 Secus

322 2640 485 2723 Episcopo
515 2634 689 2701 nullimode
721 2639 872 2721 imputari
899 2643 1003 2722 potest
1034 2637 1129 2722 culpa
1152 2636 1205 2702 vel
1233 2634 1324 2701 dolus
1355 2637 1404 2700 sui
1427 2636 1510 2701 Vic„

322 2764 387 2831 Sed
409 2769 487 2829 tunc
509 2783 650 2848 persona
664 2764 753 2828 laesa
767 2768 872 2846 potest
888 2783 922 2828 se
938 2769 1133 2829 convertere
1148 2762 1190 2826 ad
1206 2764 1306 2849 ipsam
1328 2780 1504 2846 personam

322 2891 398 2956 Vic.
415 2894 450 2955 ut
465 2888 616 2955 damnum
633 2890 800 2955 resarciat.
815 2926 833 2938 -
852 2889 948 2954 Aliud
963 2892 1049 2955 enim
1066 2896 1123 2963 est,
1140 2890 1213 2955 Vic.
1230 2890 1311 2955 Gen.
1329 2891 1509 2955 immunem

322 3009 447 3076 habere
469 3030 490 3074 a
512 3010 706 3097 Syndacatu,
730 3030 788 3075 seu
811 3030 831 3073 a
854 3010 1018 3075 reddenda
1047 3012 1201 3097 peuerell
1228 3012 1360 3077 ratione
1391 3016 1510 3096 gestae

322 3134 617 3213 administrationis,
641 3132 727 3197 aliud
751 3134 841 3197 illum
866 3135 1010 3197 eximere
1038 3134 1078 3197 ab
1099 3134 1278 3199 actionibus
1302 3136 1399 3199 certis
1423 3154 1511 3217 quas

324 3257 470 3341 experiri
493 3256 564 3339 quis
586 3254 656 3318 vult
679 3254 719 3318 ob
743 3261 869 3319 certum
893 3255 1025 3321 sactum.
1044 3290 1061 3303 -
1080 3254 1129 3320 Ab
1161 3257 1221 3319 ista
1251 3257 1378 3321 actione
1405 3256 1505 3321 nulli·
1620 3316 1621 3325 ,

197 3376 202 3385 “
322 3378 419 3444 mode
441 3384 489 3443 est
513 3380 662 3443 immunis
677 3379 751 3444 Vic.
776 3384 809 3441 et
832 3377 999 3443 dumtaxat
1019 3380 1087 3444 eius
1110 3378 1286 3445 efficaciam
1312 3386 1510 3464 retorquere
1620 3420 1621 3471 p

323 3508 429 3588 potest
444 3505 476 3567 in
492 3504 684 3587 Episcopum
709 3504 736 3568 si
758 3503 866 3567 adhue
883 3506 914 3567 in
930 3504 1014 3568 vivis
1030 3510 1107 3589 agat
1130 3510 1162 3569 et
1185 3506 1253 3571 eius
1269 3505 1392 3591 culpae,
1409 3506 1509 3570 modo
1620 3576 1621 3589 ἶ

324 3646 387 3713 quo
410 3628 559 3701 diximus,
577 3630 739 3713 particeps
761 3630 872 3695 fuerit.
892 3663 909 3674 -
927 3628 1036 3703 Quare
1060 3632 1087 3694 si
1110 3629 1150 3694 de
1170 3630 1243 3694 Vic.
1260 3631 1407 3695 facinore
1423 3628 1505 3715 Epi·
1620 3628 1621 3633 ’

323 3774 439 3837 scopus
463 3753 660 3837 respondere
675 3759 732 3819 aut
755 3774 820 3817 non
844 3756 946 3839 possit
962 3759 1097 3820 autnon
1121 3754 1245 3828 debeat,
1263 3754 1510 3822 conveniendus

324 3887 374 3941 est
396 3878 432 3949 is,
449 3878 503 3960 qui
519 3878 723 3942 Vicariatum
746 3880 861 3963 gessit;
885 3885 918 3943 et
934 3878 1032 3943 iudex
1048 3886 1242 3964 competens,
1260 3884 1308 3944 est
1323 3879 1510 3963 Episcopus

325 4002 393 4085 ipse
415 4000 469 4064 vel
493 4000 562 4065 eius
577 4001 745 4065 Decessor.
763 4000 855 4075 Quod
879 4003 906 4066 si
926 4002 1103 4087 Episcopus
1118 4000 1181 4067 fuit
1202 4002 1310 4067 delicti
1329 4003 1505 4087 particeps,

322 4122 490 4187 adeundus
513 4132 561 4187 est
584 4122 682 4188 iudex
706 4130 891 4209 competens
914 4126 946 4188 in
971 4144 1085 4189 causas
1116 4124 1302 4191 criminales
1325 4126 1506 4210 Episcopo-

322 4268 407 4320 rum,
431 4248 522 4313 iuxta
545 4248 705 4334 principia
728 4249 792 4312 iam
815 4248 986 4334 explicata.
