3292 5109
495 333 538 379 na
562 333 702 381 runicus
725 332 990 381 scannsmsrrcm
1276 315 1345 384 293

162 456 250 521 enlm
274 454 412 521 bellicae
436 454 657 541 opponebatur
680 455 803 521 militia
827 460 942 541 topata
965 476 1022 521 seu
1045 456 1159 533 civilia
1183 461 1216 521 et
1238 455 1345 521 officia

162 600 246 665 quae
270 581 469 666 potIssimum
501 580 719 645 consistebant
745 582 778 644 in
802 579 1015 665 vectigaIIbus
1040 581 1226 667 exigendis,
1251 585 1343 647 certo

164 706 270 791 pretio
285 703 509 771 vendebantur
522 716 554 770 et
569 702 689 771 fiebant
703 705 787 770 bona
801 706 1038 790 patrimonialia
1054 712 1086 771 et
1102 705 1309 772 hereditaria.
1323 740 1342 754 -

165 829 237 895 Hoc
265 850 344 895 sane
374 835 464 895 certe
495 840 561 895 non
589 830 739 895 conducit
771 828 811 894 ad
847 832 999 915 optimam
1032 830 1343 897 administrationem

164 950 344 1019 officiorum
369 952 592 1038 Reipublicae;
616 958 649 1017 et
676 951 857 1018 huiusmodi
880 954 1057 1019 institutum
1081 959 1262 1038 temporum
1284 973 1344 1019 ne·

164 1077 331 1142 cessitates
353 1078 456 1162 magis
473 1080 639 1150 excusant,
657 1096 751 1160 quam
768 1074 915 1162 probent.
934 1112 952 1127 -
970 1080 1009 1143 In
1032 1080 1123 1143 curia
1138 1098 1222 1163 pene
1237 1078 1344 1141 omnia

164 1198 270 1265 officia
293 1200 345 1265 vel
370 1202 563 1287 gravissima
586 1198 644 1265 sub
668 1202 798 1266 saeculo
823 1199 1064 1267 decimosexto
1087 1206 1121 1265 et
1142 1203 1277 1286 septimo
1302 1200 1345 1265 ef·

165 1328 252 1393 lecta
281 1332 375 1394 erant
397 1327 566 1393 vocabilia
588 1327 800 1411 venalicii),
825 1326 882 1392 sed
907 1326 1081 1393 Pontifices
1104 1328 1232 1393 assidue
1254 1347 1347 1394 cave

165 1452 243 1517 bant
266 1458 301 1518 ut
325 1453 415 1523 baec,
434 1456 522 1517 inter
543 1458 788 1528 concurrentes,
814 1452 861 1517 illi
886 1452 1144 1519 concederentur
1167 1454 1221 1537 qui
1244 1454 1347 1539 magis

164 1578 280 1666 dignus
303 1578 494 1643 habebatur.
518 1614 536 1627 -
562 1578 666 1673 Hodie
689 1598 853 1664 perpauca
875 1577 1038 1645 habentur
1061 1580 1094 1644 in
1115 1579 1213 1645 Curia
1236 1578 1347 1665 officia

164 1705 300 1769 venatio
335 1702 507 1770 vocabilia
538 1703 594 1769 sed
622 1704 730 1788 aliqua
762 1702 924 1769 habentur
947 1709 980 1769 et
1006 1723 1105 1789 penes
1127 1704 1291 1769 Datariam
1315 1709 1348 1769 et

164 1830 403 1899 (lancellariam
420 1836 452 1895 et
476 1850 576 1915 penes
600 1832 703 1916 ipsum
719 1830 925 1896 VicarIatum
949 1830 1054 1897 Urbis.
1080 1832 1200 1915 Nempe
1225 1831 1347 1896 Notarii

165 1972 224 2037 pro
247 1952 537 2038 dispensationibus
573 1953 861 2019 matrimonialibus
898 1952 1107 2040 expediendis
1140 1957 1172 2018 in
1208 1954 1347 2020 dioecesi

166 2078 312 2143 Romana
332 2076 454 2145 habent
477 2076 617 2144 officium
641 2077 796 2144 vacabile.
816 2115 834 2127 -
853 2078 916 2145 Sed
932 2078 990 2144 sub
1005 2078 1096 2145 brevi
1113 2080 1196 2144 haec
1210 2079 1347 2165 vestigia

165 2204 312 2266 veterum
337 2221 462 2265 morum
485 2201 703 2287 disparebunt.
730 2238 747 2251 -
774 2202 969 2287 Iampridem
996 2200 1177 2275 Pontitices
1205 2202 1346 2268 maxime

167 2325 360 2392 Benedictus
383 2326 468 2390 XIV
491 2331 524 2391 et
549 2325 627 2391 Pius
651 2324 716 2389 VII
741 2327 869 2391 enixius
900 2331 1058 2391 curarunt
1079 2346 1121 2390 ne
1144 2326 1280 2410 amplius
1302 2325 1347 2391 of·

167 2446 239 2514 ficia
256 2450 293 2514 in
306 2448 405 2515 Curia
420 2446 529 2513 fierint
544 2450 690 2524 venalia;
716 2455 748 2515 et
770 2450 877 2515 soluto
901 2469 1046 2535 congruo
1068 2452 1173 2536 pretIo
1195 2451 1347 2536 legitimis

165 2573 417 2657 possessoribus,
443 2575 538 2659 plura
569 2572 675 2638 officia
706 2594 725 2637 a
754 2573 928 2641 venalitate
955 2573 1173 2639 redemerunt.
1198 2609 1216 2620 -
1242 2574 1346 2639 Hodie

164 2715 243 2762 vero
274 2698 371 2783 gestit
401 2698 529 2762 animus
560 2698 591 2760 in
623 2696 850 2762 annunciando
877 2698 1065 2782 nuperrimo
1088 2698 1226 2762 Decreta
1248 2698 1346 2762 Mota

165 2822 325 2905 Propria,
352 2823 470 2887 Leonis
486 2822 571 2887 XIII
589 2822 642 2887 fel.
660 2842 729 2908 reg.
746 2823 808 2887 dtei
826 2822 849 2887 4
865 2821 946 2887 latii
961 2822 1061 2904 1898,
1077 2842 1139 2907 quo
1159 2822 1346 2887 solemmter

164 2947 335 3013 edtcuntur
359 2946 478 3013 abolita
502 2944 619 3014 Officia
642 2948 811 3013 Vacabilia
835 2946 892 3032 (2).
930 3033 934 3041 .

164 3172 249 3227 etlam
269 3188 304 3226 ex
322 3174 444 3227 versutis
463 3174 583 3243 publicis
601 3174 675 3230 aliae
695 3179 760 3229 suut
786 3179 948 3244 perpetuae,
967 3173 1040 3228 aliae
1059 3172 1238 3229 redimibiles.
1257 3172 1345 3227 Hodie

164 3282 250 3336 etiam
270 3280 427 3335 venduntur
447 3286 476 3335 et
495 3288 624 3337 emuntur
649 3283 753 3352 publici
780 3282 886 3337 reditus
911 3282 1027 3348 aerarii3
1047 3282 1119 3337 unde
1137 3282 1279 3351 publicum
1298 3298 1346 3336 aes

164 3386 288 3439 alienum
302 3384 405 3440 Status.
421 3414 454 3427 -
470 3385 612 3441 Nonnulla
631 3386 722 3441 officia
741 3386 830 3441 veluti
849 3403 900 3456 pro
919 3386 1063 3456 exigendis
1081 3386 1266 3456 vectIgalibus
1280 3402 1347 3441 ven·

163 3491 276 3557 duntur,
295 3492 343 3546 sed
363 3492 397 3544 ad
416 3502 535 3563 tempas,
554 3498 584 3548 et
602 3494 652 3546 sub
673 3492 737 3546 aliis
755 3494 927 3548 differentiis.

254 3599 294 3667 (l)
323 3599 418 3654 Veluti
451 3600 576 3654 Officium
605 3600 852 3664 vicecancellarii,
880 3602 1001 3669 Datarii,
1029 3601 1197 3665 camerarii,
1224 3600 1347 3655 Thesau-

164 3706 238 3759 rarii.
260 3705 389 3760 Datarius
405 3710 434 3761 et
455 3706 647 3762 Cancellarius
666 3708 733 3777 quia
752 3708 814 3777 ipsi,
833 3709 911 3779 quasi
933 3725 993 3774 sua,
1012 3708 1170 3763 vendebant
1190 3706 1281 3762 officia
1302 3707 1345 3760 sui

163 3810 314 3881 dycasterii
335 3810 557 3880 ingentissimam
576 3830 712 3866 summam
731 3812 878 3867 exsolvere
891 3812 1030 3869 debebant
1049 3827 1099 3882 pro
1111 3811 1274 3882 possidendo
1286 3816 1344 3865 tam

163 3915 297 3985 locupleti
310 3917 409 3971 efficto.
425 3919 454 3971 Iu
470 3918 584 3972 Dataria
597 3922 626 3974 et
639 3919 814 3973 Cancellaria
828 3920 996 3973 constitutus
1008 3920 1062 3973 suit
1072 3921 1265 3990 Depositarius
1276 3918 1344 3973 Gen.

166 4022 348 4076 Vacobiiium.
362 4022 438 4076 —In
457 4024 550 4078 Gallia
569 4024 745 4080 habebantur
757 4030 786 4081 et
800 4026 828 4078 in
843 4025 948 4094 anglia
961 4024 1050 4079 adhuc
1063 4024 1202 4080 habentur
1214 4024 1264 4079 Off.
1278 4024 1345 4078 Vac.

253 4128 294 4199 (2)
313 4127 372 4183 Hoc
385 4128 528 4185 decretum
541 4133 621 4186 Mora
634 4132 762 4203 Propria,
778 4133 865 4186 iatine
877 4133 1021 4187 redditum
1032 4133 1074 4186 ita
1087 4148 1117 4187 se
1130 4130 1230 4187 habet:
1248 4131 1344 4187 ‹Stu-

164 4234 237 4289 dium
257 4249 314 4305 quo
332 4250 475 4289 movemur
493 4238 666 4293 incessanter
685 4238 719 4292 ad
738 4239 899 4304 curandam,
912 4243 941 4292 et
959 4255 1022 4292 cum
1041 4238 1138 4306 primis
1156 4237 1186 4292 in
1204 4236 1345 4291 hodiernis

165 4358 257 4397 rerum
276 4342 421 4412 adluuctis
436 4346 590 4414 gratiarum
603 4350 633 4401 et
645 4346 853 4401 concessionum
869 4344 1034 4399 Nostrarum
1052 4344 1171 4400 celerem
1189 4344 1344 4414 expeditio-

165 4466 245 4517 nem,
270 4465 305 4503 ne
330 4450 486 4506 anImarum
511 4453 586 4507 salus
611 4453 717 4525 ailquid
740 4452 901 4510 detrimenti
926 4453 1033 4523 capiat,
1051 4451 1182 4507 Nostram
1206 4451 1345 4507 convertit
