3292 5109
517 330 562 376 uu
585 330 724 377 rumcns
749 330 1014 377 sconssmsrrcm
1300 309 1367 375 325

185 453 474 520 extraordinariis
490 454 719 520 ecclesiasticis
731 454 976 537 praepositam.
995 452 1056 519 Sed
1069 452 1234 517 ordinaria
1249 451 1365 536 Officia

187 578 300 661 quibus
328 577 503 645 Pontifices
534 584 668 644 utuntur
697 580 729 643 in
758 576 1049 663 dispensationibus
1079 576 1366 643 matrimonialibus

186 704 400 770 concedendis
430 709 506 768 sunt
530 703 564 770 S.
588 702 734 769 Dataria
759 723 818 789 pro
840 703 918 787 saro
942 707 1100 777 caterno,
1126 701 1161 767 S.
1186 701 1367 768 Poaiiten-

185 828 291 893 tiaria
305 848 364 913 pro
379 828 458 911 soro
475 828 617 903 interna,
636 828 841 914 regulariter.
868 863 886 876 -
914 828 1091 892 Praeterea
1113 826 1241 891 adverti
1261 826 1365 900 debet,

187 952 219 1017 S.
244 953 407 1017 Datariam
436 952 524 1017 nulla
554 952 710 1037 expedire
740 953 888 1037 negotia,
914 951 1111 1036 proindeque
1134 972 1176 1015 ne
1200 951 1367 1035 dispensa-

187 1078 291 1142 tiones
321 1077 450 1161 quidem
478 1078 747 1150 matrimoniales,
773 1077 884 1142 diebus
907 1076 1090 1151 dominicis,
1115 1076 1249 1159 aliisque
1276 1076 1367 1141 festis

186 1207 221 1266 et
243 1222 340 1283 nunc,
364 1202 404 1267 ab
428 1204 517 1267 initio
540 1203 678 1268 labantis
699 1204 776 1267 anni
802 1202 898 1275 1898,
923 1204 1008 1269 feria
1023 1204 1054 1267 V
1074 1206 1228 1288 cuiusque
1250 1183 1368 1269 hebdo-

188 1324 312 1396 madae,
336 1324 464 1409 quando
488 1326 570 1390 alius
600 1346 665 1390 non
690 1324 811 1390 incidat
839 1325 908 1391 dies
933 1327 1035 1392 festus
1064 1329 1097 1391 in
1123 1326 1365 1391 hebdomadam.

188 1449 348 1533 Tempore
364 1450 568 1513 vacationum
585 1448 828 1529 autumnalium,
848 1454 944 1514 antea
960 1449 1141 1515 habitarum
1158 1470 1178 1513 a
1193 1448 1247 1513 dia
1263 1448 1280 1513 1
1299 1447 1366 1515 oa.

187 1571 236 1635 od
259 1569 349 1635 diem
364 1570 409 1635 12
424 1570 634 1646 Nouembris,
652 1572 715 1635 iam
739 1591 759 1635 a
781 1571 885 1638 tribus
900 1574 994 1637 annis
1010 1571 1126 1639 Officia
1142 1573 1292 1637 Datariae
1315 1592 1369 1658 pa·

187 1697 269 1773 tent,
281 1691 479 1777 proindeque
496 1692 712 1789 expediuntur
725 1694 822 1758 etiam
836 1693 1087 1777 dispensationes
1100 1695 1367 1762 matrimoniales:

186 1839 222 1883 ei
246 1820 290 1883 ita
313 1818 499 1903 corrigendi
523 1820 693 1893 Auctores,
724 1821 821 1904 plane
852 1839 973 1891 omnes,
1002 1819 1183 1885 referentes
1205 1822 1368 1904 antiquam

188 1946 316 2030 praxim
340 1945 497 2009 feriarum
523 1945 768 2011 autumnalium.
785 1946 830 2010 At
845 1944 875 2011 S.
894 1944 1043 2008 Datariae
1067 1942 1217 2011 Officium
1241 1945 1368 2029 penitus

187 2070 396 2153 conquiescit,
419 2069 501 2135 Sede
518 2069 670 2134 Vacante
694 2070 812 2154 quippe
832 2068 1013 2135 cardinalis
1037 2068 1240 2135 Pro-Datarii
1261 2073 1369 2133 aucto·

190 2194 270 2258 ritas
291 2199 370 2258 tunc
394 2194 609 2277 suspenditur.
628 2194 690 2259 Sed
707 2215 725 2257 e
742 2200 857 2260 contra
877 2197 1151 2278 quiaanimarum
1174 2196 1260 2260 salus
1283 2215 1367 2259 nun·

190 2337 285 2401 quam
310 2318 488 2402 periclitari
513 2317 616 2399 debet,
633 2317 665 2383 S.
685 2319 939 2382 Paenitentiaria
954 2318 1175 2384 vacationibus
1198 2324 1368 2383 autumna-

190 2444 274 2511 libus
290 2466 353 2510 non
371 2445 500 2520 fruitam
517 2450 549 2510 et
565 2446 641 2530 ipsis
659 2444 771 2510 diebus
792 2445 882 2509 lestis
901 2444 1014 2528 quibus
1030 2446 1092 2509 hoc
1112 2444 1195 2509 idem
1216 2443 1367 2510 Officium

189 2572 423 2655 conquiescit«
441 2575 549 2635 tamen
568 2571 595 2634 si
619 2574 734 2655 urgeat
756 2571 892 2636 alicuius
915 2570 1158 2655 dispensationis
1181 2570 1367 2643 necessitas,

193 2692 358 2760 Officiales
382 2690 509 2777 (nempe
534 2690 727 2776 Secrelarii)
749 2690 831 2755 adiri
848 2696 982 2776 possunt
998 2693 1148 2776 privatim
1172 2692 1205 2754 in
1229 2692 1294 2757 suis
1318 2690 1369 2754 do

192 2818 303 2891 mibus,
322 2822 374 2905 qul
391 2820 618 2905 postulantium
633 2837 748 2902 preces
765 2819 939 2902 excipiunt,
958 2817 1149 2902 eosdemque
1165 2818 1316 2903 dirigunt,
1335 2822 1370 2882 ut

191 2948 349 3027 quatenus
373 2964 451 3028 opus
474 2943 523 3015 sit,
544 2962 603 3026 pro
627 2942 867 3026 opportunitate
891 2943 1020 3025 negotia
1044 2942 1303 3027 expediantur»,
1324 2946 1370 3008 te·

193 3069 298 3130 statur
322 3064 479 3128 Avanzini
504 3064 590 3128 Acta
614 3063 647 3127 S.
674 3062 781 3138 Sedis
806 3064 834 3134 l,
860 3063 948 3145 App.
972 3063 1025 3143 Vl,
1047 3082 1083 3145 p.
1107 3064 1184 3128 126.
1209 3064 1371 3137 Quocirca

193 3186 244 3251 via
275 3192 354 3251 tunc
384 3190 471 3270 patet
500 3204 559 3269 per
587 3184 745 3248 blaiorem
777 3183 1067 3250 Paenitentiarium
1099 3184 1321 3270 expostulandi
1350 3205 1371 3249 a

193 3310 322 3376 Summo
354 3307 510 3373 Pontifice
543 3308 795 3393 dispensationes
827 3309 1011 3373 auctoritati
1041 3308 1137 3374 huius
1168 3308 1275 3375 Officii
1305 3331 1371 3375 nou

191 3436 412 3518 competentes
428 3434 484 3498 aul
499 3432 530 3498 S.
547 3431 699 3496 Datariae
718 3433 878 3515 privative
900 3437 1128 3517 competentes,
1145 3433 1272 3517 quando
1287 3435 1371 3501 haec

193 3574 257 3619 non
288 3560 372 3641 agat,
397 3554 457 3619 clr.
482 3555 567 3619 Acta
597 3554 630 3619 S.
658 3552 764 3629 Sedit,
790 3554 838 3629 Il,
859 3574 941 3640 paq.
966 3554 1024 3619 62.
1049 3556 1130 3619 Item
1163 3562 1292 3619 cautum
1322 3561 1372 3621 est

193 3685 227 3746 ut
244 3680 275 3745 S.
293 3680 558 3753 Paenitentiaria,
584 3680 617 3742 in
641 3698 698 3744 suo
722 3699 868 3750 munere,
890 3679 972 3743 Sede
996 3680 1143 3744 Vacante
1166 3699 1231 3742 non
1254 3684 1370 3752 taceat,

193 3810 225 3870 et
240 3807 268 3870 si
283 3807 436 3891 expirant
452 3806 520 3870 eius
536 3804 707 3869 facultates
722 3824 787 3887 pro
803 3803 882 3886 foro
899 3810 1049 3876 catana,
1064 3805 1259 3867 econtrario
1273 3823 1372 3887 usque

191 3928 304 4014 vigent
331 3930 399 3993 eius
426 3926 598 3994 facultates
621 3945 688 4009 pro
716 3925 793 4008 foro
821 3926 973 4001 interno,
1000 3927 1063 3989 imo
1091 3926 1309 3992 extenduntur
1332 3925 1373 3991 ad

193 4070 288 4115 casus
312 4053 408 4115 eliam
432 4056 603 4134 exceptos3
629 4071 671 4114 ex
695 4051 801 4116 Gonst.
827 4049 952 4114 Pastor
975 4050 1100 4122 Bonas,
1124 4049 1168 4131 ἓξ
1191 4050 1243 4125 51,
1267 4050 1327 4116 52.

285 4176 412 4261 Regula
441 4176 604 4261 generalis
635 4180 700 4247 est,
733 4194 848 4259 nempe
873 4173 1158 4238 Paenitentiariam
1186 4173 1374 4260 dispensare

194 4305 319 4369 tantum
335 4303 368 4365 in
385 4302 519 4367 occultis
542 4300 777 4387 impedimentis
800 4318 861 4385 pro
885 4300 957 4363 faro
981 4300 1206 4372 conscientiae,
1224 4302 1298 4383 quia
1316 4302 1375 4365 Da·

193 4427 279 4491 taria
301 4424 466 4511 dispensat
488 4446 547 4510 pra
572 4425 644 4489 soro
668 4428 820 4498 exteram
845 4427 879 4487 at
902 4424 973 4488 iure
996 4423 1152 4488 hodierno
1175 4424 1323 4509 exceptio
1338 4422 1376 4492 fit
