3292 5109
461 304 505 351 on
529 303 668 353 runicus
691 302 957 353 nconnsusrrcm
1252 285 1296 348 77

124 444 183 489 non
204 425 245 491 ad
269 427 498 513 proterendam
525 429 718 493 sententiam
742 427 923 493 iudicialem
945 426 1003 493 sed
1025 427 1066 492 ad
1087 434 1198 493 votum
1222 447 1315 496 coa.

124 552 278 618 ruiturum
301 552 459 619 edendum
482 574 541 639 pro
564 573 678 619 norma
700 554 836 619 alterius
858 553 979 619 iudicis.
1005 555 1154 620 lamvero
1182 574 1296 641 proce-

126 674 213 741 dendi
248 679 333 745 ratio
369 678 480 743 eadem
508 686 556 745 est
586 699 626 744 ac
657 679 728 759 illa„
746 698 830 764 quae
853 684 1005 744 servatur
1026 680 1060 743 in
1088 677 1298 764 expediendis

125 799 245 877 litibus;
270 802 397 868 scilicet
418 809 527 870 votum
551 806 707 869 emittitur
730 824 750 869 a
773 802 911 889 quodam
935 808 1036 869 turno
1062 802 1169 867 Rotali
1193 807 1226 868 et
1248 802 1297 868 di-

125 926 258 1011 sputatio
280 931 433 993 versatur
467 929 555 993 circa
589 926 718 993 dubium
754 947 899 1013 congrue
933 946 953 991 a
989 927 1135 991 Ponente
1165 945 1299 992 concor·

125 1044 237 1111 datum.
264 1047 382 1130 Aliqua
397 1054 504 1113 tamon
520 1055 570 1115 est
590 1046 782 1121 differentia,
807 1049 883 1133 quia
907 1047 1052 1115 Relatori
1076 1067 1133 1113 seu
1151 1046 1298 1112 Auditori

125 1174 261 1239 Ponenti
296 1176 449 1260 competit
482 1176 589 1256 etiam,
621 1196 663 1240 ex
694 1158 821 1241 vetusto
853 1173 948 1261 stylo,
972 1170 1162 1259 suffragium
1197 1174 1298 1239 lerre.

125 1297 224 1372 Quum
249 1304 368 1372 autem,
386 1298 471 1363 edito
492 1304 578 1374 voto,
594 1299 701 1365 nullus
723 1299 808 1365 adsit
831 1297 1061 1379 contradictor,
1075 1300 1183 1383 prouti
1205 1295 1242 1362 fit
1265 1298 1298 1362 in

124 1426 223 1491 causis
249 1426 469 1499 contentiosis,
486 1426 562 1490 hinc
577 1424 711 1511 prolatis
735 1421 907 1509 suffragiis,
922 1424 1052 1488 Ponens
1067 1424 1148 1509 petit
1168 1425 1299 1488 veniam

124 1548 314 1635 expediendi
338 1551 500 1633 negotium
536 1570 593 1615 seu
627 1548 785 1614 exarandi
814 1550 1006 1633 rescriptum
1031 1542 1297 1617 consultationis.

123 1670 313 1743 tradendum
345 1671 441 1737 iudici
472 1672 524 1756 qui
555 1652 773 1757 praestolatur
803 1675 913 1735 votum
937 1670 1040 1735 Rotae
1071 1668 1296 1735 consultivum.

125 1792 312 1859 Huiusmodi
341 1796 533 1878 rescriptum
560 1813 580 1857 a
608 1794 754 1858 Ponente
790 1792 1005 1878 subscriptum
1040 1794 1185 1857 continet
1214 1791 1299 1857 deci·

123 1922 245 1986 sionem
262 1925 296 1985 et
318 1921 382 1987 hac
396 1920 536 1986 formula
559 1920 772 1988 concluditur:
791 1920 965 1987 «Domini
986 1940 1033 1987 eor
1054 1918 1245 1988 rationibus
1263 1919 1302 1983 in

124 2065 230 2129 suipra
249 2047 390 2129 scripta.
402 2096 409 2111 .
420 2096 446 2111 ..
462 2045 540 2131 (vel)
555 2045 814 2129 suprascriptis
830 2044 1055 2111 decisionibus
1070 2042 1109 2129 (si
1125 2045 1219 2129 plura
1235 2044 1303 2109 fue

124 2170 188 2235 rint
210 2167 321 2255 dubia)
343 2168 486 2253 fumat
507 2169 545 2235 ia
566 2174 641 2237 coto
724 2191 753 2235 r.

211 2294 265 2359 78.
292 2292 418 2379 Stylum
444 2292 505 2358 sibi
538 2294 704 2378 proprium
732 2292 844 2358 habuit
871 2293 972 2366 Rota,
994 2310 1017 2355 a
1040 2292 1111 2356 iure
1139 2292 1299 2356 communi

124 2418 274 2490 alienum,
289 2417 321 2481 in
335 2415 540 2482 decernenda
554 2436 770 2502 expensarum
782 2416 977 2481 iudicialium
993 2416 1270 2481 condemnatione.
1281 2448 1301 2462 -

127 2537 298 2622 Siquidem,
316 2538 361 2602 uti
378 2537 609 2622 explicavimus
625 2556 684 2602 suo
700 2536 772 2601 loco
788 2536 865 2619 (vol.
882 2536 907 2608 Ι,
924 2557 956 2601 n.
970 2535 1036 2601 668
1052 2534 1143 2619 seq.);
1160 2554 1203 2599 ex
1218 2554 1303 2599 com·

125 2660 210 2725 muni
226 2662 299 2725 iure
315 2679 479 2745 expensae
494 2657 660 2725 iudiciales
672 2679 728 2725 seu
743 2658 808 2723 litis
823 2656 865 2722 ab
876 2678 915 2721 eo
931 2660 1007 2723 sunt
1021 2657 1194 2723 solvendae
1207 2676 1302 2740 quem

124 2790 245 2851 temore
276 2785 420 2869 litigasse
450 2781 693 2867 comprobatur;
717 2780 925 2866 quamobrem
947 2783 981 2845 in
1005 2765 1164 2867 expensas
1188 2782 1302 2847 cunde-

126 2910 244 2974 mnatio
271 2912 323 2974 est
351 2926 457 2992 poena
485 2912 609 2974 temere
639 2906 805 2992 litigantis.
831 2906 884 2969 Ex
906 2904 1043 2970 adverso
1077 2904 1162 2991 apud
1186 2906 1303 2970 Rotam

127 3036 260 3102 invaluit
271 3034 396 3121 regula,
410 3031 645 3099 condemnandi
660 3034 694 3101 in
709 3050 869 3118 expensas
884 3034 1014 3105 victum,
1027 3033 1103 3116 quin
1119 3032 1304 3115 inquiratur

127 3180 166 3225 an
188 3166 315 3229 temere
337 3159 392 3225 vel
417 3157 594 3245 prudenter
615 3156 803 3243 litigaverit.
822 3190 840 3205 -
859 3177 877 3219 c
895 3156 927 3223 S.
944 3156 1029 3222 Rota
1051 3152 1109 3241 (ait
1132 3156 1179 3221 De
1201 3156 1302 3229 Luca,

127 3303 177 3367 op.
201 3284 267 3359 cit,
291 3284 381 3350 Disc.
406 3281 465 3363 32,
489 3302 523 3347 u.
539 3278 620 3369 103)
645 3278 838 3345 condemnat
860 3300 990 3367 semper
1012 3280 1045 3344 in
1070 3298 1230 3363 expensas
1252 3280 1303 3344 vi·

126 3416 210 3477 ctum
239 3431 308 3476 non
342 3408 539 3475 reflectendo
561 3408 603 3474 ad
626 3407 874 3489 distinctionem,
888 3426 971 3492 qnae
993 3407 1133 3493 desuper
1154 3426 1214 3493 per
1236 3407 1303 3472 DD.

125 3534 266 3601 traditur
280 3534 498 3599 inter-iustam
512 3536 546 3597 et
559 3531 710 3596 iniustam
727 3550 859 3595 causam
874 3528 1030 3616 litigandi.
1048 3530 1182 3615 isteque
1196 3529 1304 3615 stylus

125 3656 260 3723 videm
281 3656 320 3721 in
342 3654 442 3723 curio
462 3654 642 3741 generalis.
672 3652 797 3719 Verum
821 3672 887 3717 non
911 3672 1023 3718 omnes
1045 3671 1209 3738 expensae
1231 3649 1305 3718 refi-

127 3782 255 3847 ciuntur
278 3780 339 3844 nisi
363 3779 467 3861 vivae,
484 3785 711 3866 praeterquam
734 3780 768 3845 in
792 3779 892 3843 certis
914 3776 1050 3850 casibus,
1067 3777 1151 3874 utin
1168 3795 1305 3841 anama-

126 3874 423 3967 tcn'a'iudiciorum
447 3900 633 3966 advertit».
658 3938 677 3949 -
700 3900 869 3965 Articulus
895 3900 976 3966 Cod.
1004 3898 1106 3987 ἄνερ.
1125 3898 1210 3963 1174
1229 3898 1306 3964 huic

127 4027 220 4111 praxi
244 4030 294 4092 cst
317 4024 503 4091 conformis.

214 4150 268 4217 79.
293 4149 416 4217 Omnes
439 4150 682 4216 controversiae
705 4147 846 4213 iudiciali
870 4148 1032 4213 sententia
1054 4142 1255 4212 definiendae
1271 4146 1305 4210 in

133 4269 213 4340 Rota
241 4272 301 4339 sub
331 4272 472 4337 formula
500 4270 587 4337 dubii
617 4271 831 4357 disputantur,
854 4270 901 4337 uti
931 4270 996 4333 iam
1018 4269 1197 4335 retulimus.
1223 4268 1307 4333 Non·

134 4396 217 4463 nulla
229 4418 311 4466 vero
327 4399 520 4464 exoriuntur
535 4398 665 4483 negotia
687 4393 864 4461 nullimode
886 4393 1146 4480 praeseferentia
1163 4392 1305 4458 indolem
