3292 5109
310 262 355 328 72
393 238 397 251 ⁸
579 216 582 223 Ι
829 283 913 331 rins
937 282 973 330 lt.

274 494 276 499 Ι
308 400 436 477 diaulia,
449 407 598 468 votorum
610 404 757 488 paritate.
769 408 849 469 tunc
861 402 998 469 dabatur
1009 402 1176 469 decretum
1187 404 1301 471 videat
1317 405 1372 471 5¹⁴·
1386 410 1418 471 et
1434 405 1487 471 6¹⁴⁸

308 550 366 595 seu
388 530 445 595 alii
467 528 529 595 duo
554 528 726 596 Auditores
750 530 803 613 qui
827 548 847 592 a
873 531 973 596 loeva
1003 529 1117 596 sedent
1139 530 1242 596 ultimi
1267 529 1432 597 Auditoris
1446 530 1484 595 in

310 656 411 719 turno
429 652 663 739 comprehensi.
679 653 785 718 Nihilo
801 652 907 719 secius
922 652 1060 718 ulterius
1071 659 1219 718 votorum
1235 654 1357 739 paritas
1373 652 1488 718 haberi

309 782 452 863 poterat;
476 798 578 862 quare
597 798 637 843 ne
653 780 686 843 in
702 780 834 865 longum
849 780 944 845 nimis
961 778 1102 845 delinitio
1117 782 1368 865 protraheretur
1385 782 1487 845 Bene-

310 901 415 968 dictus
429 904 512 969 XIV
529 903 636 969 (lonst.
653 904 806 969 iustitiae
821 910 854 970 et
867 905 974 987 pacis,
991 908 1103 972 statuit
1118 912 1153 971 ut
1171 907 1334 989 septimus
1350 905 1488 971 Auditor

311 1032 412 1095 turno
436 1026 642 1100 adiceretur,
668 1027 878 1094 rescribendo
909 1027 1040 1095 videant
1068 1030 1129 1103 5¹¹³,
1154 1030 1205 1095 6¹¹⁸
1228 1034 1263 1095 et
1284 1031 1345 1094 7¹¹⁸.
1372 1064 1390 1078 -
1420 1029 1489 1095 Gle-

310 1168 402 1214 mens
418 1148 500 1214 Xlll
527 1150 559 1213 in
582 1148 698 1213 litteris
714 1167 732 1213 e
747 1155 842 1215 motu
852 1151 1000 1233 proprio
1022 1171 1040 1213 ‹
1058 1152 1114 1217 Eoo
1132 1156 1236 1233 porte
1254 1152 1393 1237 Ooiiepii
1408 1150 1487 1217 dite

310 1277 442 1339 ciorum
456 1294 473 1336 r
486 1273 652 1356 antiquum
668 1292 790 1339 morem
809 1275 957 1347 restituit,
974 1279 1119 1341 statuens
1135 1278 1167 1339 in
1183 1278 1323 1360 paritate
1338 1280 1489 1341 votorum

311 1396 518 1464 Auditoribus
534 1394 779 1482 relinquendam
796 1418 868 1465 esse
891 1399 1138 1467 sollicitudinem
1152 1400 1242 1467 litem
1266 1402 1404 1486 denique
1428 1421 1489 1467 ex-

309 1524 468 1610 pediendi.
495 1560 512 1573 -
539 1524 648 1591 Codex
678 1544 757 1591 vero
788 1526 843 1591 cit.
869 1527 1019 1613 Gregorii
1051 1526 1133 1593 XVI
1166 1526 1300 1592 resolvit
1324 1529 1489 1611 quaestio·

311 1669 385 1717 nem
409 1649 631 1716 constituendo
651 1652 715 1715 ari.
732 1649 816 1717 325:
838 1672 857 1713 ‹
874 1650 997 1717 Omnes
1020 1672 1145 1718 causae
1158 1652 1229 1718 eive
1247 1652 1396 1718 maiores
1419 1653 1492 1719 sive

310 1774 461 1841 minores
491 1771 733 1839 iudicabuntur
755 1773 792 1837 in
815 1779 917 1839 turico
941 1790 1092 1847 oumoun
1117 1794 1271 1848 iunicum,
1296 1774 1380 1841 inihi
1403 1793 1492 1842 com·

308 1898 477 1980 prehenso
501 1898 661 1970 Portenta,
679 1898 738 1982 poi
761 1897 825 1963 erit
859 1917 984 1964 causae
1009 1896 1151 1965 Reiotor
1172 1904 1206 1965 et
1230 1919 1328 1963 suu-m
1359 1898 1493 1965 habebit

311 2029 426 2092 votum
442 2046 460 2085 ›
476 2022 532 2110 (l).
557 2022 666 2099 Quare
683 2023 736 2088 hic
759 2029 902 2088 mutatur
926 2026 1037 2089 intima
1059 2025 1243 2089 constitutio
1259 2030 1441 2091 tumorum
1458 2028 1493 2089 et

312 2148 491 2212 consulitur
514 2152 549 2211 nt
571 2166 732 2229 nunquam
765 2145 924 2211 habeatur
954 2150 1075 2231 paritas
1098 2152 1264 2221 votorum;
1296 2166 1398 2230 qnare
1425 2166 1492 2211 non

313 2273 449 2358 amplius
483 2274 536 2337 alii
568 2270 741 2337 Auditores
769 2273 802 2334 in
830 2291 966 2335 numero
997 2274 1066 2357 pari
1099 2272 1151 2337 vel
1186 2242 1305 2357 dispari
1336 2273 1494 2339 advocari

214 2370 216 2373 Ι
314 2392 452 2459 debeant
469 2392 511 2458 ad
531 2394 749 2478 quaestionem
766 2388 989 2457 definiendam.
1006 2430 1025 2440 -
1042 2394 1234 2477 Antiquiore
1248 2394 1334 2479 stylo
1353 2395 1494 2461 Ponenti

314 2539 378 2584 non
409 2518 647 2584 concedebatur
669 2520 918 2604 votumquippe
942 2520 972 2583 ei
995 2518 1181 2585 attributum
1213 2525 1285 2585 erat
1307 2541 1424 2585 munus
1447 2522 1495 2586 in·

312 2647 483 2713 structoris
514 2664 648 2717 causae,
674 2642 730 2709 sed
761 2645 823 2709 iam
849 2646 895 2709 De
918 2644 1016 2715 Luca,
1042 2645 1236 2718 i.c.,rc.811
1259 2646 1492 2720 adnotaverat.

312 2768 375 2834 hoc
387 2770 600 2852 incongruum
613 2767 726 2847 videri,
739 2772 771 2833 et
783 2770 883 2833 satius
898 2786 978 2840 esse.
991 2788 1012 2831 a
1024 2768 1172 2833 Ponente
1184 2774 1292 2834 votum
1305 2774 1493 2855 exquirere.

400 3012 441 3085 (l)
461 3014 600 3085 Antiquos
618 3029 686 3080 mos,
699 3013 764 3066 deta
778 3029 871 3083 opera,
884 3013 1000 3078 nolebat
1015 3014 1122 3069 evitare
1142 3016 1290 3083 paritatem
1310 3020 1448 3081 votorum,
1462 3020 1496 3069 ut

312 3122 437 3177 definitio
457 3121 572 3176 haberet
591 3121 741 3185 maturi0r3
754 3126 783 3176 et
796 3138 832 3175 nc
845 3122 880 3175 ab
894 3122 976 3175 unius
989 3126 1099 3175 tantum
1117 3122 1251 3192 suffragio
1269 3122 1373 3177 decisio
1391 3139 1496 3178 caiisae

311 3225 452 3295 penderet.
481 3225 534 3280 Sed
561 3224 661 3278 exinde
687 3223 770 3277 nimis
799 3222 1015 3293 protrahebatur
1035 3224 1170 3287 definitio,
1190 3230 1219 3278 et
1243 3223 1296 3278 boe
1315 3225 1495 3279 devitandum

312 3339 380 3390 erat
401 3333 476 3388 Haec
496 3348 568 3386 nova
589 3331 771 3400 praescriptio
791 3329 855 3384 (iod
876 3329 958 3399 Greg.
978 3330 1106 3388 intimius
1124 3331 1242 3384 mutavit
1260 3330 1494 3385 constitutionem

313 3442 463 3497 tribunalis
479 3442 573 3507 Rotae,
585 3440 686 3511 quippo
705 3438 821 3508 quisque
841 3448 943 3491 turnus
960 3437 1118 3492 ooalescens
1136 3438 1259 3509 quinque
1278 3439 1423 3503 indicibus,
1439 3452 1497 3494 non

315 3548 458 3604 habentur'
472 3553 529 3603 tres
547 3550 624 3601 turni
642 3563 677 3601 ex
697 3546 774 3601 novis
792 3545 940 3613 iudicibus,
952 3546 992 3599 uti
1011 3555 1096 3601 antea
1119 3544 1303 3600 habebantur.
1326 3546 1399 3599 Olim
1419 3547 1497 3601 enim

315 3656 426 3709 Ponens
454 3670 508 3708 non
537 3651 642 3708 babens
666 3654 762 3707 votum
787 3651 946 3721 eligebatur
965 3652 1081 3705 ultimus
1102 3651 1221 3707 Auditor
1245 3652 1273 3704 in
1300 3652 1391 3721 priore
1410 3661 1496 3705 turno

315 3762 447 3815 inclusus.
467 3788 481 3803 ·
501 3760 559 3814 Lex
583 3764 677 3815 antem
702 3758 766 3813 (lod.
786 3758 869 3827 Greg.
890 3758 1038 3827 respondet
1059 3758 1094 3812 iis
1118 3758 1430 3828 ordinationibusquae
1448 3758 1497 3813 da·

314 3872 477 3933 creverunt,
496 3866 522 3921 S.
542 3867 645 3921 Rotam
664 3884 719 3921 non
739 3866 871 3929 iudicare,
884 3881 939 3935 qua
961 3865 1084 3918 tribunal
1103 3866 1280 3919 ordinarium
1297 3868 1400 3936 absquo
1417 3882 1497 3919 com·

313 3978 454 4042 missione,
473 3976 525 4029 nisi
548 3979 578 4029 in
603 3978 696 4044 produ
724 3973 940 4043 appellationis;
966 3989 1022 4027 non
1047 3974 1157 4027 admitti
1185 3990 1252 4029 vero
1280 3985 1334 4029 art.
1353 3976 1416 4030 271
1440 3977 1497 4031 nisi

314 4084 428 4139 tertium
446 4054 561 4153 gradum
581 4080 793 4151 appellationis;
811 4096 861 4134 seu
874 4081 1044 4134 a‘aanteutia
1062 4096 1118 4134 non
1136 4080 1246 4135 nisibis
1263 4098 1312 4135 eeu
1324 4083 1425 4137 iterato
1443 4098 1497 4153 ap-

315 4186 422 4256 pellare
433 4188 476 4242 fas
488 4203 557 4242 esse.
569 4216 588 4227 -
599 4186 742 4248 Quatenus
754 4200 820 4240 vero
832 4184 956 4239 tribunal
970 4184 1059 4239 Rotae
1072 4183 1162 4238 adhuc
1174 4190 1217 4240 est
1229 4185 1353 4239 tribuual
1366 4195 1497 4241 extraor-

314 4296 460 4351 dinarium
476 4297 539 4367 (ari.
559 4300 602 4353 eit.
615 4298 700 4365 327i,
711 4314 755 4352 res
768 4295 870 4366 pendet
888 4311 905 4348 a
923 4298 1020 4349 tenore
1039 4294 1240 4349 commissionis
1255 4311 1304 4351 sen
1317 4313 1335 4349 a
1346 4294 1495 4352 voluntate

317 4398 445 4471 Snpremi
465 4400 610 4472 Principis.
