3292 5109
479 300 524 347 uu
547 299 687 347 marcus
710 300 975 348 accaasmsrrcrs
1262 280 1328 347 297

146 422 303 487 cellariae
333 424 551 509 praescriptis.
584 422 693 499 Quare
715 424 802 491 inter
825 424 991 491 Dotar'iuc
1014 422 1180 490 Officiales
1211 442 1328 489 receu-

147 552 239 612 setur
261 546 385 612 adhuc:
415 546 578 613 Sotttore
605 548 692 613 delle
721 547 817 615 Belle
850 547 888 613 in
915 548 974 615 via
1003 554 1147 634 secretu.
1178 548 1225 613 Ne
1247 567 1329 611 vero

146 692 260 738 eorum
294 673 401 738 forma
423 678 456 737 et
478 674 750 759 praescriptiones
785 679 923 757 peccent
955 672 1087 738 aliunde
1109 674 1142 737 in
1166 674 1215 737 ius
1238 692 1327 737 com·

149 820 245 865 mune
269 804 302 864 et
326 801 357 863 in
382 801 455 865 iura
477 800 710 872 cancellariae,
729 802 882 867 revisioui
906 802 1075 868 subiacent
1092 798 1201 867 Officii
1226 800 1328 867 Sum-

148 922 268 991 mictuc
283 926 316 989 in
333 924 544 991 cancellaria.
571 927 629 1007 lta,
647 946 698 990 ex.
715 946 777 1011 gn,
796 924 1013 1011 expediuntur
1035 925 1142 991 bullae
1166 946 1226 1010 pro
1250 925 1328 1011 Epi-

148 1044 331 1131 scopatibus
354 1046 557 1113 titularibus.

237 1170 314 1237 245.
341 1174 473 1239 Demum
497 1172 561 1237 alia
583 1172 640 1239 via
664 1172 878 1259 expeditionis
901 1170 1031 1257 estfoia
1053 1174 1096 1240 de
1115 1174 1231 1240 caria.
1256 1172 1328 1238 Hae

148 1298 200 1361 via
224 1298 442 1383 expediuntur
464 1319 521 1363 seu
545 1304 641 1365 extra
659 1300 911 1367 Cancettariam
927 1305 960 1365 et
977 1302 1159 1367 cumeram
1183 1301 1328 1367 Litterae

149 1422 354 1507 Apostolicae
377 1442 476 1507 super
498 1421 637 1487 decretis
653 1427 686 1487 et
706 1424 834 1489 statutis
857 1443 916 1507 pro
932 1423 1016 1488 bono
1033 1422 1183 1489 dominici
1206 1425 1326 1510 gregim

147 1520 260 1632 quales
290 1553 365 1613 sunt
396 1548 510 1613 Bullae
536 1547 735 1634 dogmaticae
762 1548 1015 1615 condemnantes
1044 1569 1176 1615 errores
1207 1548 1327 1615 doctri·

149 1672 249 1745 cales,
274 1692 383 1759 opera,
408 1674 553 1738 instituta
576 1692 691 1757 prava,
716 1678 821 1738 sectas
845 1681 879 1737 et
902 1673 1031 1738 illicitas
1053 1674 1325 1750 consociationes3

149 1797 263 1863 Brdlae
293 1797 551 1864 canonizationis
581 1797 791 1877 Sanctorum,
822 1797 936 1862 Bullae
966 1798 1153 1883 regularum
1184 1796 1326 1882 discipli-

149 1923 275 1987 narium
302 1942 361 2007 pro
384 1926 450 1987 toto
474 1923 668 2007 Episcopatu
691 1921 856 1987 Catholico
879 1923 932 1988 vel
955 1943 1015 2009 pro
1040 1923 1236 2008 Episcopatu
1258 1928 1327 1987 tan·

147 2050 215 2111 tum
238 2047 374 2113 alicuius
406 2048 545 2115 nationis
578 2052 638 2112 etc.
675 2084 693 2095 -
730 2046 894 2127 Diximus,
930 2048 1007 2113 istas
1041 2046 1152 2111 Bullas
1179 2046 1327 2131 expediri

149 2178 245 2239 extra
280 2172 513 2238 cancellariam
549 2178 583 2237 et
617 2173 802 2245 cameram,
835 2174 910 2256 quta
940 2172 1057 2236 harum
1092 2169 1260 2238 Officiales
1293 2172 1327 2235 in

148 2296 335 2362 earumdem
368 2295 572 2383 expeditione
604 2301 730 2381 partem
760 2316 825 2361 non
849 2294 979 2361 habeut.
1009 2296 1134 2361 Verum
1157 2297 1191 2359 in
1215 2295 1328 2361 Secre
1391 2302 1399 2315 “

148 2422 232 2487 teria
248 2422 400 2485 Brevium
416 2420 623 2487 Secretorum
647 2440 758 2485 omnes
775 2419 889 2484 Bullae
912 2418 1132 2505 expediendae
1151 2438 1219 2502 per
1233 2420 1327 2484 viam

148 2546 188 2613 de
207 2546 314 2613 curia
339 2546 558 2631 registrantur
574 2552 607 2613 et
630 2548 663 2610 in
688 2545 845 2611 Archivio
868 2545 1010 2610 eiusdem
1026 2545 1231 2611 Secretariae
1253 2550 1327 2611 acta

148 2690 205 2736 seu
229 2664 370 2757 registra
399 2674 582 2736 servantur.
615 2671 736 2735 Tamen
765 2691 826 2755 pro
848 2670 961 2736 iisdem
986 2670 1088 2735 Bullis
1118 2670 1327 2755 expediendis

147 2796 205 2861 sub
228 2798 422 2861 auctoritate
445 2795 626 2863 cardinalis
640 2796 852 2860 .Prollatarii
879 2796 1043 2861 constituti
1070 2800 1144 2861 sunt
1178 2795 1326 2860 nonnulli

148 2918 315 2987 Officiales
338 2922 428 3005 quasi
456 2920 598 2986 adiuncti
621 2920 772 2985 Datariae
795 2926 829 2985 et
850 2920 944 2985 dicti:
972 2918 1114 3004 Officiuti
1137 2920 1228 2985 detta
1250 2940 1326 3003 spe-

146 3046 283 3113 diaioae
302 3066 369 3129 per
392 3048 427 3112 tu
450 3046 506 3113 oia
529 3046 749 3113 denominata
773 3046 815 3112 de
842 3045 958 3112 curto.

237 3170 313 3237 246.
338 3170 482 3255 Denique
506 3174 541 3235 ut
564 3170 732 3235 Bullarum
756 3166 954 3235 differentias
977 3188 1220 3255 prosequamur,
1244 3170 1326 3235 istae

147 3294 424 3379 praetereamus
457 3295 531 3361 nias
565 3294 679 3379 quibus
714 3292 947 3379 expediuntur,
972 3289 1125 3359 differunt
1155 3314 1197 3357 ex
1219 3294 1327 3361 uariis

144 3418 270 3501 fonnis
293 3419 406 3502 quibus
430 3420 665 3504 concipiuntur.
691 3418 805 3484 Bullae
828 3420 913 3484 euim
937 3424 1027 3485 suut:

284 3542 316 3627 l)
339 3542 515 3627 informa
544 3545 699 3631 pretiosa
729 3564 811 3628 quae
848 3545 1064 3630 expediuntur
1086 3566 1146 3631 pro
1169 3544 1327 3612 beneflcio

148 3667 211 3732 iam
235 3668 331 3753 plene
355 3668 472 3733 collato
496 3674 529 3733 et
551 3670 631 3734 istae
655 3669 878 3734 inscribuntur
900 3671 959 3755 ipsi
983 3668 1208 3747 beneficiari0;

282 3793 316 3878 2)
340 3793 468 3859 suntin
489 3794 607 3877 somna
622 3796 776 3881 pretiosa
797 3795 905 3862 tribus
920 3795 1088 3862 iudicibus
1111 3817 1192 3880 quae
1216 3798 1328 3862 iuscri-

147 3914 269 3983 buntur
298 3917 402 3983 tribus
432 3917 661 3983 executoribus
689 3924 724 3983 ut
758 3919 819 4004 ipsi
842 3920 876 3985 in
898 3921 1132 4005 possessionem
1156 3922 1328 3987 immittant

147 4062 329 4127 provisum3

282 4168 315 4252 3)
339 4172 413 4233 sunt
428 4166 465 4232 ia
486 4168 603 4251 forma
626 4136 770 4256 dipaum
786 4188 869 4253 quae
883 4170 1042 4255 incipiunt
1056 4171 1158 4236 verbo
1174 4171 1328 4260 Dipnum

146 4295 180 4355 et
202 4294 374 4357 mittuntur
397 4293 557 4378 Episcopo
586 4313 659 4358 cum
683 4290 839 4358 facultate
870 4294 1060 4360 conferendi
1083 4304 1209 4362 certum
1233 4296 1327 4363 bene·

147 4412 255 4483 ficium
278 4416 399 4483 clerico
423 4418 542 4483 eximie
564 4418 700 4504 probato
719 4422 776 4484 aut
794 4418 924 4484 aliunde
946 4419 1100 4485 eiusmodi
1123 4424 1251 4487 muneri
1274 4424 1327 4489 ad·
