3292 5109
506 304 550 351 nu
575 302 1003 352 1un1ouseccnus1asrrcrs
1290 290 1353 357 au

263 426 389 493 Verum
413 426 443 493 S.
469 427 588 492 Doctor
611 429 696 490 inter
718 428 884 511 opiniones
914 446 993 510 quas
1021 446 1092 491 esse
1122 426 1352 496 reformandas

168 546 351 613 arbitratus
373 553 431 629 est,
448 552 597 613 recenset
621 549 716 612 etiam
741 547 959 631 quaestionem
975 543 1015 611 de
1030 549 1222 615 auctoritate
1246 550 1356 617 decla·

175 678 335 741 rationum
359 676 390 742 S.
408 675 717 762 Congregationum;
742 692 862 739 revera
884 674 917 737 in
942 674 1091 740 Elencbo
1110 674 1352 746 Quaestionum

173 800 454 884 reformatorum,
480 801 533 868 lib.
559 802 586 875 I,
610 822 644 867 n.
668 800 737 875 116,
762 799 919 866 habetur:
945 798 1132 870 «Quaeres
1154 796 1193 865 2⁰
1216 820 1265 866 an
1287 802 1355 868 de-

170 927 378 993 clarationes
395 924 428 991 S.
445 924 726 1013 Conprepalionis
741 925 980 993 Cardinaliam
994 925 1063 990 vim
1080 925 1163 1011 lepis
1179 922 1353 992 babeant?

172 1046 297 1115 Plures
319 1054 474 1114 unctores
495 1052 632 1133 negant,
656 1046 723 1113 nisi
745 1046 855 1113 editae
876 1047 945 1112 sint
966 1065 1037 1113 non
1060 1046 1171 1112 solnm
1198 1049 1352 1115 consulto

174 1172 346 1261 Pontifice,
363 1176 423 1241 sed
445 1175 547 1240 etiam
570 1173 757 1240 mandante
778 1178 816 1238 nt
838 1172 934 1255 ipsae
956 1174 1151 1239 solemniter
1163 1193 1229 1257 per
1245 1180 1350 1242 totam

176 1296 362 1363 Ecclesiam
372 1298 638 1382 promulgentur
650 1317 679 1359 ›.
696 1331 713 1343 -
726 1295 934 1361 Addcndnm
948 1300 1061 1361 tamen
1073 1296 1225 1381 estquod
1237 1298 1353 1364 baius·

171 1417 269 1483 allodi
291 1417 537 1484 declarationes
560 1437 649 1504 qaae
671 1418 743 1483 iam
766 1418 803 1483 in
828 1418 978 1484 Ecclesia
1008 1418 1248 1484 universaliter
1265 1438 1353 1503 pro·

173 1543 348 1628 malpatae
371 1547 402 1608 et
424 1542 619 1629 divulgatae
642 1562 746 1609 rnuro
767 1541 902 1625 fuerim
927 1562 992 1609 usn
1011 1544 1170 1626 plurium
1192 1544 1245 1611 uel
1267 1546 1355 1610 rela-

176 1668 265 1733 tione
277 1674 456 1735 anctorum
468 1670 692 1735 communiter
703 1670 797 1751 ipsas
809 1668 1043 1751 referentium,
1058 1669 1121 1734 bae
1136 1669 1218 1735 solis
1234 1688 1353 1736 omncs

170 1792 290 1875 sidetes
312 1791 525 1879 obstringant
539 1815 570 1857 ».
595 1794 638 1857 Et
652 1814 712 1879 per
726 1794 812 1859 hano
828 1793 1038 1859 additionem
1054 1793 1085 1858 S.
1104 1794 1224 1859 Doctor
1238 1792 1358 1859 adhae-

177 1932 252 1976 rens
275 1913 377 1999 magis
400 1915 508 1979 sensui
532 1919 564 1977 et
586 1915 682 1999 praxi
705 1914 866 1978 communi
893 1912 1034 1977 fidelium
1065 1934 1159 1997 quam
1190 1914 1354 1999 praeiudi·

174 2038 256 2101 catis
287 2036 525 2123 theologorum
557 2037 757 2124 opinionibus
788 2038 917 2123 attingit
946 2038 1127 2103 veritatem.
1160 2040 1215 2104 Ait
1247 2041 1354 2115 enim,

171 2159 258 2243 quod
281 2159 517 2225 declarationes
540 2160 571 2227 S.
589 2160 885 2246 Congregationum
908 2157 1020 2226 fideles
1043 2160 1249 2247 adstringunt
1264 2161 1352 2263 dumj

174 2280 268 2346 modo
292 2302 362 2347 esse
386 2282 595 2349 authenticas
618 2289 725 2369 pateat
748 2304 790 2348 ex
814 2284 975 2348 communi
1002 2283 1161 2350 relatione
1191 2282 1352 2362 fidelinm;

173 2414 208 2472 et
232 2408 274 2471 cle
295 2407 386 2489 facto
403 2410 467 2473 sint
489 2408 682 2493 divulgatae,
699 2426 756 2472 seu
771 2407 964 2472 devenerint
978 2407 1019 2471 ad
1034 2405 1176 2472 fidelium
1192 2410 1350 2474 notitiam.

172 2534 279 2609 Quum
304 2534 485 2620 expostulet
509 2534 540 2601 S.
557 2534 743 2619 Alpbonsus
759 2533 843 2617 quod
859 2534 930 2599 iam
944 2534 983 2597 in
998 2533 1149 2599 Ecclesia
1170 2533 1354 2601 nniversa-

171 2662 251 2726 lilcr
268 2662 512 2747 promulgatae
534 2665 565 2725 et
588 2660 783 2745 dionlpalae
804 2659 895 2743 sacto
918 2657 1059 2741 fuerint,
1083 2668 1149 2722 no'n
1173 2664 1279 2743 potest
1302 2661 1356 2723 in-

176 2786 277 2871 telligi
308 2786 369 2850 nisi
399 2784 439 2849 de
469 2785 610 2849 naturali
636 2784 722 2849 tacto
746 2783 1014 2870 promulgationis
1046 2789 1079 2847 et
1105 2782 1353 2869 divulgationis;

176 2928 250 2973 narn
274 2910 301 2974 si
324 2912 471 2995 exigeret
495 2909 578 2993 quod
601 2909 638 2973 in
657 2906 810 2974 Ecclesia
832 2907 1071 2974 uniuersaliter
1088 2909 1358 2994 promulgentur

174 3032 266 3095 iuxta
288 3031 427 3115 aliquam
451 3030 684 3096 solemnitatem
707 3030 794 3095 iaris
813 3029 960 3113 positivi,
985 3048 1050 3091 non
1074 3029 1257 3113 corrigeret
1280 3047 1357 3093 sen·

175 3159 309 3223 tentiam
333 3178 414 3241 quae
437 3158 506 3222 vult
524 3192 541 3205 -
558 3163 594 3221 al
617 3156 712 3239 ipsae
735 3154 931 3222 solemniter
949 3172 1016 3237 per
1040 3158 1144 3219 totam
1169 3153 1356 3219 Ecclesiam

170 3285 458 3369 promulgantem
483 3317 500 3330 -
526 3287 558 3346 et
585 3300 644 3366 per
674 3279 762 3345 iilum
793 3279 929 3345 verbum
959 3297 1064 3343 raoro
1088 3274 1259 3363 significat,
1283 3297 1350 3342 non

175 3570 241 3617 snut
259 3578 347 3617 novae
365 3561 442 3632 legas
460 3579 532 3632 quae
551 3561 677 3630 indigent
691 3576 762 3613 nova
780 3564 809 3613 et
827 3558 945 3613 solemni
959 3555 1191 3626 promulgatione,
1204 3570 1276 3624 quae
1289 3570 1354 3623 pro·

174 3672 313 3741 unilgatio
331 3687 387 3724 non
406 3670 517 3724 advenit
535 3668 771 3723 declarationibus
795 3666 821 3720 S.
841 3665 1098 3735 Congregationum
1120 3663 1310 3717 Cardinalium
1328 3678 1356 3719 a.

176 3788 215 3837 At
233 3782 256 3836 si
276 3780 433 3850 Legislator
452 3794 512 3853 run,
528 3794 561 3831 sn
581 3780 681 3847 potest,
695 3792 781 3847 quare
799 3791 855 3829 non
875 3774 979 3843 poterit
989 3790 1044 3844 per
1056 3772 1149 3825 alios?
1168 3770 1358 3824 Nihilominus

176 3890 235 3957 ipse
253 3887 420 3941 d'Annibaie
439 3887 467 3939 in
486 3884 538 3938 hac
558 3902 587 3938 re
601 3883 726 3953 graviter
737 3881 824 3935 salsus
837 3886 880 3937 est
891 3881 1024 3935 insistens
1036 3878 1214 3949 opinionibus
1227 3881 1356 3932 veterum

174 3993 394 4062 'theologorum
414 3992 454 4045 ait
472 3992 546 4046 enim
566 3988 600 4055 (Ι,
619 4008 645 4043 η.
661 3988 727 4054 184,
743 4005 770 4040 n.
786 3990 827 4055 5).
840 4001 858 4042 s(
872 3987 960 4040 Porro
979 3983 1159 4039 authenticae
1177 3987 1242 4036 sunt
1260 3997 1358 4035 omnes

175 4102 421 4171 interpretationes
439 4116 510 4169 quae
530 4099 634 4152 Romae
652 4097 789 4166 prodeunt
808 4113 825 4149 a
844 4094 870 4149 S.
892 4094 947 4148 Rit.
968 4092 1053 4162 Cong.
1074 4092 1103 4145 in
1130 4094 1219 4146 torma
1245 4090 1356 4145 Decreti

173 4212 205 4263 et
224 4224 287 4261 oum
306 4203 432 4260 clausula
450 4214 480 4258 ut
498 4213 679 4259 servemur...
693 4202 754 4256 Non
774 4202 927 4271 itemquae
945 4200 980 4253 ab
1000 4198 1064 4252 aliis
1077 4197 1124 4251 SS.
1138 4196 1276 4266 Congreg.
1290 4210 1358 4264 pro-

175 4315 275 4377 deunt3
293 4313 409 4383 ideoque
428 4328 483 4366 non
502 4309 606 4365 habent
625 4310 681 4363 vim
700 4307 781 4377 legis,
794 4307 847 4361 nisi
868 4306 901 4359 R.
914 4306 944 4359 P.
959 4305 1000 4359 eis
1016 4304 1194 4375 Apostolicue
1213 4302 1357 4371 firmitatis

175 4424 265 4476 robur
282 4420 417 4476 adiecerit
429 4436 455 4473 n.
