3292 5109
458 295 502 342 on
526 293 669 342 uomens
693 293 959 341 nocuusrnsrrois
1237 273 1302 340 123

120 419 244 486 scilicet
272 418 425 505 gratiae,
453 437 518 482 non
549 416 695 502 partibus
725 435 860 501 quarum
894 417 1031 482 interest
1062 413 1117 480 sed
1144 419 1299 482 executo-

119 542 207 608 ribus
231 542 358 608 dantur.
384 543 480 608 Ratio
504 538 706 606 differentiae
731 542 766 604 in
789 561 828 604 eo
853 545 910 612 est,
935 541 1009 624 quia
1034 540 1192 624 rescripta
1216 558 1300 626 gra·

119 667 259 733 itacius
289 667 415 732 iaciunt
443 667 626 752 singulare,
655 665 741 750 quod
771 665 835 732 loci
866 665 1076 732 Ordinarium
1100 665 1204 731 latore
1235 684 1300 730 non

116 792 227 867 debet;
254 793 330 858 dum
352 795 531 858 sententiae
554 792 720 858 iudiciales
743 812 808 857 non
832 791 1022 866 concedunt,
1041 811 1083 858 ex
1106 810 1151 872 se,
1168 789 1299 874 aliquod

116 916 165 978 ius
194 934 315 979 novum
349 914 406 980 sed
440 916 490 979 ius
524 913 694 980 declarant
723 918 757 978 et
786 915 1055 1000 interpretantur.
1089 914 1135 980 cf.
1167 912 1232 978 vol.
1263 913 1297 988 I,

117 1057 147 1100 n.
167 1036 245 1102 667.
270 1037 334 1103 Sed
356 1039 421 1102 iam
443 1037 652 1110 advertimus,
676 1057 741 1102 non
765 1037 866 1103 semel
892 1039 1009 1102 Patres
1033 1035 1222 1103 Cardinales
1245 1056 1298 1101 re·

116 1160 260 1224 scribere
275 1160 404 1227 -adctiro
429 1166 550 1234 meam,
578 1179 660 1245 quae
691 1160 793 1235 iubet,
818 1159 1027 1227 Ordinarium
1056 1157 1177 1224 debere
1207 1163 1301 1224 certa

116 1285 242 1371 ratione
264 1284 426 1350 moderari
448 1287 630 1352 sententiae
653 1287 896 1351 executionem:
920 1303 1023 1368 quare
1046 1287 1124 1348 tunc
1148 1302 1213 1348 non
1229 1301 1300 1368 per·

116 1405 222 1475 ficitur
247 1411 397 1475 executio
419 1411 481 1476 nisi
503 1411 572 1495 ipse
595 1428 687 1474 suam
711 1411 897 1494 interponat
918 1409 1155 1473 auctoritatem.

203 1532 237 1598 Si
250 1553 328 1618 pars
339 1536 426 1600 victa
440 1535 626 1618 acquiescat
640 1537 820 1600 sententiae
837 1539 869 1602 et
884 1538 998 1620 sponte
1010 1551 1045 1598 so
1058 1532 1214 1617 praebeat
1225 1549 1299 1596 exe

117 1656 245 1728 cutioni,
264 1675 328 1730 res,
345 1670 459 1743 suapte
474 1659 518 1732 vi,
535 1657 722 1732 absolvitur,
740 1663 774 1724 et
788 1659 919 1743 planum
936 1661 995 1723 est.
1014 1691 1032 1706 ·
1050 1657 1083 1722 Si
1099 1675 1179 1721 vero
1194 1657 1299 1722 victus

117 1782 254 1862 resistat,
270 1786 349 1846 tunc
370 1783 504 1849 victoris
527 1785 665 1849 interest
687 1783 728 1848 ab
752 1784 928 1851 Ordinario
951 1784 1015 1848 loci
1041 1780 1300 1867 expostularent

116 1908 308 1972 auctoritate
323 1927 391 1982 sua,
409 1910 554 1981 etiamri
578 1908 730 1983 adhibita,
748 1910 941 1974 sententiam
958 1908 1087 1974 mandet
1103 1907 1298 1973 executioni.

201 2030 255 2095 Ad
272 2030 478 2098 obtinendam
501 2038 646 2099 coactam
669 2036 852 2098 sententiae
868 2033 1104 2106 executionem,
1122 2031 1299 2100 Ordinario

116 2157 348 2242 porrigendum
364 2163 414 2227 est
427 2160 648 2226 authenticum
665 2160 870 2246 rescriptum;
884 2161 979 2244 quod,
997 2166 1152 2234 ceterum,
1170 2159 1301 2247 semper

116 2279 245 2363 expedit
269 2280 303 2344 in
331 2281 428 2345 Curia
455 2280 618 2366 proferre,
645 2287 682 2347 ut
706 2283 887 2346 sententiae
917 2283 1111 2367 rescriptum
1139 2283 1299 2368 originale

118 2409 172 2468 aut
187 2401 358 2488 exemplar
372 2405 596 2472 authenticum
610 2423 668 2469 seu
684 2425 744 2490 per
759 2425 874 2473 manus
890 2405 1084 2472 cancellarii
1102 2404 1298 2488 coniectum,

115 2527 145 2588 in
164 2524 327 2592 Archivio
343 2527 461 2593 Curiae
475 2534 689 2594 conservetur
711 2528 752 2594 ad
776 2535 967 2615 perpetuam
983 2532 1032 2595 rei
1053 2531 1252 2596 memoriam.

200 2648 249 2713 At
270 2668 336 2713 non
366 2649 539 2735 expeditur
560 2671 580 2715 a
603 2651 863 2737 Congregatione
893 2653 1073 2717 sententiae
1103 2654 1297 2736 rescriptum

114 2776 173 2840 nisi
188 2778 353 2843 sententia
368 2780 597 2862 pertransierit
611 2780 645 2842 in
660 2799 731 2842 rem
747 2779 936 2854 iudicatam
953 2799 1035 2864 quae
1052 2777 1223 2864 impeditur
1238 2798 1298 2863 per

114 2899 362 2985 appellationem
393 2902 538 2988 legitimo
559 2908 706 2988 tempore
734 2903 958 2988 interpositam
985 2923 1043 2968 seu
1075 2903 1161 2967 intra
1184 2901 1298 2966 decen·

114 3025 198 3090 dium
221 3030 259 3090 et
281 3032 481 3111 acceptatam
505 3047 565 3112 per
587 3029 829 3094 concessionem
854 3025 1005 3126 beneficii
1027 3047 1137 3094 novae
1157 3027 1298 3094 audien·

114 3148 187 3215 uae.
204 3149 257 3214 cf.
273 3151 336 3215 vol.
353 3151 379 3225 l,
403 3171 435 3216 n.
453 3151 530 3217 655.
548 3185 566 3200 -
589 3152 660 3217 Non
683 3149 873 3216 conceditur
889 3156 996 3218 autem
1019 3151 1082 3216 hoc
1105 3148 1297 3216 beneficium

114 3275 172 3338 nisi
195 3258 346 3340 noouet
364 3277 530 3361 praviora
552 3281 691 3361 urgeant
713 3275 779 3342 litis
799 3281 1001 3361 argumenta,
1019 3275 1143 3358 quoties
1166 3294 1298 3360 respon·

114 3400 194 3465 sioni
215 3399 349 3466 additur
371 3406 402 3466 ct
425 3401 576 3482 amplius
598 3419 654 3466 seu
670 3398 823 3482 amplius
847 3418 952 3467 causa
975 3419 1045 3466 non
1068 3405 1296 3484 proponatur.

203 3525 278 3590 110.
304 3523 453 3588 Diximus
479 3523 576 3588 hodie
598 3523 662 3588 hac
684 3525 812 3590 ratione
844 3522 992 3609 expediri
1016 3526 1193 3591 sententias
1217 3522 1295 3590 iudi·

114 3647 212 3713 ciales
235 3647 319 3734 apud
337 3647 369 3714 S.
387 3641 683 3735 congregationem
706 3655 803 3714 antea
827 3652 935 3714 autem
959 3669 1014 3714 res
1036 3669 1101 3713 non
1125 3649 1169 3714 ita
1185 3669 1221 3714 se
1236 3648 1295 3714 ha·

114 3746 216 3836 uehat.
250 3773 382 3837 nevers
405 3771 501 3839 caro.
534 3773 580 3837 oe
602 3771 700 3843 uua.
725 3791 779 3858 op.
804 3773 858 3838 at.
884 3772 946 3838 uu.
970 3772 1022 3853 15,
1047 3792 1081 3837 n.
1106 3771 1158 3848 17,
1184 3771 1295 3838 aocet:

117 3893 229 3960 «Itius
252 3898 360 3960 autem
384 3895 634 3962 resolutionibus
649 3896 701 3962 vel
725 3896 867 3961 decretis
890 3897 960 3980 ipsa
983 3896 1193 3981 congregatio
1218 3912 1297 3959 exo-

114 4018 297 4100 quutionem
323 4040 386 4084 non
410 4025 554 4107 praestat
576 4040 681 4106 neque
697 4023 730 4086 in
753 4020 954 4087 iudicialibus
973 4041 1009 4086 se
1032 4021 1161 4106 ingerit,
1179 4019 1234 4086 sed
1255 4019 1296 4084 ad

113 4141 233 4206 iudices
257 4141 438 4208 ordinarios
463 4147 496 4207 et
517 4142 558 4207 ad
582 4142 770 4207 Tribunalia
793 4143 995 4208 contentiosa
1019 4142 1238 4207 ecclesiastica
1262 4147 1295 4207 et

114 4266 329 4351 competentia
350 4266 382 4331 id
404 4268 545 4352 pertinet
560 4289 591 4331 u.
616 4267 732 4332 lucit.
757 4267 831 4333 cod.
857 4267 1007 4350 Gregorii
1031 4265 1116 4331 XlV
1140 4265 1294 4331 decom

114 4389 256 4470 petentia
274 4388 441 4455 Auditoris
455 4388 612 4456 Gamerae
631 4395 696 4454 art.
713 4387 798 4465 372,
815 4391 903 4455 inter
918 4389 992 4470 alia,
1008 4389 1071 4453 hoc
1087 4388 1291 4456 decernitur:
