3292 5109
478 306 520 353 un
545 306 684 353 ionicus
712 307 979 355 accessissemus
1277 285 1322 352 83

142 426 258 493 hebent
281 427 449 513 proprium
471 426 612 492 tribunal
635 446 772 513 magnae
795 428 998 496 auctoritatis
1022 432 1056 491 et
1078 427 1164 491 latae
1187 445 1317 513 compe-

140 551 266 615 tentiae.
292 586 310 599 ·
336 549 470 625 Quando
493 557 600 617 autem
623 551 737 617 sedent
767 553 800 617 in
833 552 986 617 tribunali
1014 550 1317 625 comessandum

142 692 200 736 non
223 672 345 738 habent
367 673 623 756 deliberativum,
648 674 704 739 sed
728 676 761 739 in
784 676 890 740 causis
912 694 995 760 quae
1023 695 1097 740 cum
1124 694 1183 739 suo
1207 670 1332 739 officio'

141 794 277 879 aliquam
300 795 441 861 habeant
463 798 701 884 pertinentiam.
720 818 790 862 rem
806 799 945 882 penitius
969 797 1138 863 declarare
1154 797 1274 862 valent.
1301 831 1319 847 -

143 921 169 984 A
185 921 354 985 sententiis
371 940 449 986 vero
465 920 504 985 ab
529 920 641 987 iisdem
665 922 801 1007 prolatis
826 921 868 986 ad
886 922 1029 1005 plenam
1048 920 1229 987 Camenam
1252 903 1318 986 non

141 1041 328 1127 appellatur.
353 1044 379 1107 si
403 1044 547 1129 excipias
570 1043 778 1109 Thesaurarii
805 1044 993 1109 sententias.

226 1166 281 1229 84.
307 1168 401 1231 Ratio
433 1166 628 1251 procedendi
659 1168 754 1233 huius
789 1167 960 1233 tribunalis
994 1170 1135 1233 maxime
1169 1170 1322 1252 congruit

142 1312 210 1357 cum
234 1292 320 1378 stylo
345 1293 456 1361 Rotae.
481 1291 590 1367 Quare
614 1301 646 1358 et
669 1292 780 1357 modus
804 1292 901 1357 dandi
926 1293 1180 1365 informationes,
1197 1296 1317 1390 einos

141 1414 253 1480 edendi
268 1416 453 1482 decisiones
468 1436 525 1481 seu
541 1418 761 1501 opinameuta
785 1424 861 1483 ante
877 1416 1114 1503 expeditionem
1136 1418 1318 1482 sententiae

140 1557 239 1623 aeque
255 1544 407 1603 servatur
424 1541 456 1603 in
472 1540 625 1605 tribunali
651 1543 816 1607 Gamerae.
842 1539 934 1607 Idem
950 1540 1154 1608 confirmavit
1170 1542 1249 1608 Cod.
1267 1542 1323 1609 cit.

142 1664 237 1749 Greg.
255 1664 341 1729 XVI
356 1667 407 1749 qui
424 1670 488 1729 art.
505 1664 592 1731 1031
610 1666 740 1731 insimul
756 1686 815 1750 pro
841 1666 944 1731 Rotae
967 1670 1000 1730 et
1010 1668 1136 1748 plenae
1155 1667 1321 1731 Camenae

140 1786 292 1852 tribunali
324 1786 516 1871 praescribit
545 1788 673 1854 mudum
697 1787 790 1853 dandi
815 1790 1001 1855 decisiones
1023 1795 1099 1853 ente
1125 1790 1319 1855 sententiam

141 1913 346 1980 iudicialiter
360 1913 565 1988 definitivam,
579 1920 612 1980 et
627 1916 700 1979 dein
721 1915 895 1983 uru1044
911 1922 1015 1981 caret:
1036 1938 1054 1978 c
1075 1914 1244 2015 Tribuual
1263 1917 1322 1981 Ca·

142 2056 256 2103 nimae
284 2044 511 2123 prosequetur
532 2039 582 2103 uti
605 2038 770 2105 methodis
794 2044 825 2105 et
845 2039 969 2122 formis
995 2038 1202 2105 iudiciorum
1231 2046 1321 2106 rota

143 2167 224 2231 tium
236 2189 267 2231 a.
283 2168 462 2234 Discrimau
479 2172 584 2233 autern
601 2166 739 2232 habetur
755 2170 788 2232 iu
805 2165 898 2231 modo
913 2166 1044 2231 ferendi
1063 2172 1150 2241 vota3
1167 2166 1323 2251 siquidem

145 2292 173 2355 in
190 2293 329 2358 Camere
353 2312 417 2355 non
441 2297 614 2358 servantur
636 2292 729 2358 turni
753 2291 809 2357 sed
834 2311 946 2358 omnes
971 2292 1088 2357 Clerici
1112 2292 1188 2359 dant
1211 2290 1324 2360 suffra·

144 2416 238 2499 glum.
278 2416 363 2480 Hinc
394 2418 420 2479 si
451 2416 658 2500 appellationi
693 2418 865 2490 locussit,
892 2417 973 2482 haec
1002 2420 1218 2504 interponitur
1240 2419 1326 2505 apud

143 2539 285 2604 eamdem
304 2539 472 2606 cameram
488 2542 521 2604 ri
544 2559 652 2607 nanae
676 2540 880 2613 audientiae,
906 2542 939 2605 iu
962 2561 1026 2625 qua
1047 2546 1157 2607 tamen
1179 2548 1324 2609 mutatur

145 2662 289 2729 Pouens.
315 2662 361 2728 Cf.
389 2664 433 2727 De
456 2664 554 2743 Luca,
580 2683 636 2747 op.
661 2662 713 2729 cit.
739 2663 828 2729 Disc.
854 2662 915 2729 33.

231 2760 285 2851 85'.
312 2786 446 2851 Demum
469 2784 588 2870 aliquid
611 2785 838 2871 explicandum
855 2792 905 2851 est
924 2785 963 2851 de
979 2784 1133 2851 tribunali
1158 2788 1325 2854 Auditoris

145 2910 299 2975 Gamerae
328 2908 387 2995 (1).

233 3032 296 3097 Hic
325 3040 374 3098 est
400 3033 506 3098 iudea
534 3032 733 3099 ordinarius
761 3052 820 3117 pra
848 3032 1001 3097 universo
1028 3032 1124 3106 01·be;
1149 3032 1227 3097 hinc
1259 3035 1328 3099 eius

148 3162 283 3239 potestas
318 3160 459 3241 pertinet
492 3157 532 3221 ad
567 3158 616 3223 ius
651 3178 830 3223 commune.
864 3157 959 3223 (lard.
994 3158 1093 3222 Petra
1123 3159 1179 3222 Ad
1214 3156 1326 3224 Consi.

149 3278 358 3360 apostolicos
386 3278 515 3345 Urbani
547 3278 581 3351 V,
607 3284 682 3345 tom.
709 3278 748 3352 4,
776 3298 810 3342 n.
835 3279 858 3343 4
884 3279 967 3344 haec
990 3278 1103 3344 habet:
1133 3279 1328 3345 «Summus

150 3415 251 3472 autern
268 3406 424 3471 Pontifex
442 3407 603 3471 Romanus
618 3406 728 3490 plures
745 3407 908 3470 ministros
932 3405 1136 3471 subalternas
1153 3406 1251 3470 habet
1268 3426 1328 3490 pro

152 3530 304 3615 gubernio
321 3530 488 3593 Ecclesiae
511 3529 703 3593 universalis
720 3532 752 3591 et
771 3548 832 3613 pro
849 3533 916 3593 toto
934 3529 1162 3595 Patriarchatu
1179 3548 1329 3610 romano,

152 3656 184 3717 ut
208 3658 282 3717 sunt
311 3654 504 3737 praesertim
529 3650 708 3717 cardinalis
733 3652 839 3716 blaior
864 3652 1155 3726 Poenitentiarius,
1181 3656 1234 3737 qui
1261 3655 1330 3720 eius

154 3886 266 3946 praeest,
284 3880 357 3935 alius
377 3880 563 3951 vectigalibus
583 3880 755 3949 imponendis
774 3884 803 3935 et
821 3882 964 3950 exigendis
984 3882 1080 3951 (vulgo
1098 3881 1232 3953 fiuunce).
1245 3912 1280 3925 -
1298 3883 1328 3937 ln

155 3984 287 4042 hodiernis
304 4005 415 4059 quoque
434 3988 544 4059 legibus
563 3993 687 4044 statuum
713 3989 838 4043 civilium
864 3989 1013 4060 aliquando
1036 3992 1154 4047 Comaru
1180 3996 1331 4061 usurpetur

155 4106 202 4159 pro
216 4096 295 4163 fisco:
315 4097 363 4159 ito,
383 4095 455 4164 apud
474 4110 532 4161 uos,
551 4096 623 4149 bona
637 4095 823 4149 Ecclesiarum
838 4113 914 4166 quae
929 4096 1025 4150 Fiscus
1038 4098 1163 4164 sustulit,
1177 4098 1332 4153 dictasunt

158 4195 285 4254 Canem
303 4201 404 4267 addici,
426 4198 511 4269 vulgo
531 4228 546 4242 -
558 4201 746 4255 incamerarsi
759 4230 781 4253 -.
846 4256 854 4271 ⁸

240 4306 278 4375 (l)
304 4306 448 4359 Auditoris
473 4306 549 4359 Cam·
575 4306 698 4361 tribuual
728 4306 799 4361 solet
828 4308 961 4377 distingui
990 4309 1076 4363 etiam
1101 4310 1131 4362 in
1155 4310 1329 4365 documentis

158 4408 303 4469 pontificiis
323 4432 373 4469 nec
393 4430 447 4469 uon
465 4414 496 4468 in
515 4432 565 4469 risu
584 4414 713 4487 loquendi
732 4418 783 4470 sub
803 4415 907 4471 litteris
928 4417 1083 4471 initialibus
1102 4421 1135 4473 A.
1159 4418 1188 4472 0.
