3292 5109
480 300 524 347 DE
549 299 688 348 wnlclls
711 300 979 350 aconnstasrtcts
1270 283 1336 354 199.

152 425 285 503 cantur,
309 421 429 507 absque
459 425 567 511 copia,
591 424 662 509 ipsa
692 424 866 511 originalia
888 431 945 491 aut
973 427 1174 511 exemplaria
1196 446 1217 491 a
1239 432 1334 513 parte

151 540 299 611 deducta.

240 669 316 735 Art.
336 670 369 736 6.
396 670 509 738 ‹Oum
534 671 738 739 secretarius
762 672 930 739 decretum
956 673 1093 739 ediderit
1115 671 1274 739 Ponatur
1294 672 1334 738 in

148 789 234 872 solio
257 794 362 859 citata
379 796 496 877 parte,
521 792 562 859 ad
588 791 675 860 dubii
699 794 985 861 concordationem
1009 799 1043 861 et
1065 794 1333 880 Congregationis

149 914 395 983 destinationem
425 918 557 1006 procedi
584 920 721 1005 poterit,
748 921 885 1007 praevia
917 920 1113 987 citationes
1135 918 1333 1005 diligentiori

149 1048 242 1129 parte
266 1044 427 1130 expedita.
453 1046 491 1111 In
510 1044 620 1112 libello
637 1066 716 1113 vero
739 1047 911 1129 citationis,
926 1052 1024 1113 antea
1046 1065 1141 1130 quam
1164 1046 1332 1111 transmit·

147 1174 238 1235 tatur
260 1168 301 1235 ad
323 1171 460 1236 alteram
484 1176 619 1259 partem,
636 1192 656 1237 a
673 1172 858 1239 Secretario
881 1172 935 1239 vel
957 1172 998 1237 ab
1019 1173 1090 1238 eius
1105 1170 1264 1237 Auditore
1280 1170 1333 1236 ad·

148 1292 304 1363 scribitur
323 1294 391 1363 dies
414 1303 447 1363 et
469 1298 553 1363 bora
575 1296 768 1375 audientiae,
792 1298 827 1363 in
850 1318 915 1383 qua
937 1298 1047 1365 citatio
1066 1298 1195 1383 poterit
1215 1297 1283 1384 tepi
1298 1318 1330 1361 ›.

148 1418 325 1487 Decretum
341 1418 499 1487 Ponatur
514 1421 648 1505 infolio
672 1420 834 1508 significat
856 1422 941 1508 quod
964 1442 1082 1489 musae
1104 1422 1272 1488 instructio
1292 1441 1331 1486 eo

146 1546 213 1609 iam
228 1550 279 1610 est
298 1540 465 1630 pro'ducta,
481 1551 518 1612 ut
532 1548 598 1614 litis
613 1548 807 1616 contestatio
829 1546 901 1614 lieri
925 1549 1042 1634 possit;
1067 1567 1149 1632 quae
1172 1546 1206 1612 in
1228 1544 1332 1612 dubiis

147 1669 384 1737 concordandis
399 1673 553 1739 consistit.
573 1708 591 1723 ·
608 1672 781 1739 Decretum
797 1693 879 1739 vero
898 1710 917 1723 -
928 1673 1056 1757 potent
1072 1672 1138 1760 lepi
1155 1707 1173 1721 -
1198 1671 1282 1757 quod
1297 1672 1330 1735 in

146 1795 244 1861 dorso
279 1794 380 1861 libelli
414 1797 555 1862 citatorii
589 1795 785 1865 describitur
812 1818 886 1863 cum
919 1796 1186 1863 determinatione
1211 1793 1275 1860 diei
1299 1800 1331 1861 et

146 1920 213 1987 loci
235 1920 436 2003 audientiae,
465 1921 562 1987 edicit
583 1926 672 1987 stata
695 1921 751 1988 die
773 1922 937 1988 citationis
967 1920 1112 1988 libellum
1143 1920 1262 1987 lectum
1289 1920 1330 1985 iri

146 2044 349 2112 adstantibus
372 2043 640 2113 contendentibus
656 2052 688 2113 et
704 2048 773 2131 ipso
790 2046 976 2113 Secretario
992 2050 1048 2111 eat
1062 2044 1229 2112 auditore.
1247 2044 1331 2132 Lepi

145 2171 266 2237 dicitur
291 2171 437 2246 libellus,
462 2172 537 2256 quia
560 2173 592 2237 in
621 2192 659 2237 eo
690 2174 877 2238 continetur
908 2169 1037 2237 dubium
1064 2173 1117 2238 vel
1140 2172 1236 2239 dubia
1258 2193 1331 2259 pro·

145 2296 252 2380 posita
273 2315 294 2360 a
316 2300 410 2381 parte
444 2295 667 2381 diligentiore,
691 2315 775 2382 quae
804 2295 945 2362 admittit
966 2296 1020 2361 vel
1056 2298 1212 2382 impetere
1241 2297 1330 2364 valet

145 2436 222 2503 pars
246 2422 417 2493 conventa,
440 2419 505 2483 alia
526 2418 745 2505 proponendo.

236 2544 312 2609 Art.
337 2543 369 2609 7.
398 2544 610 2620 ‹Audientia
639 2543 812 2610 habebitur
844 2543 956 2611 diebus
979 2544 1123 2611 Veneris
1153 2550 1185 2610 et
1215 2546 1331 2611 Martis

144 2669 289 2736 cuiusvis
317 2669 555 2744 hebdomadae,
580 2670 672 2737 feriis
701 2669 849 2757 exceptis
876 2672 967 2737 iuxta
989 2671 1133 2737 notulam
1156 2671 1189 2736 in
1213 2670 1329 2738 Secre-

141 2794 229 2858 taria
252 2792 383 2859 affixam
398 2815 429 2858 s.

233 2919 309 2986 Art.
326 2921 359 2985 8.
387 2941 405 2983 a
422 2918 501 2987 Cum
517 2918 646 2986 dubium
662 2917 727 3005 (vel
745 2919 855 3004 dubia)
871 2922 959 2987 inter
973 2926 1083 3007 partes
1099 2920 1329 2989 concordatum

142 3042 253 3126 tuerit,
277 3064 298 3109 a
320 3044 506 3111 secretario
529 3044 583 3109 vel
605 3046 674 3111 eius
698 3044 858 3111 Auditore
889 3045 1127 3112 subscribatur:
1152 3066 1227 3112 cum
1249 3066 1329 3113 vero

143 3166 361 3253 subscriptum
378 3167 485 3240 fuerit,
503 3166 582 3233 illud
599 3172 727 3235 mutare
750 3167 843 3234 nefas
867 3170 949 3245 erit;
972 3170 1033 3234 nisi
1050 3189 1135 3235 novo
1151 3170 1329 3256 praemisso

141 3288 264 3366 libello,
288 3288 376 3356 dubii
399 3289 663 3356 reformationem
687 3292 879 3376 postulante,
904 3292 992 3357 inter
1014 3297 1124 3378 partes
1148 3295 1180 3359 in
1203 3297 1329 3359 contra·

142 3410 281 3478 dictorio
305 3410 552 3478 discutiendo».
874 3389 876 3394 ⁵

232 3538 307 3604 Art.
327 3537 359 3604 9.
378 3556 396 3600 ‹
413 3537 566 3604 Partibus
588 3558 654 3605 non
678 3537 962 3621 concordantibus,
987 3539 1129 3607 dubium
1152 3559 1198 3606 en
1219 3540 1327 3625 officio

143 3660 395 3734 determinatur,
431 3664 465 3729 at
499 3660 628 3727 insimul
659 3660 849 3727 decernitur
875 3662 1040 3747 integrum
1071 3682 1143 3727 esse
1165 3663 1325 3747 partibus,

142 3782 309 3870 disputare
330 3783 368 3849 in
390 3785 498 3867 plena
528 3781 792 3871 congregatione
823 3802 890 3849 una
925 3804 998 3851 cum
1034 3804 1159 3851 causae
1188 3786 1326 3858 merito.

143 3907 240 3972 etiam
263 3906 304 3971 dc
326 3905 572 3989 reformatione
596 3906 691 3974 dubii
709 3928 742 3973 ›.

232 4029 309 4095 Art.
332 4030 385 4095 10.
412 4030 481 4097 ‹Si
505 4050 547 4096 ex
570 4030 716 4117 partibus
739 4031 848 4115 aliqua
872 4051 939 4097 non
962 4037 1161 4119 compareat,
1186 4052 1226 4099 ea
1249 4052 1327 4099 con·

143 4156 273 4219 tumace
289 4170 347 4218 seu
365 4152 509 4229 absente,
530 4153 660 4220 dubium
685 4154 954 4233 concordabitur;
980 4177 1053 4222 cum
1070 4162 1180 4224 autem
1194 4177 1327 4223 concor·

141 4275 251 4346 datum
274 4277 391 4353 fuerit,
415 4278 456 4344 ad
479 4298 609 4345 normas
632 4282 726 4355 iuris,
751 4281 934 4347 contumaci
966 4283 1113 4349 nuntium
1141 4281 1270 4350 dabitur
1293 4286 1326 4346 et

142 4401 182 4467 de
205 4402 403 4469 concordate
427 4403 522 4469 dubio
545 4410 577 4471 et
601 4404 641 4471 de
663 4405 882 4471 destinatione
906 4406 1174 4495 Congregationis
1188 4430 1220 4472 ›.
