3292 5109
323 252 390 319 432
852 272 935 321 raas
960 272 996 319 11.

322 417 346 463 a
367 398 601 465 iurisdictione
625 396 825 481 ordinarii5
847 398 1031 482 rescripsit.
1048 397 1089 463 ad
1109 398 1165 463 1ιιῐιι
1182 396 1356 485 Neputiua
1380 397 1419 463 ad
1436 398 1501 462 2¹³⁰

322 520 487 608 Nepotioe
504 543 534 586 ».

411 644 487 709 333.
512 644 638 711 Vicarii
661 646 800 712 Foranei
823 648 899 730 quia
923 646 1045 712 iudices
1075 652 1151 712 sunt
1177 646 1330 733 delegati,
1356 648 1501 731 quamvis

322 768 463 855 delegati
485 770 526 836 ad
549 772 717 855 quamdam
745 774 991 837 universitatem
1023 792 1204 845 causarum,
1228 777 1350 839 tantam
1381 772 1503 837 habent

321 898 569 981 competentiam
591 904 712 982 quanta
734 902 784 962 est
806 918 963 981 expressa
986 899 1018 961 in
1041 897 1203 963 mandato.
1230 932 1248 946 -
1273 898 1322 963 Eo
1350 898 1425 981 quia
1457 918 1503 963 so

197 1017 203 1027 ’
320 1021 390 1085 lent
412 1022 562 1087 constitui
585 1020 722 1104 quadam
753 1020 956 1106 delegatione
979 1021 1020 1086 ad
1044 1021 1290 1087 universitatem
1317 1040 1501 1093 causarum.

323 1145 470 1209 incerta
493 1144 648 1210 dioecesis
671 1149 773 1231 parte,
794 1165 859 1209 non
884 1146 1112 1231 exprimuntur
1127 1146 1161 1209 in
1177 1144 1327 1209 mandato
1351 1146 1506 1211 lunatice

323 1287 426 1340 casus,
450 1266 491 1332 ad
514 1287 594 1351 quos
616 1288 652 1332 se
683 1268 830 1333 extendit
851 1267 1000 1353 delegata
1030 1268 1253 1353 competentia,
1277 1268 1334 1333 sed
1361 1268 1504 1334 daurom

322 1392 469 1457 strutive.
491 1392 578 1456 Hinc
600 1392 795 1457 attendenda
809 1398 859 1457 est
875 1393 1014 1457 maxime
1038 1390 1235 1478 consuetudo
1257 1391 1402 1455 locorum
1419 1410 1506 1475 quae

323 1524 372 1583 est
394 1520 513 1603 optima
536 1520 652 1585 harum
676 1539 802 1603 quoque
825 1519 1062 1605 delegationum
1086 1520 1257 1605 interpres.
1287 1518 1403 1583 Refert
1428 1516 1506 1581 Pel-

321 1640 450 1727 legrini‚
473 1642 605 1709 Promis
639 1642 849 1709 Violatorum
873 1642 913 1707 Ρ.
939 1644 966 1717 Ι,
993 1642 1077 1709 Seot.
1112 1642 1191 1715 Vll,
1225 1639 1373 1705 Subseot.
1407 1638 1505 1705 Unio.

323 1784 357 1829 a.
381 1765 417 1830 5:
442 1786 460 1827 c
485 1764 536 1829 Ad
559 1766 729 1830 vicarium
752 1767 936 1829 Foraneum
960 1766 1178 1850 potiusquam
1203 1762 1243 1827 ad
1267 1760 1507 1847 Archipresby·

323 1896 430 1955 terum
453 1890 514 1955 loci
546 1896 671 1975 spectat
693 1891 771 1957 dare
801 1891 966 1956 licentiam
991 1890 1145 1976 operandi
1176 1890 1228 1955 die
1256 1890 1340 1957 festo
1364 1896 1396 1955 et
1425 1910 1507 1955 con·

323 2014 544 2079 travenientes
566 2014 738 2089 mulctum
764 2010 797 2077 S.
830 2014 933 2099 Coup.
965 2013 1035 2079 Ea.
1059 2018 1089 2079 et
1112 2012 1186 2079 RE.
1209 2013 1252 2079 18
1282 2012 1368 2080 Nou.
1398 2013 1504 2079 1597.

325 2138 416 2212 Quae
431 2138 561 2203 licentia
576 2140 704 2224 scriptis
720 2137 854 2203 concedi
870 2137 973 2219 debet,
991 2158 1055 2201 non
1077 2144 1247 2213 oretenus;
1264 2137 1376 2203 eadem
1399 2136 1504 2223 Cong.

324 2263 381 2329 die
390 2264 435 2328 21
446 2265 534 2351 Aup.
548 2264 645 2347 1615,
659 2263 825 2348 dequibus
838 2266 973 2329 Gavant.
987 2263 1024 2328 iu
1036 2263 1201 2329 Manuale
1214 2262 1372 2345 Eptscnp.
1381 2262 1475 2327 verb.
1486 2296 1504 2309 -

324 2386 415 2451 Festi
430 2388 526 2453 dics·
536 2388 573 2452 iu
589 2388 669 2453 adu.
682 2408 777 2453 num.
792 2390 809 2451 1
825 2393 857 2453 et
872 2388 939 2452 2».
957 2388 1037 2451 Dein
1051 2386 1148 2451 habet
1163 2386 1248 2453 idern
1263 2390 1387 2452 Auctor
1402 2406 1434 2449 n.
1452 2387 1505 2451 12.

328 2508 483 2573 «Eorum
506 2508 646 2574 officium
671 2516 720 2574 est
742 2511 839 2575 etiam
862 2511 1030 2593 inquirere
1051 2508 1093 2575 de
1115 2511 1183 2573 vita
1199 2514 1232 2574 et
1247 2506 1389 2573 moribus
1405 2507 1507 2573 Cleri·

326 2881 497 2963 lnquirere
520 2879 637 2945 debent
660 2900 702 2944 an
726 2881 868 2945 Parochi
892 2886 924 2946 et
946 2881 1130 2967 presbyteri
1147 2882 1232 2946 illius
1251 2881 1313 2945 loci
1338 2880 1397 2945 sibi
1421 2900 1505 2945 com·

325 3006 411 3071 missi
435 3005 575 3071 habeant
597 3006 698 3072 libros
720 3027 799 3091 quos
822 3013 937 3073 tenere
953 3007 1085 3084 debent;
1109 3028 1152 3073 an
1175 3008 1350 3073 observent
1372 3008 1507 3075 decreta

326 3126 499 3213 Synodalia
523 3132 557 3191 et
579 3126 618 3191 de
634 3128 685 3193 his
701 3128 847 3193 omnibus
862 3127 904 3192 ad
920 3128 1112 3213 Episcopum
1129 3128 1318 3194 relationem
1335 3128 1462 3193 faciant
1475 3147 1505 3191 ›.

415 3250 477 3315 Sed
501 3250 592 3315 nulla
615 3252 689 3338 ipsis
713 3250 849 3317 debetur
872 3251 1101 3336 praecedentia
1124 3252 1250 3319 ratione
1274 3250 1376 3331 officii,
1394 3252 1427 3315 in
1459 3270 1507 3317 sa·

326 3375 391 3438 cris
421 3373 655 3450 functionibus;
679 3378 785 3460 prouti
816 3375 996 3441 declaravit
1018 3376 1049 3441 S.
1075 3374 1175 3460 Gong.
1208 3362 1338 3440 Rituur'n
1370 3375 1403 3438 in
1433 3393 1510 3439 unu

326 3496 551 3562 Brundusiuu
573 3498 616 3562 16
638 3498 725 3564 Νου.
750 3498 846 3563 1600
870 3502 902 3562 et
926 3500 958 3563 in
981 3498 1054 3563 aliis
1077 3499 1182 3563 causis
1206 3494 1301 3583 (apud
1325 3494 1507 3582 Pellegrini

326 3623 348 3686 l.
373 3641 399 3686 c.
424 3642 458 3686 u.
476 3622 508 3696 8,
533 3628 564 3687 et
588 3624 633 3707 9);
653 3642 767 3688 verum
787 3623 814 3687 si
839 3642 1033 3708 congressus
1055 3621 1237 3687 habeantur
1260 3622 1300 3686 ab
1317 3620 1436 3686 eisdem
1462 3624 1507 3685 in·

326 3746 403 3813 dicti
426 3748 479 3811 vel
502 3748 565 3811 alia
588 3747 628 3811 do
651 3767 749 3811 causa
771 3746 886 3812 haberi
909 3746 1055 3830 debeant,
1079 3750 1149 3833 ipsi,
1174 3767 1238 3831 qua
1265 3748 1403 3834 delegati
1427 3748 1507 3832 Epi-

327 3872 424 3955 scopi,
449 3877 527 3936 tunc
551 3870 752 3955 praesident:
778 3871 818 3936 of.
846 3872 1035 3957 Pellegrini,
1061 3872 1081 3936 l.
1107 3892 1133 3939 c.

416 3998 520 4072 Quum
545 3996 698 4061 Vicarius
729 3996 897 4060 Focaneus
920 3997 961 4061 sit
992 3996 1158 4081 delegatus
1181 3995 1220 4061 ab
1249 3996 1420 4081 Episcopo,
1446 3998 1506 4063 etsi

327 4119 369 4184 ad
398 4120 644 4185 universitatem
675 4117 997 4200 oausa1·um,subest
1026 4119 1086 4203 ipsi
1118 4118 1277 4204 Episcopo
1307 4124 1340 4183 et
1370 4118 1509 4183 Vinaria

328 4246 491 4313 Generali.
525 4246 634 4319 Quare
664 4246 736 4311 Via.
770 4244 941 4311 Generalis
963 4250 1069 4330 potest
1092 4244 1181 4310 illum
1212 4244 1325 4310 iubere
1348 4248 1381 4309 et
1409 4246 1507 4309 etiam

327 4370 453 4454 punire,
477 4371 504 4435 si
528 4371 561 4432 in
585 4366 689 4432 officio
712 4388 777 4432 non
801 4388 835 4433 se
860 4370 1032 4434 contineat.

325 2650 438 2695 corum
463 2642 496 2696 et
511 2652 552 2696 ne
576 2654 688 2697 eorum
705 2634 832 2706 incuria
847 2632 974 2697 divinus
990 2633 1095 2699 cultus
1110 2632 1230 2716 aliquid
1246 2630 1430 2696 detrimenti
1455 2650 1508 2716 pa·
1613 2668 1614 2717 l

325 2754 445 2817 tiatur:
469 2753 560 2819 idem
580 2750 706 2820 Concit.
721 2755 881 2821 Prouiuc.
898 2755 1036 2821 Mediot.
1061 2754 1084 2820 Ι
1099 2762 1192 2838 part.
1213 2755 1259 2821 tit.
1285 2755 1328 2820 de
1351 2755 1411 2821 oio.
1436 2754 1505 2837 for.
