3292 5109
495 237 539 284 nc
563 238 703 291 1un1011s
725 244 990 300 nccnnsmsrrms
1275 242 1341 309 415

161 348 320 430 891124,
337 373 413 440 cap.
430 358 482 435 10,
500 359 551 427 De
568 360 653 446 Res„
677 364 730 431 ubi
754 371 907 438 statuitur
926 392 999 439 c....
1023 377 1073 443 ius
1097 384 1129 444 91
1149 385 1340 465 potestatem
1373 415 1376 421 ·

145 475 301 547 ¹habeant
322 479 501 568 (Ordinarii
525 487 702 580 dioecesis),
720 496 817 562 etiam
840 501 1002 585 tamquam
1020 504 1226 589 Apostolicae
1249 511 1339 579 Sedis

157 602 308 690 delegati,
333 628 373 672 ea
395 609 575 695 ordinandi,
591 615 789 694 moderandi,
809 624 963 707 puniendi
988 633 1021 694 et
1043 633 1225 715 exequendi
1249 636 1339 703 iuxta

156 748 317 795 canonum
341 736 524 803 sanctiones
539 758 622 823 quaa
638 741 705 808 illis
728 764 771 809 ex
794 747 967 832 prudentia
988 773 1048 817 sua
1063 740 1122 839 pro
1139 757 1337 827 subditorum

156 856 381 924 emendatione
404 880 443 926 ac
466 861 622 931 dioecesis
645 887 723 933 suae
749 872 889 940 utilitate
918 880 1104 949 necessaria
1132 882 1335 952 videbuntur.

158 983 225 1051 Nec
247 984 281 1048 in
303 983 365 1067 his,
380 985 440 1053 ubi
461 988 504 1056 de
526 991 715 1063 uuitatioue
738 984 960 1074 quimorem
983 1008 1194 1077 correctione
1208 1013 1333 1099 opiter,

154 1108 318 1192 exemptio
348 1116 404 1175 aut
432 1111 499 1177 ulla
529 1114 692 1190 inhibitio,
717 1120 889 1205 appellatio
914 1144 972 1191 seu
997 1131 1152 1212 quaerela
1175 1134 1271 1201 etiam
1295 1137 1335 1203 ad

153 1230 269 1298 Scdem
292 1234 510 1319 Apostolicam
532 1240 732 1327 interposita,
748 1248 985 1325 executionem,
1002 1273 1114 1319 eorum
1138 1277 1220 1341 quae
1243 1259 1282 1326 ab
1307 1262 1334 1327 is

153 1356 304 1424 mandata
326 1359 459 1428 decreta
486 1370 543 1430 aut
571 1366 713 1435 indicata
735 1370 874 1447 fuerint,
901 1395 1026 1461 quoque
1058 1379 1151 1445 modo
1181 1384 1334 1469 impediat

150 1487 208 1549 aut
231 1486 450 1571 suspendat».
468 1489 634 1565 Quaenam
657 1514 737 1560 vero
760 1497 794 1561 in
817 1500 952 1586 singulis
975 1503 1101 1571 casibus
1120 1508 1244 1590 possint
1259 1510 1333 1597 Epi·

148 1610 249 1695 scopi,
265 1612 298 1676 vi
314 1616 477 1681 enunciati
499 1615 632 1693 decreti,
649 1619 838 1688 desumatur
852 1642 896 1689 ex
912 1629 1110 1712 generaliori
1127 1630 1275 1699 doctrina
1290 1634 1330 1701 de

148 1733 299 1822 Episcopi
326 1744 492 1824 potestate,
517 1746 692 1831 praecipue
722 1751 893 1817 occasione
924 1752 956 1819 S.
982 1754 1200 1831 visitationis,
1226 1764 1259 1824 et
1289 1754 1330 1826 ad

149 1858 222 1934 hoo,
240 1862 281 1927 cf.
298 1862 385 1931 Sera.
401 1864 462 1942 23,
486 1868 530 1933 de
545 1867 620 1954 Res.
637 1891 665 1937 9.
683 1874 712 1954 1,
729 1872 816 1941 Secu.
833 1874 892 1951 24,
910 1876 953 1944 de
967 1877 1042 1963 Res.
1066 1901 1093 1946 c.
1112 1880 1145 1957 4,
1163 1881 1250 1949 Sera.
1266 1884 1329 1961 22,

148 1986 193 2051 de
214 1984 290 2071 Res.
315 2009 342 2055 c.
366 1990 386 2054 1
407 1990 445 2057 in
470 1991 569 2059 Cone.
600 1993 694 2061 Trid.

237 2112 313 2179 327.
337 2114 390 2179 Ex
412 2114 526 2181 ordine
541 2120 744 2187 tractationis
758 2120 815 2187 abs
832 2141 870 2187 re
886 2142 951 2188 non
968 2125 1031 2190 erit
1048 2125 1141 2192 modo
1162 2129 1328 2215 explicare

145 2256 188 2301 an
211 2246 245 2304 91
267 2259 425 2323 quaenam
440 2241 482 2308 sit
497 2243 647 2331 Episcopi
670 2250 812 2331 potestas
836 2250 982 2333 punitiva
1000 2252 1141 2318 insnum
1158 2252 1328 2322 Vicarium

148 2362 350 2439 Generalem,
374 2386 438 2451 qua
459 2367 615 2437 iudicem.
635 2369 755 2445 -Quia
778 2374 838 2437 etsi
862 2373 980 2440 horum
1002 2375 1088 2441 idem
1113 2382 1145 2443 et
1168 2398 1265 2443 unum
1286 2381 1329 2445 sit
1428 2398 1431 2406 '

143 2486 297 2563 tribunal,
321 2497 355 2557 at
378 2512 493 2579 reapse
515 2498 591 2559 sunt
613 2494 676 2560 duo
700 2495 841 2562 distincti
869 2497 1000 2564 iudices.
1027 2502 1176 2565 lamvero
1207 2504 1234 2567 si
1265 2503 1327 2569 Vi-

142 2612 251 2676 carius
268 2614 436 2682 Generalis
452 2616 617 2703 delinquat
639 2620 672 2684 iu
696 2625 771 2685 actu
794 2620 912 2696 iudicii,
930 2621 971 2687 ad
996 2642 1165 2707 quemnam
1182 2626 1326 2710 pertinet

140 2738 176 2802 in
198 2739 344 2807 eumdem
367 2742 636 2820 animadvertere,
654 2766 768 2831 nempe
784 2746 825 2812 ad
843 2748 1036 2834 Episcopum
1053 2750 1107 2815 vel
1128 2749 1169 2815 ad
1184 2751 1324 2817 Archia·

143 2864 309 2950 piscopum
332 2865 393 2930 hoc
417 2865 565 2951 spectati

231 2991 313 3055 Item
335 2994 503 3075 quaeritur
525 3014 567 3059 an
590 2994 862 3082 Archiepiscopus
889 3016 981 3063 suum
1005 2999 1176 3065 Vicarium
1208 3004 1323 3088 punire

140 3116 279 3191 ualeant,
296 3138 339 3183 an
354 3123 522 3184 reservata
536 3119 620 3186 haec
642 3121 879 3188 animadversio
896 3129 1071 3189 censeatur
1089 3124 1217 3191 Summo
1235 3128 1323 3193 Pon-

139 3236 228 3304 tifici.
253 3274 272 3289 ·
297 3241 425 3326 Loquor
448 3241 488 3307 de
510 3243 655 3324 Vicario,
684 3263 747 3327 qua
769 3249 818 3310 est
840 3243 957 3320 iudex3
981 3264 1055 3309 nam
1081 3266 1145 3330 qua
1173 3253 1222 3314 est
1244 3268 1324 3333 pera

137 3383 226 3431 cono
242 3364 392 3449 priuata,
410 3371 522 3452 utputa
544 3387 607 3453 qua
630 3372 679 3434 est
703 3370 881 3433 canonicus
906 3369 1013 3455 legem
1036 3371 1233 3439 residentiae
1257 3395 1322 3440 non

137 3508 283 3564 servans,
307 3491 370 3557 hac
391 3494 426 3557 in
449 3494 555 3579 specie
579 3494 775 3579 Episcopum
798 3494 978 3579 procedere
1002 3516 1096 3581 posse
1121 3504 1236 3564 contra
1258 3500 1321 3567 Vi·

136 3616 261 3680 carium
278 3617 470 3683 Generalem
487 3619 570 3685 sicut
584 3620 617 3684 in
633 3619 713 3685 alios
728 3618 881 3695 subditos,
896 3620 1146 3707 exploratissimi
1163 3625 1242 3691 iuris
1258 3629 1317 3691 est.

227 3739 303 3805 328.
328 3740 479 3815 Quaestio
502 3740 585 3807 haec
609 3742 799 3827 iampridem
824 3747 1031 3819 exortarum,
1056 3764 1172 3831 nempe
1199 3746 1239 3812 ab
1269 3767 1320 3814 ae

134 3865 201 3926 tata
225 3882 288 3946 qua
310 3864 381 3930 loco
404 3866 728 3950 Archidiaconorum‚
747 3868 898 3933 constitui
922 3874 1101 3954 coeperunt
1116 3870 1242 3937 Vicarii
1259 3874 1319 3939 Ge

134 3980 264 4046 nerales
287 4003 345 4048 seu
369 3982 532 4051 Officiales
555 3986 806 4072 Episcoporum;
831 3990 866 4051 at
889 3985 1032 4052 eiusdem
1065 3988 1218 4055 resolutio
1249 4010 1317 4055 non

133 4104 183 4165 est
205 4103 365 4169 unanimis
387 4104 471 4190 apud
494 4107 558 4171 DD.
578 4106 658 4172 Nam
685 4106 816 4182 (119919,
835 4112 868 4173 91
891 4107 1001 4194 plures
1025 4110 1071 4174 uti
1095 4111 1316 4187 Innocentius,
1400 4209 1405 4221 Ι

130 4232 166 4293 91
194 4230 469 4306 Archidiaconus‚
494 4233 540 4298 uti
570 4232 683 4299 videre
713 4238 763 4299 est
792 4232 878 4319 apud
900 4233 1072 4309 Sbrotium
1096 4235 1147 4301 De
1179 4236 1314 4305 Vicario

131 4355 308 4441 Episcopi,
333 4356 387 4424 tib.
412 4355 453 4435 3,
478 4376 510 4444 q.
534 4359 593 4441 57,
616 4379 651 4425 u.
681 4358 723 4436 3,
747 4364 930 4436 autumant,
954 4360 1149 4446 puniendum
1178 4384 1248 4431 esse
1271 4363 1314 4430 ab
1378 4404 1380 4409 .
