3292 5109
309 262 374 328 136
834 286 921 335 raas
945 288 983 335 11.

305 407 409 491 gotia,
439 410 508 474 tum
542 406 614 474 fidei
645 413 913 497 propagationem
948 413 982 475 in
1016 412 1269 480 occidentalibus
1302 413 1490 501 regionibus

307 537 448 597 curaret.
469 534 575 619 Atque
599 534 681 599 haec
698 534 915 621 Congregatio
940 534 1086 601 eumdem
1110 536 1252 604 habebat
1273 535 1371 603 finem
1393 557 1490 622 quem

306 650 421 719 deinde
454 654 567 721 habuit
600 662 633 723 et
667 658 700 721 in
731 659 918 743 praesentia
948 657 1047 724 habet
1077 658 1295 747 Gangregatio
1326 662 1491 748 generalis
1617 727 1621 750 ,

306 776 419 843 eodem
441 780 533 846 titulo
557 780 792 868 Propagandae
816 782 907 848 Fidei
930 784 1084 870 insignita
1106 791 1140 850 et
1162 805 1183 850 a
1202 786 1301 870 Greg.
1317 784 1385 851 XV
1405 786 1493 870 Apo

305 903 428 969 stolicis
451 906 568 972 litteris
591 907 647 974 die
667 906 719 973 23
742 908 830 972 Maii
852 908 947 973 1622
968 908 1051 975 datis
1073 915 1172 978 eu.»

396 1032 439 1098 Et
467 1032 499 1097 id
529 1050 624 1097 omne
654 1037 780 1119 gestum
807 1038 858 1099 est
888 1034 922 1098 in
945 1034 1112 1101 EcclcsIas
1134 1034 1322 1102 Orientales
1351 1055 1419 1101 non
1451 1054 1492 1101 eo

306 1158 439 1223 consiIIo
463 1164 498 1223 ut
521 1162 600 1225 ritus
624 1160 807 1241 orientales,
832 1165 868 1225 ut
890 1158 985 1225 docet
1008 1160 1128 1225 Bened.
1145 1160 1231 1227 XIV
1250 1162 1283 1226 in
1306 1160 1417 1229 const.
1434 1160 1494 1227 Al·

306 1284 396 1352 latae
418 1290 506 1357 tunt.
530 1288 659 1351 omnino
682 1283 898 1370 disperarent,
919 1305 1034 1349 verum
1058 1291 1094 1351 ut
1115 1286 1156 1371 ab
1180 1286 1349 1352 erroribus
1372 1306 1493 1372 purga-

305 1416 429 1483 rentur,
450 1411 525 1493 quia
542 1410 655 1494 <fidei
677 1410 792 1475 unicas
815 1430 893 1475 cum
916 1411 1146 1497 tepitimorum
1168 1410 1300 1476 tticum
1323 1411 1496 1477 varietate

305 1532 430 1617 optimc
446 1533 603 1608 conpetit,
619 1552 666 1599 ea·
681 1532 802 1618 quitos
818 1534 924 1599 immo
939 1533 977 1598 in
992 1534 1179 1601 Ecclesiam
1194 1534 1308 1618 ipsam
1323 1534 1495 1617 splendor·

306 1664 337 1725 et
352 1658 512 1725 otaicstas
534 1658 676 1744 mirifice
698 1658 875 1724 redundat
889 1680 921 1733 »‚
942 1660 986 1723 ita
1003 1658 1079 1724 PIus
1096 1659 1146 1723 IX
1162 1660 1194 1723 In
1211 1658 1320 1726 Const.
1335 1656 1495 1725 Romani

306 1780 495 1866 Pontifices.
520 1782 564 1848 Et
587 1780 705 1845 Bened.
732 1780 815 1845 XIV
840 1780 875 1844 iu
897 1781 952 1845 clt.
976 1779 1085 1847 const.
1109 1782 1244 1847 Allatae
1271 1779 1421 1847 cantito
1444 1778 1495 1844 Io

305 1907 414 1991 quitur
436 1905 476 1973 de
500 1907 551 1972 his
574 1904 704 1971 rItibus:
731 1904 969 1973 ‹Orientalem
993 1918 1101 1973 autem
1125 1906 1307 1973 Ecclesiam
1338 1904 1496 1971 omuibus

306 2038 417 2101 notum
441 2038 490 2101 est
512 2038 650 2118 quatuor
672 2030 786 2097 ritihus
810 2038 971 2114 constare,
996 2034 1122 2100 Graeco
1144 2032 1306 2107 videlicet,
1331 2035 1494 2107 Armeno,

305 2161 440 2247 Syriaco
465 2167 498 2227 et
520 2160 684 2246 Gophtico‚
709 2161 763 2244 qui
786 2179 864 2225 sane
889 2162 969 2225 nilus
1000 2162 1145 2226 universi
1173 2160 1232 2227 sub
1262 2180 1329 2227 uno
1357 2162 1497 2226 nomine

305 2284 474 2349 Ecclesiae
496 2302 636 2369 graecae
658 2288 716 2349 aut
738 2283 905 2349 orlentalis
928 2284 1155 2370 iutelliguntur
1174 2303 1239 2349 non
1262 2304 1357 2349 secus
1373 2304 1414 2349 ac
1430 2284 1496 2350 sub

307 2408 473 2473 Ecclesiae
487 2407 607 2472 latInae
624 2408 788 2471 Romanae
804 2409 936 2473 nomine
952 2410 1034 2473 ritus
1051 2409 1227 2490 Romanus,
1240 2407 1495 2490 Ambrosianus,
1624 2470 1626 2479 .

306 2530 535 2599 Moxarabicus
551 2536 584 2596 et
597 2532 679 2595 varii
703 2532 885 2617 peculiares
910 2534 990 2598 ritus
1010 2532 1159 2598 ordinum
1178 2532 1388 2618 Regularium
1405 2553 1497 2599 com·

303 2656 550 2745 prehenduntur
567 2678 597 2721 r.
622 2655 827 2743 Quapropter
858 2677 931 2723 cum
956 2659 1096 2722 maxime
1123 2665 1326 2745 augerentur
1356 2661 1497 2745 negotia

306 2781 515 2868 particularia
531 2780 699 2847 Ecclesiae
721 2782 888 2847 ortentalis
912 2788 944 2845 et
966 2802 1040 2866 spes
1061 2788 1287 2849 succresceret
1311 2782 1497 2850 revocandi

305 2907 346 2975 ad
361 2911 516 2974 unitatem
532 2907 733 2988 dissidentes,
751 2907 829 2972 Pius
846 2908 895 2972 IX
911 2907 1092 2992 providenti
1108 2910 1242 2975 consili0
1257 2910 1290 2973 in
1306 2910 1360 2974 cit.
1376 2907 1496 2975 Gonst.

305 3032 456 3099 Romani
469 3030 650 3117 Pontifices
671 3048 702 3095 a.
720 3028 814 3095 1862
831 3032 996 3098 constItuit
1010 3031 1183 3115 specialem
1199 3030 1497 3117 congregationem

307 3174 366 3243 pro
388 3153 533 3219 omnibus
556 3152 760 3217 orientalium
778 3151 1002 3217 Ecclesiarum
1017 3153 1155 3238 negotiis
1179 3152 1273 3217 unice
1295 3150 1496 3233 tractandis,

306 3299 388 3365 quae
412 3276 627 3363 congregatio
650 3275 776 3341 titulum
803 3277 960 3340 retineret
975 3274 1029 3340 Dc
1044 3274 1284 3362 Propapaada
1302 3275 1399 3356 Fide,
1413 3294 1497 3340 cum

305 3405 369 3469 hac
396 3408 503 3468 tamen
535 3402 721 3467 accessione
746 3418 849 3483 «pro
872 3399 1015 3485 negotiis
1036 3399 1126 3465 ritas
1147 3399 1324 3467 orientalis
1337 3420 1369 3461 r.
1395 3400 1498 3467 Haec

304 3528 409 3591 veteri
432 3524 683 3611 congregationi
706 3523 844 3587 accessit
870 3523 913 3587 uti
936 3541 1013 3606 pars
1043 3527 1077 3587 et
1106 3522 1184 3587 hinc
1213 3520 1312 3587 habet
1338 3520 1497 3589 eumdem

306 3650 508 3717 cardinalem
523 3648 729 3713 Praefectum
746 3652 778 3715 et
794 3648 906 3713 eodem
923 3649 1024 3712 utitur
1039 3649 1154 3734 agillo,
1168 3655 1286 3720 tamen,
1301 3646 1340 3711 ob
1356 3645 1499 3715 diversa

305 3778 451 3863 negotia,
475 3774 574 3839 habet
604 3775 769 3859 proprium
802 3774 1032 3845 secretarium,
1056 3774 1206 3859 proprios
1229 3772 1434 3838 consultores
1461 3782 1499 3839 et

305 3900 454 3987 proprios
465 3894 629 3963 officiales.
642 3897 788 3972 Quanam
804 3916 886 3960 vero
902 3897 1127 3969 sollicitudine,
1141 3902 1174 3962 et
1188 3898 1275 3982 quali
1288 3898 1440 3983 profectu
1459 3902 1496 3965 in

305 4024 449 4091 eamdem
465 4043 594 4090 causam
610 4024 710 4108 magis
726 4022 759 4087 in
776 4020 843 4087 dies
859 4020 1029 4087 adlaboret
1044 4023 1299 4108 sapientissimus
1310 4022 1376 4087 Leo
1389 4024 1495 4107 XIII,

305 4172 399 4237 quem
423 4152 508 4217 Deus
530 4152 671 4236 sospitet,
695 4168 790 4215 nemo
813 4168 893 4214 sane
916 4150 1055 4235 ignorat.
1618 4231 1619 4238 ἵ

395 4274 470 4339 120.
496 4274 676 4339 Praeterea
698 4271 755 4336 iel.
772 4292 814 4337 m.
836 4271 915 4337 Pius
935 4272 984 4336 IX
1007 4273 1041 4337 in
1064 4272 1172 4339 const.
1196 4270 1347 4338 Romani
1370 4270 1499 4340 Ponti-
1617 4347 1618 4372 Ξ

303 4398 391 4483 fiaes,
408 4398 483 4483 quia
499 4396 683 4462 Orientales
706 4395 870 4461 mordicus
893 4394 959 4460 suis
980 4394 1121 4481 liturgiis
1144 4394 1383 4462 adhaerentia
1407 4417 1499 4482 quas
