3292 5109
487 274 531 320 DE
555 272 694 321 tumens
718 272 984 321 nccaasmsrtcls
1270 254 1338 323 263

246 394 321 459 215.
349 393 470 460 Deinde
493 394 693 469 advertatur,
718 393 751 459 S.
770 396 1060 483 congregationem
1077 396 1337 462 consistorialem

155 516 247 604 fungi
270 539 396 603 quoque
413 540 550 585 munere
565 518 834 605 congregationis
849 521 941 587 Sacri
958 520 1093 606 collegii
1109 520 1336 587 cardinalium.

158 644 239 709 Nam
272 647 342 710 eius
372 645 575 713 Secretarius
606 646 752 730 aliusque
776 644 931 713 Officialis
962 666 1019 711 seu
1050 645 1245 714 Substitutus
1268 645 1338 731 (seu

155 765 365 851 Sollicitatur)
390 768 480 833 Sacri
505 766 640 853 collegii
661 768 739 833 dant
755 789 887 853 operam
911 768 1014 834 tribus
1038 768 1260 861 cardinalibus
1276 770 1336 835 ca-

153 890 258 971 pitum
283 889 462 963 Ominum,
486 890 610 955 scilicet
638 891 871 975 antiquioribus
894 894 927 957 in
954 891 1095 976 quolibet
1121 891 1234 956 ordina
1260 892 1337 955 Dia·

153 1014 278 1095 conali,
305 1014 530 1102 Presbyterali
554 1020 586 1081 et
610 1016 792 1101 Episcopali
825 1023 858 1081 et
888 1016 1050 1082 Cardinali
1078 1016 1264 1082 camerario
1288 1013 1335 1100 (1)

153 1138 185 1205 S.
199 1139 336 1226 collegii
350 1161 409 1225 pro
422 1148 575 1225 tempore,
588 1144 642 1241 pui
655 1142 832 1227 expediunt
843 1144 972 1229 negotia
985 1142 1177 1228 temporalia
1192 1140 1335 1207 eiusdem

153 1262 244 1329 Sacri
262 1265 406 1352 Collegit
421 1266 460 1331 ad
476 1266 571 1332 huius
587 1287 703 1354 nempe
718 1288 888 1333 commune
904 1269 1130 1353 patrimonium
1146 1269 1333 1353 spectantia,

155 1389 335 1453 reservatis
358 1393 467 1455 tamen
493 1392 696 1475 grauioribus
719 1390 943 1457 deliberationi
965 1391 1176 1457 assumendae
1199 1392 1232 1456 in
1256 1412 1333 1455 con-

152 1514 254 1574 ventu
279 1512 421 1576 omnium
446 1513 673 1578 Cardinalium.
701 1550 718 1563 -
744 1513 836 1589 Quod
860 1515 1074 1600 congregatio
1097 1512 1335 1581 consistorialis
1410 1553 1414 1559 ·

152 1650 209 1694 suo
242 1634 368 1717 gremio
401 1636 566 1700 contineat
597 1636 814 1702 Secretariam
845 1657 901 1702 seu
926 1637 1217 1723 congregationem
1240 1636 1333 1701 Sacri

151 1753 298 1841 Collegit
323 1776 378 1823 res
402 1764 450 1823 est
473 1760 665 1826 adamussim
690 1761 866 1827 conformis
889 1761 1008 1847 origini
1039 1762 1124 1827 illius
1147 1762 1331 1847 Congrege-

150 1878 247 1944 tionis
272 1880 451 1948 destinatae
468 1884 593 1951 directe
609 1890 641 1951 et
656 1886 851 1953 irnrnediute
869 1886 910 1951 ad
934 1886 1173 1951 inserviendum
1190 1886 1332 1973 collegio

152 1984 384 2079 cardinalium,
409 2006 561 2073 videlicet
585 2007 790 2073 Consistorm.

235 4061 275 4133 (l)
296 4061 452 4118 cardinalis
475 4064 628 4120 Camerarii
653 4066 680 4121 S.
700 4066 820 4137 Collegii
844 4086 944 4123 munus
968 4070 1050 4124 durat
1074 4071 1103 4123 iu
1128 4088 1230 4124 annum
1250 4074 1279 4125 et
1297 4072 1327 4126 in

144 4169 283 4223 mandatis
311 4170 397 4225 habet
415 4172 549 4242 vigilandi
569 4175 598 4228 in
617 4174 887 4231 administrationem
905 4180 1041 4233 bonorum
1061 4179 1087 4233 S·
1107 4178 1234 4249 collegii.
1253 4178 1325 4233 Hinc

145 4270 301 4327 cardinalis
330 4274 505 4330 camerarius
530 4278 556 4330 S.
581 4276 700 4347 Collegii
728 4278 813 4349 longe
840 4281 927 4335 distat
953 4300 971 4336 a
997 4282 1139 4341 cardinali
1164 4284 1325 4338 Camerario

145 4377 173 4431 S.
192 4380 271 4435 Rom.
291 4380 435 4437 Ecclesiae
454 4383 487 4438 de
506 4399 561 4454 quo
579 4400 734 4441 sermonem
753 4385 909 4441 habuimus
