3292 5109
295 261 365 327 :380
826 282 911 331 esus
936 281 971 328 11.

294 408 512 487 cognosceret
532 422 648 467 causas
669 402 843 467 districtam
867 404 1014 467 Romani.
1039 404 1189 470 videlicet
1208 403 1331 469 decisas
1353 403 1386 467 in
1409 403 1472 466 tri·

297 525 466 593 buualihus
489 527 729 595 aeclesiasticis
751 530 1007 612 respectivarum
1035 526 1217 593 dioecesum
1246 527 1303 591 tali
1326 526 1475 593 districtu

294 652 616 737 comprehensarum.
647 672 745 737 quam
774 653 961 719 facultatem
993 656 1068 739 quia
1099 674 1163 718 non
1194 652 1335 718 abotevit
1367 652 1476 719 Ganst.

298 812 318 825 ·
342 776 522 843 Romanae
547 778 674 844 Curiae
697 813 716 826 -
739 778 849 843 adhuc
870 778 983 863 vigere
1006 777 1176 843 dicendum
1199 784 1258 842 ast.

385 898 463 963 302.
489 901 527 963 ln
549 899 662 965 eadem
678 901 787 966 Consi.
804 900 959 965 Pontifex
974 900 1036 965 sub
1055 905 1076 982 ξ
1091 901 1152 973 20,
1169 899 1250 964 haec
1267 896 1378 963 habet:
1396 920 1415 959 a
1432 898 1476 963 ln

296 1024 411 1088 caucia
432 1043 538 1107 super
558 1024 790 1091 matrimoniis
810 1024 992 1090 contractis
1015 1026 1052 1089 ia
1081 1024 1169 1093 L’rbe
1191 1024 1242 1090 uel
1263 1024 1379 1109 atiquo
1406 1022 1476 1089 alio

295 1164 512 1231 quonamque
527 1148 600 1213 toea
622 1148 715 1213 intra
738 1147 812 1213 eius
838 1148 1045 1221 Distrietum,
1063 1148 1100 1212 iu
1122 1168 1190 1233 quo
1213 1146 1396 1213 ordinaria
1415 1164 1476 1211 seu

299 1272 512 1354 apocopam
527 1272 715 1339 iurisdictio
727 1274 814 1336 reuelli
826 1274 927 1338 atteri
938 1279 1114 1356 cartapetat,
1121 1278 1226 1357 prout
1238 1273 1341 1337 etiam
1354 1272 1476 1337 incau·

296 1394 346 1459 ais
366 1411 472 1476 nuper
495 1396 736 1461 Ixsruaumosa
760 1415 796 1461 m·
819 1414 1009 1461 assumens
1034 1397 1306 1461 Eccnnsnsncn
1327 1394 1364 1459 iu
1384 1392 1475 1459 dieta

304 1517 401 1592 Urbe,
417 1525 449 1584 et
463 1520 501 1583 ia
523 1518 642 1585 iisdem
659 1521 741 1587 loeis
763 1520 992 1594 existentibus,
1009 1521 1189 1587 statuimus
1211 1526 1400 1604 competere
1422 1520 1475 1583 iu-

295 1645 528 1712 risdictionem
554 1646 734 1712 Cardiuati
766 1648 908 1729 licerio,
925 1648 1096 1731 prieatire
1119 1648 1166 1713 ael
1189 1647 1392 1713 Auditarem
1415 1645 1476 1711 Ca·

298 1790 416 1837 ulmae
438 1778 469 1837 et
491 1792 727 1859 quaecumque
749 1776 821 1839 alia
850 1774 947 1841 tlrbic
977 1774 1197 1840 Tribunatia:
1221 1776 1263 1839 Iu
1286 1774 1364 1840 aliis
1396 1790 1473 1839 cero

296 1894 412 1959 causis
439 1895 668 1977 spectantibus
696 1896 745 1962 ael
770 1898 843 1962 eius
872 1897 1055 1971 Tribuual‚
1084 1904 1204 1965 canoa
1234 1898 1374 1964 clericos
1403 1914 1473 1961 nou

297 2026 483 2103 coemptos,
509 2021 662 2087 uidelicet
682 2041 739 2087 eos
761 2023 822 2107 qui
843 2022 911 2088 sint
937 2020 1058 2088 Clem'ei
1081 2022 1231 2089 Romani
1252 2022 1387 2087 ratioue
1409 2020 1474 2087 ori·

296 2142 388 2227 qima
410 2145 462 2209 vel
485 2142 646 2230 beneficii,
669 2146 721 2209 cel
745 2152 865 2212 eontra
896 2146 987 2211 Loca
1019 2145 1083 2209 Pia
1113 2146 1292 2211 macentia
1323 2144 1360 2208 iu
1389 2141 1476 2209 Urbe

297 2267 442 2351 aliisque
464 2268 546 2333 loeis
564 2268 744 2351 praefatis,
769 2270 987 2335 declaramus
1014 2270 1123 2335 eidem
1154 2275 1343 2352 competere
1365 2268 1403 2332 iu
1430 2267 1473 2333 ci·

298 2389 420 2455 vilibus
435 2391 703 2458 iurisdictionem
718 2394 923 2458 cumulatim
939 2414 1015 2459 cum
1032 2396 1103 2461 solo
1125 2394 1292 2460 Auditore
1309 2394 1474 2459 Gamerae

295 2519 330 2580 et
351 2520 593 2600 consequente·
614 2516 704 2581 inter
726 2534 783 2583 eos
805 2518 917 2584 locum
940 2536 1011 2583 osse
1029 2516 1268 2599 praecentioui
1292 2536 1322 2581 u.
1350 2516 1386 2579 lu
1410 2515 1473 2579 hoc

295 2636 435 2701 anticulo
458 2636 581 2703 attendi
603 2637 699 2703 debet
720 2658 879 2722 quaenam
903 2640 944 2702 sit
966 2640 1141 2703 auctoritas
1166 2637 1260 2703 Oard.
1285 2636 1411 2703 Vicarii
1440 2639 1472 2700 in

296 2780 412 2827 causas
442 2760 657 2828 beneficiales.
688 2762 851 2847 Siquidem
882 2765 989 2849 prouti
1021 2764 1210 2847 cuicumque
1244 2763 1376 2827 Vicario
1407 2763 1475 2826 sive

297 2886 451 2953 Generali
474 2887 544 2951 sive
559 2886 733 2972 capitulari
758 2906 822 2951 non
847 2888 997 2970 competit
1021 2884 1250 2951 beneficiorum
1274 2887 1413 2959 collatio,
1431 2888 1475 2950 ita

297 3010 381 3075 haec
395 3010 550 3075 attributa
565 3030 629 3074 non
645 3017 694 3075 est
710 3010 804 3076 (laud.
822 3010 973 3086 Vicari0;
991 3012 1106 3097 quippe
1123 3009 1261 3075 habetur
1275 3010 1365 3094 quasi
1381 3015 1473 3074 actus

297 3136 498 3203 liberalitatis
521 3158 579 3203 seu
602 3138 782 3204 donationis
804 3134 1035 3203 beneficiorum
1059 3136 1197 3201 collatio.
1223 3171 1241 3183 -
1266 3134 1329 3201 Sed
1360 3154 1475 3201 causas

295 3262 452 3327 diuimcre
474 3268 606 3329 exortas
629 3264 719 3327 circa
741 3259 898 3327 beneficia
921 3262 973 3327 vel
997 3260 1195 3326 conferenda
1219 3260 1270 3325 vel
1295 3259 1415 3325 collata
1440 3261 1490 3357 li2

297 3387 376 3453 bere
399 3387 599 3473 possidenda.
616 3392 665 3452 est
687 3393 779 3453 actus
798 3390 955 3463 iustiliae;
977 3394 1009 3453 et
1033 3388 1095 3452 hoe
1118 3408 1214 3453 sensu
1237 3406 1354 3452 causae
1377 3406 1476 3471 super

297 3515 495 3578 institutione
507 3514 561 3577 vet
576 3513 659 3578 tituli
676 3512 828 3578 collativa
840 3514 892 3577 vel
908 3513 1039 3578 realiin
1056 3510 1219 3578 beneficiis
1235 3511 1473 3590 ecclesiasticis,

296 3641 484 3722 competunt
499 3638 667 3721 privative,
681 3637 797 3721 quoad
812 3636 882 3701 alla
900 3636 1095 3711 tribunalia,
1110 3636 1204 3703 Card.
1220 3636 1250 3699 V
1253 3636 1354 3701 icario
1369 3633 1473 3700 Urbis

387 3764 513 3828 Verum
542 3764 617 3847 quia
647 3764 811 3828 Romanus
840 3760 993 3827 Pontifex
1021 3754 1056 3827 in
1078 3762 1215 3827 dioecesi
1244 3762 1390 3826 Romana
1417 3757 1475 3823 be-

297 3884 413 3953 neficia
443 3886 571 3952 content
601 3906 661 3971 per
691 3887 855 3950 Datariam
887 3886 1122 3969 apostolicam,
1154 3884 1237 3949 haec
1267 3889 1316 3948 est
1345 3900 1476 3968 compe-

296 4018 370 4078 tens
399 4012 440 4078 ad
470 4011 687 4097 expediendas
718 4032 832 4078 causas
862 4010 1067 4078 beneficiales
1097 4012 1278 4076 accessoria
1309 4028 1476 4076 connexas

297 4154 370 4200 cum
395 4135 523 4219 negotio
546 4132 764 4219 perficiendae
787 4134 976 4199 collationis.
1327 4214 1331 4227 .

388 4259 438 4324 Re
460 4278 537 4323 sane
553 4277 634 4324 vera
649 4258 681 4322 in
699 4258 832 4322 Dataria
847 4256 905 4342 pr'o
921 4256 1060 4321 dioecesi
1076 4256 1169 4321 Rom.
1186 4256 1374 4322 collationes
1391 4252 1473 4318 flunt

297 4401 362 4446 uon
386 4383 457 4447 iure
472 4381 711 4449 reservationis
726 4382 778 4446 vel
794 4380 1017 4447 devotationis
1036 4380 1093 4446 sed
1109 4381 1180 4445 iura
1195 4380 1359 4445 ordinario
1376 4383 1409 4445 et
1424 4377 1475 4443 di-
