3292 5109
342 263 405 335 124
857 280 944 329 rans
967 281 1005 329 ιι.

340 405 540 472 ‹Enecatto
563 404 809 489 rescriptorum
834 406 868 471 S.
895 405 999 493 Ooog.
1024 408 1159 478 Ecctes„
1184 422 1274 490 qaae
1300 423 1373 470 non
1396 402 1521 470 tntae

337 531 580 599 contentiosam
604 530 882 603 iurisdictionem,
900 530 1098 597 decernitur
1114 528 1288 613 privative
1311 548 1335 593 a
1356 528 1520 595 Praelata

337 658 504 724 Auditcre
530 657 695 724 Gamerae
712 678 741 721 a.
758 656 892 722 Demum
909 658 942 721 in
960 658 1098 722 Decreta
1113 655 1200 723 edin
1222 675 1243 720 a
1266 654 1299 722 S.
1316 654 1418 739 Goug.
1437 654 1520 720 con-

336 784 403 847 cilii
428 802 457 847 a.
484 782 568 847 1847
593 782 696 866 quoad
721 800 907 866 processum
934 780 1130 847 servandum
1160 780 1193 845 in
1217 780 1333 859 causis,
1357 778 1447 845 iuris
1469 796 1522 845 or·

336 906 417 971 dine
440 911 582 987 seranta,
600 904 766 991 agitandis.
784 906 805 989 5
821 906 866 972 25
882 910 1033 973 cavetur:
1059 926 1078 968 e
1097 905 1209 977 Quam
1231 904 1400 971 sententia
1424 908 1521 968 tran-

336 1027 429 1091 sierit
452 1026 490 1091 in
511 1046 585 1092 rem
609 1026 806 1097 indicatam,
828 1026 1036 1093 autenticum
1061 1027 1243 1108 eaemptar
1265 1024 1448 1091 monetur
1470 1023 1522 1088 ci-

335 1151 422 1217 ctori
444 1149 505 1234 qui
527 1150 614 1215 ittnd
636 1151 754 1234 offeret
782 1150 889 1215 iudici
912 1150 1089 1217 executori
1112 1149 1326 1216 Litterarum
1345 1148 1522 1231 -Apnstoti-

336 1294 471 1351 corum,
500 1280 530 1341 et
561 1274 782 1341 Decretornm
811 1274 846 1340 S.
875 1272 1186 1361 Congregationam
1217 1274 1266 1339 ad
1296 1266 1522 1339 obtinendam

334 1400 530 1482 appositam
554 1400 734 1465 Decretum
766 1399 996 1465 enecatoriate
1018 1420 1045 1461 a.
1075 1398 1114 1463 In
1139 1398 1203 1463 hoc
1227 1400 1367 1463 Decreta
1393 1416 1463 1461 non
1487 1394 1523 1461 tit

336 1523 455 1587 mentio
479 1522 645 1589 Auditoris
669 1522 835 1602 Gamerae,
859 1524 905 1587 uti
929 1522 1068 1587 habetur
1085 1524 1116 1585 in
1132 1522 1197 1586 alio
1213 1522 1354 1587 Decreta
1370 1540 1400 1585 a.
1420 1519 1521 1588 1793.

334 1647 409 1729 quia
433 1666 491 1732 per
515 1646 763 1711 reformationes
787 1665 807 1709 a
833 1646 890 1709 Pio
915 1644 965 1711 IX
987 1643 1135 1711 inductas
1159 1648 1192 1710 et
1214 1664 1277 1731 ⁴suo
1308 1643 1380 1707 loco
1413 1637 1523 1727 expli·

336 1779 425 1838 cates
449 1773 586 1838 Auditor
609 1771 766 1839 Gamerae
795 1790 859 1835 non
890 1771 1025 1856 amplius
1057 1772 1251 1836 auctoritate
1274 1770 1417 1856 pollebat
1441 1789 1523 1835 con-

334 1899 473 1963 tentiosa
503 1899 535 1961 in
567 1895 719 1962 tribunali
752 1896 791 1960 ab
816 1897 885 1961 eius
907 1895 1037 1961 nomine
1072 1900 1268 1979 nuncupato.
1300 1894 1523 1970 Quamobrem

336 2020 384 2083 vis
408 2020 579 2083 executiva
595 2038 659 2083 non
683 2018 789 2081 inerat
813 2018 980 2101 rescriptis
1003 2018 1035 2083 S.
1052 2015 1358 2101 congregationum,
1383 2018 1447 2110 nisi
1471 2036 1524 2082 ac

334 2138 467 2203 cederet
493 2137 606 2204 iudicis
634 2140 845 2223 competentis
867 2140 1039 2206 decretum
1063 2138 1303 2205 caecatomate.
1328 2137 1422 2205 Unde
1446 2158 1524 2203 sen-

333 2266 454 2329 tentiae
478 2264 509 2330 S.
535 2266 828 2351 Congregationum
852 2268 1058 2349 comparatae
1081 2264 1216 2331 fuerunt
1231 2262 1278 2351 (l)
1302 2264 1525 2330 decisionibus

337 2386 511 2459 [totalibus.
530 2408 612 2473 quae
627 2387 826 2473 litigantibus
843 2387 981 2453 iudicum
997 2390 1239 2473 opinameutum
1256 2387 1523 2469 manifestabant,
1625 2452 1626 2479 ξ

334 2530 480 2594 quaeque
504 2510 776 2597 impugnabantur
796 2512 830 2575 iu
854 2511 966 2576 eodem
989 2516 1086 2577 turno
1104 2512 1211 2578 Rotali
1235 2532 1296 2597 per
1319 2510 1525 2596 beneficiam

334 2652 443 2699 nacae
466 2633 670 2707 audientiae,
688 2632 742 2699 sed
760 2635 936 2699 sententias
951 2653 1016 2698 nou
1036 2632 1221 2699 efficiebant
1238 2634 1420 2715 iudiciales,
1438 2654 1524 2717 quo·

335 2776 435 2839 usque
459 2756 671 2842 expeditionis
687 2776 744 2823 seu
761 2758 961 2822 executionis
980 2759 1174 2843 rescriptum
1190 2778 1256 2822 non
1271 2758 1486 2843 sequebatur.
1505 2794 1523 2805 -
1559 2815 1563 2821 .

335 2879 449 2952 Hodie,
466 2898 562 2962 quum
579 2884 709 2944 taceam
724 2881 837 2944 curiae
851 2878 1034 2951 tribunalia,
1048 2899 1091 2944 ex
1106 2881 1176 2964 ipsa
1192 2882 1389 2945 necessitate
1406 2900 1525 2945 rerum
1623 2947 1625 2963 ,

333 3026 413 3071 vere
430 3009 631 3072 contentiosa
645 3005 678 3072 S.
695 3006 1007 3092 congregationibus
1029 3008 1205 3072 auctoritas
1228 3009 1379 3089 accessit,
1396 2993 1525 3093 imper·

332 3126 432 3191 tiendi
455 3126 580 3192 scilicet
602 3128 668 3192 suis
683 3126 823 3192 decretis
846 3129 1077 3211 sententiisque
1096 3129 1163 3192 vim
1186 3127 1371 3195 iudicialem
1395 3148 1525 3195 execu·
1622 3217 1623 3220 Ἴ

333 3250 433 3315 tivam
458 3246 514 3333 (2).

422 3526 462 3597 tl)
481 3527 521 3579 Cf.
537 3544 562 3579 n.
575 3524 619 3580 73.
638 3526 669 3581 In
683 3527 860 3581 praefatione
873 3528 985 3597 Operis:
1008 3528 1115 3583 Causae
1132 3530 1162 3581 in
1177 3530 1203 3583 S
1220 3530 1305 3599 Cana.
1322 3530 1444 3585 Conciiii
1455 3550 1527 3603 prc-

328 3638 436 3703 positae
460 3637 513 3688 etc.
539 3650 607 3703 quas
632 3634 809 3703 collegerunt
837 3634 1011 3688 Christianus
1037 3636 1146 3705 Linges
1171 3616 1199 3691 οἵ
1224 3636 1326 3690 Perna
1350 3638 1528 3694 Alexander

333 3742 429 3795 itariae.
444 3770 457 3782 ·
473 3740 650 3806 Ratisbonae,
663 3742 739 3812 typis
755 3742 852 3795 Pustet
867 3770 881 3782 ·
895 3739 947 3795 hoc
962 3742 1087 3796 innuitur
1100 3745 1360 3813 infine51i'3sed
1373 3762 1429 3800 uon
1445 3754 1527 3803 recte

332 3846 489 3914 explicatur
507 3848 580 3900 ratio
601 3863 658 3919 qua
682 3847 724 3900 vis
746 3848 894 3902 executiva
919 3848 1133 3917 impertiebatur
1159 3848 1202 3903 his
1228 3849 1428 3919 decisionibus,
1456 3854 1527 3924 quia

331 3952 509 4006 confunditur
527 3952 720 4006 authenticitas
739 3951 888 4005 decisionis
908 3969 971 4007 curn
990 3954 1050 4007 eius
1070 3958 1098 4007 ai
1117 3957 1273 4011 executina.

420 4054 459 4127 (2)
480 4054 508 4109 in
529 4060 607 4111 textu
627 4058 713 4111 citato
732 4056 811 4111 Card.
834 4057 872 4112 De
886 4056 963 4111 Luca
981 4057 1008 4111 id
1028 4060 1140 4128 proprie
1159 4062 1303 4129 asseritur,
1323 4079 1427 4133 nempe
1448 4064 1525 4118 Con·

276 4190 281 4199 ·
333 4164 512 4233 gregationes
537 4180 591 4217 non
614 4181 644 4218 se
664 4163 792 4233 ingerere
817 4164 845 4216 in
871 4164 1049 4233 quaestiones
1076 4170 1187 4220 exortas
1214 4168 1291 4223 circa
1318 4172 1526 4226 executionem

332 4280 443 4318 surorum
469 4266 666 4334 rescriptorum
692 4266 871 4319 Contrarium
897 4268 980 4319 hodie
1005 4269 1107 4323 obtinet
1134 4268 1174 4323 Cf.
1195 4269 1385 4341 castrimaris,
1406 4274 1526 4331 Eneca·

330 4370 413 4422 tionis
431 4371 583 4423 sententiae
602 4367 656 4425 disi
680 4371 711 4423 12
731 4370 863 4425 Deccmb.
880 4370 957 4438 1896,
965 4390 1022 4442 per
1039 4390 1138 4427 summ.
1155 4393 1284 4445 precam,
1299 4379 1329 4432 in
1348 4380 1376 4432 S.
1392 4380 1421 4435 0.
1439 4380 1527 4436 Cane.
