3292 5109
285 284 350 350 186
811 302 896 351 ruas
919 304 957 350 11.

283 432 408 491 cretum
433 426 625 491 enunciatur
641 444 706 490 non
722 428 901 511 praemissa
918 447 1024 511 neque
1039 426 1118 492 lacti
1134 424 1242 511 specie
1258 443 1364 508 neque
1378 423 1465 489 dubii

283 550 431 616 formula.
450 585 468 598 -
486 552 516 617 Α
532 548 598 615 XX
615 550 778 615 volumine
801 552 914 637 incipit
934 552 1094 636 copiosior
1110 550 1305 635 quaestionis
1321 554 1354 613 et
1370 568 1465 613 reso-

281 680 412 745 lutionis
428 678 552 753 relatio;
569 698 654 742 anuo
672 678 759 744 1679
775 680 809 743 in
825 679 979 744 volumen
996 680 1152 744 inseritur
1165 677 1288 760 folium
1304 678 1392 763 typis
1407 678 1463 742 im·

282 823 437 888 pressum,
455 802 533 866 illud
557 822 671 886 nempe
695 802 816 875 folium,
835 802 928 886 quod,
947 802 1096 868 referens
1120 802 1328 866 summarium
1345 818 1464 863 causae

281 946 327 993 ea
350 927 457 1011 officio
473 946 493 990 a
512 926 696 992 Secretario
721 928 914 1001 confectum,
933 926 1157 995 cardinalibus
1180 926 1385 992 distribuitur
1408 927 1463 992 ali·

282 1061 358 1139 quot
372 1054 492 1125 diebus.
510 1060 681 1138 antequam
697 1055 793 1139 plena
810 1053 971 1120 habeatur
988 1053 1107 1141 cong:
1126 1059 1161 1119 at
1176 1057 1342 1140 responsio
1353 1074 1463 1120 mauu

280 1180 408 1264 scripta
431 1180 535 1246 dubiis
557 1180 734 1245 subiicitur.

370 1305 549 1369 Praeterea
572 1304 605 1367 in
622 1302 807 1368 Secretaria
831 1307 1042 1368 asservantur
1058 1302 1243 1388 Registrum
1266 1301 1461 1375 litterarum,

281 1448 362 1514 quae
385 1431 514 1494 nomine
531 1428 562 1495 S.
581 1430 681 1514 Cong.
699 1430 882 1502 mittuntur,
900 1433 932 1493 et
950 1447 1053 1513 parva
1076 1428 1219 1513 Regesta
1237 1429 1459 1499 Decretorum.

280 1570 337 1615 seu
361 1550 536 1615 summaria
560 1548 714 1633 quaedam
739 1550 969 1624 materiarum
994 1567 1136 1612 necnon
1152 1545 1227 1612 libri
1250 1547 1364 1631 quibus
1387 1567 1462 1612 con·

279 1676 424 1741 tinentur
448 1675 622 1741 relationes
645 1674 836 1739 visitationis
860 1672 914 1739 SS.
940 1672 1109 1736 Liminum.
1137 1707 1156 1720 -
1185 1671 1277 1737 Haec
1300 1672 1381 1736 scitu
1407 1692 1461 1736 ne

279 1804 422 1869 cessaria
444 1806 518 1867 sunt
541 1806 576 1866 ut
599 1798 638 1863 ab
665 1798 715 1863 his
743 1798 883 1883 regestis
909 1796 1106 1862 decisionum
1129 1794 1345 1883 distinguatur
1374 1796 1460 1861 Tbe-

278 1946 404 1993 saurus
419 1925 685 1997 Resolutioaum,
700 1923 752 2007 qui
770 1924 887 2008 passim
904 1924 1022 1987 citatur
1037 1919 1120 2006 apud
1136 1920 1327 1987 canonistas
1342 1922 1460 2005 quique

278 2052 406 2139 vulgari
431 2054 536 2138 coepit
559 2071 590 2117 a.
616 2049 702 2115 1718
724 2056 859 2115 auctore
882 2048 1058 2115 Benedicta
1076 2047 1170 2121 XIV,
1192 2050 1246 2133 qui
1269 2054 1346 2115 tnnc
1368 2070 1389 2113 a
1410 2070 1460 2115 se·

279 2176 377 2240 cretis
389 2181 460 2239 erat
476 2174 570 2239 huius
582 2171 851 2258 Congregationis
864 2168 920 2255 (1).
934 2170 973 2234 In
986 2169 1154 2235 Thesauro
1169 2169 1361 2236 referuntur
1371 2169 1459 2235 dum·

277 2303 369 2363 taxat
391 2297 614 2369 resolutiones,
640 2314 723 2378 quae
747 2292 887 2357 eduntur
911 2294 943 2355 in
966 2291 1064 2377 plena
1083 2294 1334 2378 congregatione
1352 2292 1392 2357 ad
1408 2314 1460 2359 re·

277 2422 446 2488 solvendas
463 2422 665 2505 quaestiones
681 2417 816 2501 infolio
834 2423 996 2501 exaratas,
1011 2419 1098 2504 typis
1122 2418 1288 2503 evulgata
1308 2454 1326 2467 ·
1352 2419 1459 2484 Hodie

276 2550 361 2614 enim
377 2546 421 2613 ab
437 2567 468 2611 a.
485 2544 576 2611 1847
591 2544 748 2630 quaedam
773 2563 891 2609 causae
915 2544 1049 2609 minoris
1064 2545 1227 2625 momenti,
1245 2562 1311 2609 non
1326 2549 1459 2610 conten·

276 2668 384 2741 desae,
403 2673 626 2753 proponuntur
642 2665 855 2731 resolvendae
871 2668 903 2729 in
920 2668 1028 2749 plena
1044 2666 1306 2752 congregatione
1322 2670 1355 2729 et
1369 2667 1459 2752 typis

276 2789 516 2873 imprimuntur,
541 2786 597 2851 sed
620 2787 771 2852 dicuntur
802 2789 918 2873 agitari
939 2807 1006 2871 per
1028 2788 1221 2853 rumuuaru'a
1250 2806 1397 2871 precum
1422 2794 1458 2853 et

275 2913 319 2976 ita
341 2911 581 2997 distinguuntur
604 2911 644 2977 ab
668 2912 739 2977 aliis
764 2912 907 2995 infolio
931 2914 1111 3000 propositis,
1135 2932 1241 2997 neque
1263 2912 1457 2978 referuntur

273 3036 304 3099 in
329 3035 502 3103 Thesauro
518 3035 776 3104 Resolutiouum
801 3037 858 3102 sed
880 3041 1005 3104 tantum
1021 3040 1056 3103 in
1072 3036 1169 3104 tibris
1184 3037 1415 3105 Decretorum.
1433 3070 1454 3084 ·

275 3157 489 3231 Quamobrem
514 3160 673 3223 Aucmres
696 3160 749 3243 qui
781 3158 963 3225 decisiones
990 3159 1138 3225 recolunt
1165 3160 1261 3225 huius
1285 3160 1316 3225 S.
1342 3160 1454 3243 (long,

274 3282 400 3349 easdem
425 3288 606 3369 excerpunt
629 3304 674 3350 ece
697 3283 793 3350 libris
814 3285 1036 3351 Decretorum
1060 3304 1160 3369 usque
1182 3284 1223 3349 ad
1238 3304 1268 3349 a.
1288 3283 1388 3360 17183
1412 3282 1454 3349 ab

273 3411 336 3476 hoc
358 3430 443 3476 anno
467 3429 486 3474 e
508 3410 681 3478 Thesauro
704 3409 973 3485 Resolutiouum,
990 3412 1018 3476 si
1034 3412 1105 3477 illas
1129 3412 1271 3497 excipias
1291 3431 1375 3495 quae
1386 3429 1455 3493 per

271 3533 462 3599 summaria
486 3552 630 3616 precum
662 3532 858 3617 evulgautur
879 3532 1006 3616 aliaque
1030 3534 1173 3617 excipias
1196 3532 1344 3603 Decreta,
1370 3551 1453 3615 quae

272 3663 396 3723 tantum
427 3665 640 3723 recensentur
673 3659 704 3721 in
737 3657 830 3723 libris
860 3659 1082 3724 Decretorum.
1108 3693 1126 3707 ·
1151 3658 1345 3724 Benedictus
1368 3659 1453 3725 XIV

270 3781 307 3845 iu
330 3780 400 3847 ruis
426 3780 599 3863 Operibus,
623 3781 721 3845 veluti
746 3780 784 3846 iu
805 3780 860 3847 lib.
878 3778 930 3854 13,
951 3800 978 3846 c.
994 3779 1054 3852 24,
1071 3799 1105 3845 u.
1123 3780 1211 3845 6De
1225 3778 1308 3867 Spu.
1325 3780 1451 3856 Dioec„

271 3905 449 3971 decisiones
484 3905 587 3969 refert
622 3903 717 3969 huius
742 3904 844 3991 Cong.
873 3904 932 3969 has
967 3904 1161 3989 depromens
1193 3925 1237 3970 ex
1260 3906 1356 3973 libris
1385 3926 1453 3973 me-

269 4029 468 4097 morialium
490 4048 550 4095 seu
572 4028 767 4112 supplicum
795 4028 995 4094 libellorum.
1021 4026 1064 4091 Hi
1095 4028 1171 4094 libri
1199 4034 1274 4095 suut
1304 4031 1450 4097 fascicrdi

359 4204 398 4274 (l)
417 4204 583 4260 Benedictus
596 4204 662 4258 XIV
681 4209 780 4259 auctor
797 4204 859 4272 luit,
880 4220 942 4259 cnm
962 4221 979 4258 a
998 4204 1120 4259 Secretis
1138 4211 1220 4271 esset,
1242 4211 1273 4261 ut
1290 4207 1321 4260 iu
1339 4207 1451 4277 singulo

269 4312 339 4385 solie
358 4327 466 4377 causae,
485 4310 565 4380 large
586 4309 758 4365 recoleretur
777 4309 998 4379 iurieprudentia
1016 4309 1049 4363 Η.
1068 4309 1095 4363 S.
1115 4310 1144 4364 G.
1163 4311 1255 4383 quoad
1273 4328 1354 4367 casus
1372 4312 1449 4367 casui

268 4418 447 4471 controverso
465 4414 579 4469 similes.
