3292 5109
249 226 318 292 366
779 242 864 289 raas
887 241 924 289 11.

189 410 192 421 ι
250 388 382 441 serens,
407 370 476 433 eius
504 366 637 433 decreta
659 364 854 431 authentico
876 364 947 431 uim
970 361 1093 429 babere
1116 363 1323 429 electorem
1349 362 1431 429 Con·

249 491 433 559 stitutionis
455 489 655 572 Pontificius
679 508 805 553 «come
829 486 976 553 dichiard
999 486 1032 551 la
1047 507 1072 551 s.
1089 507 1129 550 m.
1147 485 1180 551 di
1199 486 1330 552 Urbano
1346 486 1431 552 VIII

252 636 271 681 e
288 614 396 701 quindi
413 614 579 681 coniermd
593 616 774 681 Innocenzo
786 612 819 677 X
831 632 893 677 con
905 611 1037 677 decreto
1049 611 1101 676 del
1113 612 1158 677 30
1169 611 1284 697 Luglio
1298 611 1385 677 1652
1401 634 1432 675 ›.

343 739 377 827 2)
414 741 595 806 Praeterea
630 738 796 803 decretum
831 757 896 803 non
926 738 1069 821 exquirit
1102 738 1286 801 necessarIo
1314 736 1434 820 Papae

253 866 544 939 consultationem,
570 864 626 930 sed
650 862 816 929 dumtaxat
839 862 1023 947 expostulat
1045 864 1138 949 signa
1160 863 1432 939 authenticitatis3

255 990 340 1057 unde
363 990 451 1055 iubet
466 988 577 1055 fideles
600 993 636 1054 ut
658 987 899 1055 inuiolabiliter
921 992 1056 1054 seruent
1077 988 1137 1052 has
1153 987 1331 1053 decisiones
1347 987 1433 1053 dum·

256 1117 349 1183 modo
372 1121 498 1183 constet
521 1116 561 1181 ab
584 1116 778 1181 auctoritate
801 1110 835 1178 S.
860 1112 1154 1199 congregationum
1178 1112 1343 1199 prodiisse.

277 1284 280 1293 ·
346 1242 380 1329 3)
405 1243 515 1325 Neque
552 1241 585 1304 in
618 1240 751 1305 decreto
785 1238 853 1303 ulla
881 1237 918 1302 fit
948 1237 1109 1303 distinctio
1144 1241 1232 1303 inter
1258 1238 1436 1303 decisiones

254 1368 552 1452 comprehensivas
575 1370 631 1431 aut
653 1364 847 1431 aeternitas
875 1363 932 1429 sed
960 1362 1105 1428 absolute
1127 1365 1326 1448 praecipitur
1348 1364 1434 1445 istas,

256 1491 428 1557 dummodo
457 1490 669 1562 authenticas,
694 1488 871 1554 servandas
902 1507 974 1552 esse
1002 1486 1248 1562 iuviolabiliter;
1281 1487 1435 1572 siquidem

256 1616 323 1678 rim
348 1618 381 1677 et
403 1612 548 1676 valorem
571 1610 714 1676 habeant
733 1608 979 1676 »constitutionis
1004 1606 1193 1673 Pontiliciae
1218 1606 1274 1694 (1).

347 1738 422 1805 294.
449 1736 512 1803 Sed
536 1735 610 1801 inde
633 1736 824 1821 gravissima
842 1734 947 1799 oritur
962 1734 1123 1817 quaestio;
1149 1734 1306 1817 quomodo
1322 1756 1437 1821 nempe

259 1862 441 1928 huiusmodi
465 1862 597 1926 decreta
620 1862 685 1925 vim
708 1861 790 1945 legis
813 1861 939 1944 assequi
962 1860 1103 1933 valeant,
1118 1879 1215 1944 quum
1238 1862 1438 1948 promulgari

260 2008 326 2053 non
350 1988 482 2052 soleant.
503 1986 722 2071 promulgatio
746 1990 853 2050 autem
877 1990 926 2051 est
948 1986 1135 2050 necessaria
1157 2007 1217 2071 pro
1241 2007 1328 2053 nova
1350 1987 1438 2054 indu-

259 2112 365 2181 cenda
387 2115 473 2199 lege;
498 2118 531 2178 et
553 2113 616 2178 hoc
640 2112 888 2196 exploratissimi
919 2111 1000 2175 iuris
1031 2115 1088 2177 est.
1108 2147 1125 2160 -
1152 2113 1323 2178 Contraria
1354 2114 1440 2179 enim

260 2238 369 2323 opinio
393 2238 480 2301 nullo
504 2234 661 2322 probabili
684 2236 834 2299 innititur
858 2234 1076 2322 fundamento.

353 2362 466 2432 Bouix,
484 2362 517 2423 in
541 2359 694 2423 Tractatu
718 2359 767 2423 De
787 2354 893 2422 Curio
911 2357 1079 2432 Romano,
1092 2378 1175 2443 pap.
1193 2358 1280 2432 307,
1297 2366 1441 2426 autumat

261 2484 500 2549 declarationes
523 2502 580 2547 eeu
604 2482 888 2566 interpretationes
904 2481 1002 2566 (long.
1021 2480 1156 2547 Concilii
1183 2482 1273 2546 nulla
1295 2484 1442 2569 indigere

264 2606 521 2693 promulgatione
544 2605 584 2669 ad
608 2603 794 2690 obIIgandos
818 2604 987 2669 universos
1011 2602 1131 2678 fideles,
1157 2608 1231 2689 quia
1259 2606 1319 2689 ipsi
1343 2605 1443 2673 bodie

355 2870 394 2941 (l)
408 2870 511 2925 Verum
525 2871 583 2940 ipse
598 2870 746 2939 Fagnanus
763 2870 827 2939 Cup.
842 2870 885 2923 cit.
899 2870 1035 2927 Quonirm
1047 2872 1083 2923 tle
1098 2868 1187 2922 Const.
1201 2888 1228 2923 n.
1242 2873 1284 2923 42
1296 2871 1445 2942 distinguit

202 3051 204 3055 v
263 2976 419 3031 decisiones
431 2976 673 3056 comprehensiras
686 2978 721 3029 ab
735 2978 887 3031 ostensivis
900 2980 928 3029 et
941 2975 974 3029 de
989 2974 1031 3028 bis
1043 2975 1136 3029 docet:
1149 2990 1166 3027 c
1179 2976 1342 3030 solemnitas
1355 2978 1446 3048 publi·

264 3082 385 3136 cationis
403 3082 514 3153 quidem
533 3082 657 3151 exigitur
675 3082 703 3135 in
724 3080 795 3150 legis
814 3081 951 3146 editione;
973 3081 1056 3151 idque
1081 3086 1175 3135 servat
1198 3082 1284 3135 etiam
1309 3082 1335 3135 S.
1355 3082 1443 3153 Cong.

214 3174 216 3180 ,
267 3190 295 3242 in
316 3190 434 3243 decretis
452 3206 523 3259 quaa
543 3205 592 3258 per
609 3188 719 3243 modum
739 3204 827 3242 novae
845 3188 917 3257 legis
936 3189 971 3240 ab
990 3188 1050 3257 ipsa
1068 3188 1197 3255 eduntur,
1208 3194 1239 3242 nt
1257 3194 1336 3257 patet
1354 3190 1384 3243 in
1397 3189 1445 3245 de·

265 3295 352 3349 cretis
370 3294 404 3349 de
423 3295 557 3363 apostatis
576 3298 604 3348 et
622 3294 728 3359 eiectis,
741 3295 775 3348 de
795 3296 878 3349 rebus
891 3294 1061 3364 regularium
1076 3311 1130 3349 non
1143 3294 1306 3365 alienandis,
1319 3297 1353 3351 de
1371 3296 1446 3353 cele-

269 3400 398 3454 bratione
411 3400 559 3454 Missarum
579 3405 607 3455 et
626 3400 689 3455 aliis
702 3401 858 3455 huiusmodi
872 3416 897 3457 a.
913 3402 1021 3456 Revera
1035 3402 1062 3455 id
1075 3401 1179 3471 pluries
1192 3404 1296 3455 iactum
1316 3407 1368 3467 est,
1380 3403 1447 3473 qnia

268 3504 425 3559 huiusmodi
445 3505 556 3561 decreta
581 3506 615 3561 ad
640 3508 773 3562 maiorem
798 3507 1001 3561 conciliandam
1027 3508 1212 3561 reverentiam
1238 3513 1268 3561 et
1291 3508 1447 3563 faciliorem

270 3610 450 3679 ingerendam
469 3612 598 3666 notitiam
614 3612 756 3682 publicata
769 3617 835 3667 suut
852 3628 902 3682 per
915 3612 1037 3667 LItteras
1050 3614 1227 3676 pontificiam
1248 3613 1296 3668 sed
1314 3612 1384 3667 haec
1402 3629 1448 3666 so·

269 3717 401 3773 lemnitas
419 3718 617 3789 publicationis
636 3719 717 3774 hodie
736 3720 764 3773 in
790 3735 867 3774 more
893 3737 948 3774 nou
972 3725 1023 3775 est.
1042 3721 1153 3776 Revera
1178 3720 1203 3774 S.
1224 3720 1310 3791 cong.
1330 3721 1449 3776 Consilii

268 3830 317 3883 die
335 3830 380 3881 25
391 3829 463 3882 Maii
476 3828 555 3881 1893
568 3828 715 3883 Decretum
727 3826 814 3883 edidit
827 3856 840 3868 -
861 3828 994 3899 Vipilunti
1007 3858 1023 3867 -
1037 3828 1070 3882 ad
1084 3828 1314 3898 compescendum
1332 3831 1450 3883 abusum

269 3934 459 4005 commutandi
478 3950 664 3988 marceacum
687 3934 874 4005 eleemosynis
898 3934 1063 4000 Missarum,
1082 3933 1257 3987 comminatis
1281 3936 1379 4004 poenis
1402 3951 1450 3988 su-

272 4042 427 4111 spensionis
446 4047 474 4097 et
493 4040 795 4105 excommunicationis,
808 4040 856 4096 sed
868 4039 948 4094 nulla
960 4042 1123 4095 solemnitas
1138 4042 1338 4111 publicationis
1354 4040 1451 4096 habita

271 4150 325 4202 est.
344 4150 397 4200 Ast
415 4152 542 4202 curatum
560 4148 614 4202 tuit
632 4151 664 4201 ut
681 4163 731 4215 per
748 4144 940 4215 ephemerides
958 4144 1011 4199 hoo
1030 4146 1173 4201 decretum
1195 4145 1404 4217 ditulgaretur3
1421 4150 1452 4201 et

274 4268 391 4307 numero
409 4252 529 4322 plurima
547 4252 623 4322 typis
642 4250 761 4307 eduntur
773 4250 953 4321 exemplaria,
971 4253 1004 4305 ut
1022 4250 1056 4304 ad
1069 4251 1229 4305 ordinarios
1245 4252 1389 4323 exemplar
1406 4250 1451 4305 de·

272 4358 345 4412 creti
364 4358 447 4413 facile
466 4360 680 4414 transmittatur.
