3292 5109
310 261 377 327 362
766 263 769 272 ’
838 277 923 325 raes
946 278 983 324 11.

310 544 333 625 ᾖ
355 542 386 608 2.
411 542 462 609 De
484 543 628 640 decretis
650 542 684 609 S.
713 540 1034 628 Conprepationum,
1054 559 1115 607 eeu
1137 540 1181 607 de
1203 538 1494 607 declarationibus

399 672 459 733 out
481 666 816 751 interpretationibus
846 666 1037 741 entensioia,
1066 684 1156 751 quoe
1177 684 1289 733 noooe
1319 664 1408 751 lepis
1429 664 1493 730 eim

399 790 531 858 habent.

311 986 528 1043 summarium.
547 1015 581 1027 -
600 986 661 1040 293.
685 986 794 1041 Revera
817 986 970 1041 nonnullae
989 985 1015 1039 S.
1036 984 1274 1054 congregationes
1294 984 1493 1037 auctoritatem

399 1092 477 1161 leges
494 1092 601 1146 ferendi
619 1090 731 1145 habent„
746 1120 760 1134 ·
773 1090 938 1161 speciminis
957 1091 1050 1161 gratia
1075 1092 1194 1145 refertur
1212 1091 1242 1143 in
1260 1100 1329 1143 noto
1352 1088 1493 1143 decretum

398 1214 416 1251 a
435 1197 461 1251 S.
481 1196 566 1267 Cong.
586 1196 691 1251 Concil.
709 1196 823 1251 editum.
838 1224 852 1237 ·
867 1198 908 1251 De
925 1196 1103 1251 Clericorum
1122 1198 1356 1251 excordinotioue
1377 1205 1404 1249 et
1423 1196 1491 1248 ord·-

398 1304 509 1356 notione
520 1330 534 1344 ·
545 1303 591 1356 die
604 1302 645 1354 20
658 1300 728 1355 Iulii
741 1302 830 1355 1898.
840 1330 877 1342 -
886 1300 947 1355 294.
961 1300 1102 1362 Quomodo
1116 1306 1182 1355 tunc
1196 1300 1389 1370 prospiciatur
1404 1316 1494 1353 nece--

398 1412 489 1465 sarisa
508 1410 603 1480 legum
622 1409 848 1479 promulgationi.
871 1409 1022 1464 Resellitur
1040 1410 1134 1479 opinio
1153 1409 1251 1474 Bouix,
1269 1408 1321 1479 qni
1340 1408 1495 1461 arbitraria

400 1523 443 1573 est
453 1516 508 1587 legi
519 1515 679 1571 condendae
689 1515 940 1585 promulgationem
951 1514 1024 1569 haud
1033 1532 1094 1571 esse
1105 1515 1299 1570 necessariam.
1309 1542 1349 1555 -
1358 1514 1421 1567 295.
1432 1513 1492 1565 lude

398 1625 498 1679 fortius
521 1626 702 1679 confirmetur
719 1624 762 1676 vis
781 1622 1001 1678 declarationum
1022 1624 1333 1695 comprehensivam,
1356 1626 1388 1676 et
1405 1621 1467 1690 expl
1480 1651 1492 1660 -

398 1737 478 1786 catur
496 1732 590 1801 praxis
608 1731 703 1786 curiae
718 1746 851 1785 romanae
870 1734 899 1784 at
918 1732 1082 1797 praesertim
1102 1728 1127 1783 S.
1150 1728 1239 1784 Rotae
1261 1728 1294 1782 K
1309 1756 1344 1770 -
1358 1729 1424 1783 296.
1437 1728 1494 1782 Al-

399 1836 464 1907 quid
488 1836 518 1889 in
542 1836 635 1905 specie
659 1834 786 1889 innuitur
809 1834 844 1888 de
871 1832 897 1887 S.
916 1834 1002 1903 Gorg.
1023 1834 1147 1887 Ritunm.
1166 1862 1201 1875 -
1219 1834 1282 1887 297.
1310 1832 1353 1888 De
1375 1833 1492 1888 decretis

398 1938 425 1993 S.
445 1938 692 1993 Poenitontiariae.

399 2138 475 2205 293.
499 2137 591 2214 Quod
606 2138 639 2204 S.
656 2137 909 2224 Congregationi
928 2137 1057 2203 Rituum
1077 2136 1254 2203 auotoritas
1269 2134 1493 2220 compotatio

310 2263 405 2329 rendi
423 2264 522 2348 teges,
539 2266 628 2349 petet
643 2281 686 2327 ex
701 2261 838 2327 recitato
862 2259 993 2327 decreto
1009 2264 1100 2326 etex
1123 2258 1216 2326 dictis
1231 2279 1262 2324 n.
1279 2258 1357 2333 177,
1376 2262 1488 2335 etrenr

311 2384 510 2450 enucleatius
533 2384 669 2449 inferius
692 2380 935 2468 explicabimus.
953 2382 999 2447 De
1015 2382 1046 2449 S.
1065 2381 1163 2468 Cong.
1182 2378 1319 2447 concilii
1335 2380 1491 2445 Doctores

304 2510 428 2595 passim
444 2508 507 2574 hoc
522 2507 718 2580 inficiantur,
735 2508 792 2573 sed
807 2526 989 2594 perperam.
1005 2542 1023 2557 ·
1041 2508 1091 2573 Ite
1106 2504 1412 2593 Sohmalzgrueber,
1429 2504 1449 2569 l.
1462 2524 1488 2570 o.

309 2656 342 2700 rt.
368 2633 439 2698 474
469 2634 531 2699 ait:
566 2634 713 2717 (Atqui
741 2633 775 2698 S.
803 2632 907 2719 Gorty.
931 2630 1082 2717 (Concil.)
1112 2651 1158 2699 ero
1186 2650 1252 2696 erto
1282 2630 1489 2697 natitantem

310 2759 545 2827 auctoritatem
574 2760 676 2826 istam
707 2757 945 2847 (legislativam)
970 2778 1034 2824 non
1062 2759 1160 2825 habet
1184 2778 1214 2823 a.
1241 2758 1437 2839 Lehmkuhl,
1460 2758 1487 2837 Ι,

309 2907 343 2951 n.
360 2886 444 2961 204,
465 2888 511 2951 ait
534 2885 573 2952 de
597 2887 709 2953 eadem
725 2887 1003 2974 congregatione:
1023 2909 1041 2950 ‹
1106 2907 1204 2972 quum
1220 2887 1251 2954 S.
1270 2886 1486 2973 congregatio

311 3010 491 3096 lepiferom
513 3015 702 3095 potestatem
726 3030 791 3076 non
814 3010 934 3078 habeat
950 3016 1046 3077 etc.»
1072 3015 1106 3076 et
1127 3009 1213 3075 idern
1229 3011 1349 3075 asserit
1368 3010 1483 3095 Pigne-

310 3133 383 3214 telli
402 3134 436 3197 in
458 3138 551 3199 textu
573 3134 680 3209 citato,
705 3134 851 3217 quamvis
875 3133 993 3199 exinde
1019 3152 1085 3199 non
1115 3132 1237 3199 incidat
1260 3134 1294 3197 in
1318 3132 1419 3197 alium
1440 3151 1486 3197 er-

311 3275 430 3329 rorem,
456 3254 595 3341 negandi
618 3276 747 3321 omnem
770 3258 835 3321 vim
860 3254 1131 3321 declarationibus
1147 3255 1243 3320 huius
1259 3254 1361 3341 Cong.
1378 3258 1484 3321 aeori-

310 3382 400 3457 siois,
424 3384 469 3446 uti
493 3383 664 3447 innuimus.
683 3416 701 3430 -
719 3380 782 3447 Sed
806 3400 850 3446 ex
871 3381 1010 3446 adverso
1035 3400 1092 3447 nos
1111 3380 1278 3446 docuimus
1302 3399 1333 3445 n.
1353 3381 1428 3454 161,
1443 3382 1487 3445 le-

310 3508 459 3595 gislativa
480 3509 672 3573 auctoritate
695 3506 782 3571 hanc
805 3505 1096 3591 congregationem
1111 3505 1237 3590 pollere
1253 3511 1287 3571 et
1300 3505 1365 3571 hoc
1381 3526 1486 3572 necas-

310 3634 397 3697 sario
420 3630 522 3697 fluere
538 3652 580 3697 ex
596 3636 754 3718 potestate
778 3631 807 3695 ei
831 3648 986 3696 concessa
1002 3628 1034 3694 in
1052 3629 1158 3696 Consi.
1175 3630 1362 3705 Immerito,
1382 3632 1486 3716 prouti

310 3761 399 3823 notat
422 3757 490 3841 ipse
513 3756 688 3839 Fagnanus
701 3757 735 3820 in
755 3753 836 3838 Cap.
856 3752 1024 3825 Quoniam
1047 3753 1097 3819 De
1116 3750 1237 3830 Gonst„
1254 3774 1288 3819 n.
1308 3755 1357 3822 65
1371 3755 1484 3821 adrer-

309 3880 399 3941 tans:
425 3874 582 3950 ‹Quibus
605 3873 730 3940 accedit
753 3872 838 3957 quod
861 3873 920 3939 etsi
943 3871 984 3937 ad
1008 3871 1094 3939 hano
1116 3874 1422 3959 interpretationem
1443 3876 1486 3939 fa·

311 3999 457 4066 ciendam
480 3999 683 4066 desideretur
705 4000 855 4085 praecisa
886 4000 1061 4063 auotoritas
1091 3997 1173 4084 legis
1203 3999 1411 4081 condendae,
1434 4000 1487 4065 illa

310 4129 419 4191 tamen
442 4144 508 4190 non
531 4122 667 4197 deesset,
692 4126 766 4208 quia
781 4122 882 4209 Cong.
904 4142 947 4188 ex
970 4122 1065 4187 Bulla
1081 4124 1174 4204 sixti,
1194 4122 1232 4189 in
1255 4124 1309 4191 tm
1332 4144 1420 4211 quae
1441 4124 1486 4190 od
1545 4094 1551 4108 ⁸

310 4269 448 4317 morum
476 4249 759 4333 reformationem
789 4252 1014 4319 concernunt,
1038 4246 1275 4313 auctoritatem
1305 4246 1403 4315 habet
1419 4264 1485 4331 pm

310 4378 439 4445 iustitia
462 4382 493 4444 et
515 4376 684 4463 aequitate
707 4373 912 4442 decernendi
929 4391 1163 4460 quoecumque
1184 4373 1250 4441 sibi
1270 4374 1346 4442 otro
1358 4372 1483 4460 suoru
