3292 5109
507 282 551 327 na
575 280 715 329 inmens
739 279 1007 329 aoonnsmsmers
1283 256 1350 324 335

256 405 335 470 Cum
359 404 390 467 in
414 402 612 487 exequendis
634 401 926 489 dispensationibus
956 399 1130 485 aliquando
1160 419 1241 463 vere
1272 396 1351 462 iudi·

164 528 257 595 ciniis
281 529 468 612 requiratur
490 529 653 613 inquisitio
670 534 703 594 et
725 528 815 603 ordo,
833 528 1005 612 aliquando
1022 525 1278 591 extraiudicialis
1293 522 1350 590 sed

165 672 295 738 semper
319 654 478 737 exigatur,
503 672 562 738 pro
585 651 826 727 fulminatione
849 652 1061 722 executionis.
1083 650 1247 715 decretum
1272 668 1350 715 exe·

166 776 315 849 cationis,
344 774 547 850 advertatur,
572 774 756 841 iudicialem
778 776 832 839 vel
864 774 1141 840 extraiudicialem
1166 772 1350 860 appellatio·

168 920 241 965 nem
265 920 286 964 a
308 900 441 965 decreto
464 900 517 965 vel
541 899 581 965 ab
605 900 722 987 egendi
748 900 875 965 ratione
898 900 1084 965 executoris
1100 898 1262 983 interponi
1285 916 1352 961 non

168 1042 262 1109 posse
285 1024 345 1087 nisi
362 1022 403 1087 ad
419 1022 583 1089 Summum
601 1020 801 1097 Pontificem,
819 1042 878 1087 seu
901 1021 942 1086 ad
963 1022 1127 1087 Datariam
1144 1020 1196 1085 vel
1213 1018 1254 1084 ad
1272 1020 1351 1083 Poe-

169 1149 401 1229 nitentiariam‚
416 1168 481 1213 non
497 1147 537 1213 ad
554 1148 747 1234 Episcopum
764 1148 817 1227 vel
834 1148 874 1212 ad
891 1147 1191 1233 Metropolitanum;
1217 1152 1250 1211 et
1268 1147 1352 1211 ratio

168 1272 203 1335 in
226 1276 339 1356 aperto
364 1275 430 1345 est;
455 1274 648 1335 executores
672 1270 758 1335 enim
782 1270 905 1355 pollent
928 1274 1086 1355 potestate
1109 1268 1267 1355 delegata.

261 1396 414 1471 Quamvis
438 1397 570 1462 Dataria
593 1396 818 1461 concessiones
843 1396 952 1483 pratris
976 1414 1039 1459 non
1064 1394 1223 1481 expediat,
1243 1399 1353 1459 tamen

168 1537 281 1584 omnes
305 1524 497 1584 executores
520 1519 588 1583 sive
604 1538 624 1582 a
640 1518 772 1582 Dataria
795 1518 864 1583 sive
879 1537 899 1581 a
917 1517 1173 1581 poenitentiario
1196 1514 1353 1581 habentes

171 1645 372 1710 executionis
394 1643 594 1719 mandatum,
619 1646 722 1730 gratis
754 1645 885 1709 omnino
908 1663 1001 1707 suum
1032 1664 1148 1708 munus
1176 1642 1353 1727 adimplere

170 1770 299 1835 debent.
328 1770 429 1836 Oonc.
460 1770 566 1853 Tricl,
592 1772 679 1836 Sess.
702 1770 764 1846 25,
790 1788 865 1852 cap.
889 1769 932 1834 18
959 1770 1006 1836 De
1027 1769 1092 1852 res.

260 1893 336 1960 276.
362 1896 399 1959 in
423 1895 532 1977 specie
555 1892 659 1976 quoad
687 1893 914 1958 eoncessiones
945 1912 965 1956 a
997 1893 1253 1957 Poenitentiaria
1281 1889 1353 1956 deri

173 2016 285 2081 solitas
308 2014 498 2081 advertatur
521 2014 636 2081 bodie:

266 2138 295 2227 l)
320 2138 500 2223 Aliquando
525 2139 709 2206 Ordinariis
737 2138 872 2205 concedi
903 2138 1075 2225 generales
1104 2136 1277 2202 facultates
1307 2136 1355 2201 di-

173 2266 346 2352 spensandi
369 2267 465 2333 etiam
484 2287 552 2351 pro
574 2266 652 2347 foro
677 2272 830 2333 externo.
847 2266 909 2333 Sed
932 2272 1010 2332 tunc
1033 2267 1212 2350 iniungitur
1235 2270 1271 2329 ut
1292 2264 1356 2331 Or·
1457 2308 1461 2314 ι

173 2387 291 2454 dinarii
319 2393 436 2454 curent
464 2394 500 2455 ut
529 2388 582 2471 qui
614 2386 861 2473 dispensationis
893 2390 1001 2475 gratia
1031 2387 1204 2459 fruuntur,
1236 2384 1356 2471 aliquid

174 2512 303 2577 solvant
323 2534 383 2599 pro
406 2513 529 2578 iuribus
552 2512 712 2578 Datariae.
730 2513 822 2587 Quae
843 2511 1019 2577 admonitio
1044 2509 1084 2575 ab
1100 2512 1268 2595 Episcopis
1284 2510 1355 2595 plu-

175 2635 249 2701 rimi
272 2636 420 2702 facienda
436 2642 499 2712 est;
524 2636 681 2720 siquidem
696 2636 772 2721 ipsis
789 2655 980 2721 persuasum
997 2654 1068 2699 esse
1085 2633 1190 2706 debet,
1208 2634 1357 2719 ingentes

174 2782 337 2848 expensas
360 2782 379 2827 a
402 2763 433 2829 S.
459 2762 541 2830 Sede
575 2764 704 2849 erogari
732 2765 764 2828 in
790 2762 999 2850 rependenda
1030 2780 1176 2847 congrua
1206 2760 1358 2827 mercede

176 2882 376 2951 Officialibus
400 2886 511 2951 curiae
534 2888 587 2969 qui
611 2887 644 2951 in
668 2886 750 2952 haec
773 2888 906 2972 negotia
928 2888 1126 2953 incumbunt.

266 3008 300 3094 2)
324 3009 413 3075 Solet
435 3011 531 3076 etiam
554 3008 588 3075 S.
610 3012 866 3077 Poenitentiaria
889 3010 1120 3078 accedentibus
1143 3012 1360 3097 personaliter

177 3134 219 3199 ad
234 3132 352 3200 Urbem
370 3135 429 3199 etsi
453 3136 517 3199 sint
531 3135 722 3220 simpliciter
732 3154 919 3219 pauperes,
937 3135 995 3201 sed
1010 3156 1081 3204 non
1096 3137 1248 3220 impares
1262 3136 1360 3202 alicui

176 3262 275 3323 taxae
297 3258 481 3343 solvendae,
498 3259 684 3325 condonare
703 3260 907 3327 medietatem
930 3265 1038 3334 taxas,
1056 3261 1225 3327 dummodo
1248 3267 1361 3327 orator

179 3383 339 3450 accedens
362 3385 515 3451 exhibeat
544 3385 731 3451 schedulam
763 3391 917 3471 peractae
939 3388 973 3451 in
998 3384 1086 3453 Urbe
1116 3387 1361 3452 sacramentalis

179 3508 401 3573 confessionis.
421 3506 635 3577 -Praeterea
652 3510 881 3577 accedentibus
903 3511 945 3576 ad
968 3512 1088 3579 Urbem
1112 3532 1171 3597 per
1193 3512 1361 3579 maiorem

179 3630 431 3698 hebdomadam
462 3638 494 3699 et
525 3632 751 3701 exhibentibus
782 3636 981 3721 praedictam
1013 3636 1200 3702 schedulam
1232 3638 1362 3725 intepre

179 3753 263 3819 solet
283 3756 451 3822 remittere
474 3763 595 3823 laxam.

271 3876 304 3965 3)
321 3877 483 3956 Ceterum,
502 3882 545 3947 uti
561 3884 624 3946 iam
642 3883 884 3969 explicavimus,
901 3884 1008 3950 facilis
1023 3904 1126 3969 usqne
1143 3889 1192 3949 est
1206 3904 1361 3950 recursus

180 3998 224 4066 ad
239 4002 271 4069 S.
286 4003 573 4073 Poenitentiariam
585 4028 645 4094 pro
661 4008 787 4075 casibus
803 4008 869 4075 fori
880 4012 1020 4093 externi,
1034 4012 1088 4095 qui
1103 4009 1364 4097 superexcedunt

180 4122 363 4190 ordinarias
386 4124 557 4195 facultates
579 4128 714 4197 Maioris
736 4128 996 4197 Poenitentiarii.

272 4248 305 4336 4)
330 4250 463 4317 Demum
487 4254 524 4319 in
547 4254 680 4322 casibus
703 4258 841 4325 occultis
859 4276 928 4341 pro
951 4258 1030 4340 foro
1045 4258 1179 4324 interno
1195 4263 1244 4324 est
1259 4258 1364 4325 admo-

181 4369 258 4437 dum
281 4373 368 4439 utilis
391 4382 424 4442 et
446 4384 645 4463 opportunus
671 4382 732 4449 iste
756 4383 862 4450 facilis
892 4404 1046 4450 recursus
1070 4382 1277 4449 confessariis
1309 4388 1364 4470 qui
