3292 5109
474 304 518 349 nn
541 302 681 351 malcus
705 302 972 351 nccnnsinsricm
1259 284 1329 351 209

236 425 309 493 175.
334 426 387 493 Ex
410 428 508 493 citato
531 430 624 493 textu
646 432 736 512 patet
759 426 881 513 duplex
903 426 1087 493 distinctum
1111 447 1226 492 munus
1252 426 1330 493 huic

141 547 394 637 Congregationi
426 552 581 619 tributum
613 553 726 629 fuisse;
754 552 893 619 alterum
917 572 1033 637 nempe
1056 553 1189 637 respicit
1219 572 1330 618 sacros

141 672 227 739 ritus
251 680 284 741 et
298 673 379 739 alios
399 676 542 762 religiosi
560 676 665 741 cultus
681 680 773 741 actus
796 674 1019 747 moderandos,
1036 694 1098 740 nec
1117 695 1182 739 non
1205 680 1330 741 contro

141 798 270 863 versias
299 800 609 885 praeminentiarum
632 798 888 887 componendas;
923 801 1061 864 alterum
1089 819 1170 864 vero
1196 799 1331 885 respicit

142 942 259 990 causas
276 923 552 992 Beatificationum
569 932 602 993 et
617 924 904 993 Canonizationum
926 926 1070 1012 legitimo
1094 926 1235 992 iudiciali
1257 946 1330 1013 pro

142 1065 238 1111 cessa
263 1047 491 1133 expediendas.
518 1048 627 1125 Quare
651 1052 683 1114 in
707 1050 770 1115 hoc
794 1048 937 1114 secundo
960 1068 1095 1113 munere
1111 1048 1143 1114 S.
1162 1049 1260 1134 Cong.
1277 1067 1331 1134 po·

140 1174 304 1239 tissimum
328 1176 429 1241 utitur
452 1180 609 1261 potestate
633 1176 792 1251 iudiciali;
816 1178 850 1239 in
875 1176 979 1259 primo
1002 1180 1110 1239 autem
1133 1174 1330 1259 potissimum

141 1296 421 1371 administrativa,
447 1298 504 1365 sed
527 1301 628 1366 utitur
652 1320 777 1384 quoque
802 1299 944 1365 iudiciali
975 1305 1009 1366 et
1029 1298 1213 1383 legislativa
1238 1303 1330 1384 pote·

142 1426 246 1505 state,
276 1425 391 1510 quippe
416 1425 445 1489 ei
470 1426 622 1509 competit
657 1430 724 1491 tum
748 1426 992 1489 controversias
1018 1422 1171 1487 dirimere
1193 1423 1330 1509 praemi·

143 1548 331 1611 nentiarum
354 1547 498 1631 aliasque
515 1546 546 1611 id
569 1567 685 1632 genus,
709 1553 777 1613 tum
801 1546 892 1633 leges
915 1548 1006 1611 serre
1028 1546 1196 1631 liturgicas
1212 1565 1331 1629 easque

144 1670 348 1745 reformare,
372 1673 418 1737 uti
449 1677 537 1757 patet
560 1692 602 1737 ex
633 1673 769 1739 recitato
793 1677 895 1738 textu.
922 1670 1039 1736 -Alia
1070 1666 1252 1736 differentia
1282 1673 1332 1735 est

146 1798 274 1859 attente
309 1794 449 1859 notanda
480 1794 566 1858 inter
588 1814 687 1860 unum
713 1799 746 1862 et
768 1795 909 1859 alterum
933 1812 1065 1869 muuus;
1088 1790 1248 1873 videlicet,
1271 1809 1330 1855 ne-

146 1918 236 2003 gotia
266 1920 386 2003 prioris
408 1919 539 2005 generis
570 1917 725 2004 expedire
749 1923 857 2004 potest
883 1919 965 1984 haec
988 1918 1204 2003 congregatio
1233 1918 1331 1983 etiam

147 2044 332 2109 inconsulto
350 2045 496 2109 Romano
517 2042 687 2121 Pontifice,
704 2047 779 2129 quia
795 2045 963 2131 delegatae
986 2045 1151 2130 potestatis
1175 2043 1332 2109 exercitio

148 2187 215 2233 non
238 2166 348 2233 addita
371 2173 420 2233 est
443 2174 534 2234 sueta
557 2168 702 2235 clausula
730 2168 877 2237 «Nobis
897 2170 998 2251 prius
1019 2168 1228 2241 consultis»,
1249 2186 1332 2252 quae

148 2286 301 2355 adiicitur
334 2290 572 2373 tantummodo,
608 2289 682 2355 dum
720 2290 925 2355 decernitur:
957 2288 1115 2375 ‹Officio
1149 2288 1267 2355 diuino
1290 2288 1333 2355 de

149 2417 287 2483 Sanctis
293 2418 456 2485 Patronis
468 2420 655 2484 examinent
666 2416 881 2503 (Cardinales)
894 2423 928 2484 et
937 2416 1044 2485 Nobis
1055 2418 1156 2501 patus
1172 2417 1333 2485 consultis

149 2538 331 2605 concedant
345 2562 376 2603 ›.
401 2539 465 2606 Sed
487 2540 550 2605 hoc
573 2542 736 2626 negotium
757 2542 900 2625 pertinet
915 2538 956 2604 ad
975 2540 1113 2605 alteram
1137 2540 1282 2611 classem,
1300 2542 1334 2603 et

149 2661 247 2727 huius
270 2663 401 2748 generis
425 2666 554 2750 negotia
577 2664 661 2749 quod
685 2670 818 2751 spectat,
844 2665 950 2730 omnia
972 2662 1155 2729 definienda
1176 2668 1252 2729 suut
1274 2682 1333 2727 ex-

151 2789 253 2872 petita
275 2788 330 2854 vel
352 2790 584 2875 approbatione
607 2791 661 2856 vel
684 2792 753 2877 ipsa
777 2793 937 2857 sententia
960 2788 1124 2855 definitiva
1149 2788 1254 2876 prouti
1282 2786 1334 2853 ola

153 2919 305 2981 servatur
317 2916 351 2979 in
367 2916 472 2981 causis
489 2912 765 2982 Beatiflcationum
782 2921 814 2981 et
827 2916 1121 2981 Canonizationum.
1138 2950 1156 2962 -
1173 2913 1216 2978 cf.
1232 2914 1333 2977 Bene·
1367 2972 1371 2979 .

151 3038 229 3105 dicti
252 3038 347 3112 XIV,
371 3058 426 3123 op.
443 3041 495 3105 cit.
514 3039 568 3108 lib.
587 3040 614 3114 l,
639 3060 713 3123 cop.
729 3040 791 3115 22,
815 3060 851 3105 a.
868 3040 921 3105 10.
945 3077 962 3087 -
987 3038 1050 3105 Sed
1072 3039 1169 3105 hodie
1192 3058 1260 3105 mos
1284 3042 1335 3104 est

151 3168 189 3229 ut
211 3164 318 3227 omnia
341 3162 474 3229 decreta
497 3184 608 3230 sacros
631 3158 713 3231 rit'us
737 3164 918 3250 spectantia
942 3184 1006 3229 non
1031 3164 1169 3230 edantur
1191 3165 1253 3229 nisi
1276 3184 1334 3249 ap·

150 3288 300 3375 probatio
323 3290 499 3354 accesserit
522 3290 553 3355 S.
575 3287 751 3355 Pontificis.

245 3412 318 3477 176.
343 3412 435 3479 Unde
459 3414 489 3477 in
515 3414 580 3478 suis
604 3415 700 3478 etiam
719 3411 919 3480 Officialibus
942 3413 1025 3478 haec
1048 3413 1265 3500 Congregatio
1281 3434 1354 3494 ex-,

152 3538 264 3623 primit
280 3535 440 3622 duplicem
457 3536 642 3619 qualitatem
658 3535 842 3603 huiusmodi
855 3537 1008 3602 muneris.
1025 3535 1188 3602 Videlicet
1202 3542 1335 3623 praeter

152 3658 309 3725 officiales
333 3660 386 3743 qui
417 3658 693 3725 indiscriminatim
723 3657 895 3725 intendunt
921 3659 955 3724 in
979 3657 1179 3744 expedienda
1204 3660 1335 3747 negotia

153 3788 187 3847 et
211 3782 380 3849 exaranda
402 3778 476 3849 acta
499 3784 592 3850 huius
609 3784 708 3871 Gong.
726 3782 782 3870 (l);
806 3758 954 3849 nonnulli
977 3784 1139 3851 habentur
1161 3786 1335 3870 praecipue

155 3904 378 3971 incumbentes
401 3908 434 3971 in
459 3926 572 3972 causas
595 3905 847 3973 Beatificationis
872 3911 905 3972 et
928 3907 1195 3973 canonizationis.
1214 3907 1335 3971 -Huic

157 4030 407 4116 congregationi
438 4050 503 4095 non
535 4031 670 4116 amplius
693 4033 834 4116 quinque
864 4032 921 4097 sed
943 4032 1054 4117 plures
1085 4030 1238 4117 adscripti
1261 4035 1337 4096 sunt

246 4310 286 4381 (l)
306 4309 341 4363 Hi
355 4311 402 4381 qui
421 4309 487 4365 huic
504 4310 590 4380 (long.
604 4326 717 4380 operam
736 4310 812 4377 dant,
833 4309 1045 4380 distinguuntur
1057 4312 1084 4364 in
1102 4287 1239 4365 Officiales
1252 4310 1338 4364 Prae·

158 4415 238 4482 latos,
257 4418 287 4471 in
306 4416 493 4484 Consultores,
513 4422 542 4472 et
560 4418 588 4471 in
607 4417 748 4487 simplices
761 4417 907 4473 Officiales.

304 4522 364 4576 Suc.
383 4520 463 4593 Lapa
1162 4523 1194 4577 14

420 4660 437 4697 0
