3292 5109
297 262 365 329 398
826 284 911 333 reas
935 285 972 333 11.

297 406 495 471 voluntaria
516 407 570 473 vel
594 407 690 472 etiam
714 406 932 487 contentiosa,
957 426 1001 473 ex
1023 427 1088 491 qua
1113 404 1261 491 procedit
1286 402 1483 470 iudicialiter

297 531 332 595 in
355 533 461 597 causis
483 532 618 598 minoris
641 534 795 600 momenti
818 532 909 617 quasi
940 531 1038 598 iudex
1065 530 1241 617 delegatus,
1266 527 1385 595 exinde
1407 526 1483 612 Epi·

298 676 396 741 scopo
419 656 591 731 subiectus,
608 625 694 723 unde
710 657 806 723 datur
821 658 996 744 appellatio
1011 657 1064 723 vel
1088 656 1130 723 ad
1145 656 1339 742 Episcopum
1362 652 1416 718 vel
1439 650 1483 715 ad

298 778 468 845 Vicarium
493 777 702 845 Generalem.

389 906 590 971 Praesertim
615 912 711 972 extra
733 907 872 981 Italiam,
897 907 930 971 in
957 906 1157 973 dioecesibus
1178 905 1347 971 latioribus
1369 906 1484 991 vigent

298 1005 473 1094 tribunalia
495 1030 707 1114 particularia
722 1031 933 1097 Vicariorum
956 1030 1178 1096 Foraneorum
1193 1028 1381 1095 habentium
1404 1046 1483 1113 par·

298 1154 469 1233 ticularem
488 1154 740 1221 iurisdictionem
757 1156 854 1219 etiam
875 1155 1119 1236 contentiosam,
1135 1160 1245 1219 tamen
1261 1154 1302 1219 ab
1320 1155 1483 1239 Episcopo

298 1280 499 1366 delegatam.
523 1278 661 1363 Inquam
687 1316 705 1327 -
722 1280 914 1367 delegatam
930 1314 947 1327 -
970 1278 1126 1363 siquidem
1150 1276 1227 1345 Pius
1243 1278 1293 1345 Vl
1309 1278 1342 1344 in
1358 1277 1483 1343 celebri

299 1404 523 1469 controversia
538 1404 581 1469 de
596 1403 821 1471 Nunciaturts
836 1424 909 1469 cum
925 1404 1091 1469 nonnullis
1106 1404 1301 1470 Germaniae
1315 1404 1484 1489 Episcopis

299 1528 430 1611 agitata,
447 1529 638 1613 proscripsit
653 1530 769 1614 quippe
788 1528 934 1593 iuridice
954 1526 1128 1593 absurdum
1152 1530 1286 1593 istorum
1302 1527 1482 1603 consilium,

299 1650 448 1735 erigendi
470 1651 646 1716 tribunalia
675 1650 824 1734 soranae
846 1670 928 1736 quae
959 1650 1185 1719 ordinariae
1215 1650 1361 1717 fidelibus
1392 1671 1484 1717 reco-

300 1780 539 1859 gnoscerentur
553 1774 611 1861 (l).
629 1774 819 1841 Huiusmodi
835 1776 973 1861 collegia
996 1776 1166 1841 instituere
1189 1780 1238 1841 est
1260 1774 1482 1842 tantummodo

300 1902 333 1965 in
356 1907 517 1985 potestate
538 1900 739 1967 Sommorum
763 1899 968 1975 Pontificum.
998 1909 1031 1968 et
1061 1920 1165 1987 nuper
1188 1902 1288 1987 Greg.
1311 1900 1395 1967 XVI
1422 1921 1483 1986 pro

300 2024 500 2091 dioecesibus
515 2026 623 2091 Status
639 2024 801 2093 Pontificii
817 2027 851 2091 in
867 2027 973 2093 causis
989 2026 1211 2092 criminalibus
1227 2026 1401 2093 tribunalia
1416 2026 1482 2092 col-

299 2148 439 2235 legn'alia,
451 2154 614 2234 tamquam
626 2151 818 2227 ordinarie,
831 2152 1054 2218 constituerat:
1077 2150 1118 2215 cf.
1134 2150 1210 2216 Lilt.
1226 2150 1349 2246 (lirant
1362 2156 1481 2217 secret.

301 2274 425 2347 Status,
449 2274 474 2339 5
496 2273 582 2341 Noe.
607 2273 694 2341 1831
716 2281 780 2340 art.
805 2275 838 2350 4,
861 2282 893 2342 et
920 2276 1008 2341 alias
1034 2276 1121 2342 θένα.
1150 2274 1200 2340 24
1224 2275 1356 2359 Aprilis
1378 2272 1482 2341 1832.

390 2394 544 2469 Quamvis
566 2416 586 2459 a
608 2397 680 2461 iure
702 2396 864 2462 communi
889 2396 1016 2463 Vicarii
1032 2396 1172 2462 Foranei
1196 2416 1260 2462 non
1284 2396 1484 2461 obtinuerint

300 2526 425 2587 certam
447 2523 675 2588 auctoritatem
698 2522 907 2605 ordinariam,
925 2528 1043 2597 tamen,
1069 2522 1127 2589 sub
1151 2523 1223 2587 aliis
1246 2522 1359 2587 formis
1383 2528 1416 2587 et
1429 2542 1484 2587 no·

299 2645 448 2721 minibus,
473 2647 590 2712 horum
622 2646 761 2714 officium
791 2669 922 2734 semper
951 2650 985 2715 in
1018 2650 1166 2715 Ecclesia
1189 2649 1291 2734 viguit
1322 2646 1362 2712 ad
1392 2646 1484 2713 adiu-

299 2770 439 2835 vandam
469 2772 619 2857 Episcopi
650 2774 851 2859 vigilantiam
874 2776 908 2839 in
937 2774 1062 2839 locisa
1092 2773 1268 2840 residentia
1299 2772 1483 2859 Episcopali

252 2963 254 2967 ,
300 2896 418 2962 dissitis
441 2900 473 2962 et
496 2900 637 2964 remotis.
663 2898 794 2964 Revera
816 2900 993 2984 antiquitus
1017 2900 1198 2965 invenimus
1227 2898 1484 2984 chorepiscopos

300 3018 405 3107 (quasi
420 3022 596 3107 Episcopos
614 3022 725 3107 ruris),
749 3021 863 3107 quibus
882 3023 1024 3106 sublatis,
1043 3024 1095 3089 vel
1112 3022 1401 3109 Archipresbyteri
1425 3040 1485 3086 ru·

300 3146 387 3211 rales
409 3146 462 3211 vel
486 3146 607 3211 Decani
631 3147 684 3211 vel
707 3147 938 3213 Archidiaconi
961 3149 1015 3214 vel
1038 3150 1164 3215 Vicarii
1189 3148 1329 3213 Foranei
1353 3147 1484 3212 illorum

300 3290 417 3335 munus
440 3270 575 3355 explere
599 3275 787 3356 coeperunt.
804 3306 823 3319 -
845 3272 922 3335 Alia
945 3272 1027 3336 ratio
1051 3268 1229 3337 exercendi
1252 3268 1412 3335 assiduam
1434 3268 1485 3332 vi·

300 3393 467 3481 gilantiam
490 3398 524 3460 in
547 3396 693 3462 omnibus
718 3398 885 3463 Ecclesiae
908 3397 1063 3482 partibus,
1081 3400 1261 3463 instaurata
1283 3396 1345 3461 fuit
1368 3395 1402 3459 in
1427 3394 1485 3460 Te-

299 3517 406 3585 stibus
430 3518 659 3603 Synodalibus
682 3520 736 3604 qui
763 3522 797 3586 in
824 3520 955 3607 Synodo
978 3521 1074 3586 electi
1099 3520 1260 3587 debebant
1287 3538 1404 3585 curare
1429 3536 1485 3581 ca·

299 3662 420 3708 nonum
445 3643 685 3711 observantiam
708 3650 741 3711 et
763 3666 868 3712 novae
891 3645 1022 3733 Synodo
1046 3646 1163 3712 abusus
1186 3642 1426 3711 denunciabant
1452 3646 1485 3707 et

300 3769 439 3834 crimina
457 3769 653 3836 iudicialiter
676 3770 882 3845 accusabant,
901 3772 1108 3856 quamobrem
1131 3770 1335 3857 eligebantur
1358 3785 1485 3853 quoque

390 3978 430 4049 (l)
449 3978 489 4033 Cf.
503 3980 657 4051 Responsio
671 3982 717 4035 Pii
731 3981 827 4052 Papae
841 3982 882 4034 Vl
896 3986 933 4036 od
945 3984 1180 4053 Metropolitcnas
1190 3982 1399 4052 Mopuarinum,
1417 3982 1487 4035 Tre·

299 4089 449 4153 nivensem,
471 4086 667 4143 Colonieasem
686 4099 711 4143 et
732 4088 977 4159 Salisburpensem
1001 4106 1087 4160 super
1111 4091 1287 4145 nunciaturis
1309 4090 1485 4160 apostolicis,

300 4206 373 4261 quae
385 4192 529 4261 responsio
542 4192 636 4246 omnia
648 4190 846 4262 complectitur
858 4209 930 4264 quse
950 4193 984 4247 ad
1002 4192 1075 4248 hanc
1088 4210 1146 4249 rem
1158 4194 1274 4262 faciunt,
1286 4194 1356 4249 adeo
1368 4198 1401 4248 ut
1412 4192 1486 4249 nihil

301 4296 431 4366 emplius,
450 4313 616 4369 prorsusque
642 4298 714 4353 nihil
739 4299 777 4353 sit
801 4298 874 4370 quod
893 4300 923 4354 in
941 4298 995 4355 hoc
1020 4302 1179 4371 argumenti
1205 4318 1308 4373 genere
1332 4300 1485 4358 desiderari

303 4403 399 4473 possit.
418 4404 478 4460 Hoc
496 4422 565 4476 opos
583 4404 689 4461 editum
707 4411 752 4462 est
770 4406 887 4464 Romae.
