3292 5109
347 242 413 309 168
623 208 625 213 Ι
875 256 963 305 raas.
983 256 1021 303 ru

346 382 526 451 huiusmodi
549 383 682 449 decreta
703 382 867 468 attingunt
881 401 946 445 non
962 380 1137 446 relationes
1157 378 1310 446 inridicas
1332 378 1441 446 modes
1462 398 1518 446 seu

341 508 603 593 patrimoniales
618 506 866 575 sedrelationes
882 505 1006 572 ordinis
1017 504 1220 572 trierarclum
1231 509 1288 569 aut
1298 504 1438 571 moratis
1451 524 1518 569 ser·

345 634 468 698 randas
485 634 540 699 vel
558 632 772 699 restituendas
795 634 883 697 inter
906 633 1108 717 superiorem
1132 634 1166 695 et
1187 628 1358 696 subditum.
1383 628 1517 694 Proinde

345 757 392 823 ait
418 756 464 820 De
491 756 578 821 Luca
605 757 625 820 i.
651 776 678 821 a.
702 776 736 821 a.
761 755 803 821 8.·
830 776 907 819 ‹....
926 774 985 840 pro
1013 754 1206 819 executione
1236 753 1290 817 rel
1322 726 1519 817 obseruantia

345 882 443 946 etiam
458 901 518 966 per
533 881 683 966 epistolas
697 880 876 945 familiares
892 880 939 945 illi
957 880 1117 965 Episcopo
1134 878 1188 943 rel
1204 878 1371 964 Superiori
1388 876 1519 942 directas

345 1007 478 1095 procedi
509 1009 599 1073 solet.
632 1007 674 1072 Et
703 1006 913 1091 quandoque,
944 1005 999 1072 ubi
1030 1026 1148 1071 causae
1178 1006 1317 1089 qualitas
1343 1004 1375 1069 id
1398 1006 1515 1091 exigat,

346 1135 518 1218 exequutio
553 1133 762 1197 committitur
796 1132 1050 1217 Metropolitano
1080 1151 1138 1196 seu
1168 1131 1317 1196 viciniori
1348 1130 1400 1195 vel
1429 1129 1516 1194 alteri

346 1258 501 1324 Praelato
517 1260 611 1323 etiam
628 1260 661 1324 in
677 1258 783 1323 forma
798 1257 1038 1323 extraiudiciali
1054 1278 1114 1343 per
1129 1257 1281 1343 epistolas
1300 1256 1516 1321 familiares».

346 1381 390 1444 Et
412 1378 475 1445 hoc
497 1380 605 1445 adhuc
628 1380 660 1443 in
685 1398 776 1443 more
799 1385 858 1451 est,
880 1380 972 1444 iuxta
995 1378 1081 1444 dicta
1104 1378 1199 1446 Card.
1224 1379 1270 1443 lie
1295 1380 1392 1443 Luca.

438 1504 511 1570 142.
536 1504 664 1589 Aliquid
688 1505 763 1569 novi
786 1506 927 1589 irrepsit,
953 1524 1126 1591 progressu
1151 1504 1317 1590 temporis,
1342 1503 1518 1568 iuratione

346 1626 539 1713 procedendi
557 1630 588 1691 in
605 1629 710 1693 causis
726 1628 934 1693 contentiosis
950 1627 1038 1692 iuris
1052 1628 1174 1693 oraim
1188 1630 1320 1693 seruato
1337 1622 1518 1690 definiendis

345 1754 433 1816 inter
455 1772 611 1837 personas
633 1756 775 1838 privatas
799 1772 864 1817 non
888 1753 1068 1838 regulares.
1094 1753 1181 1817 lstae
1200 1750 1377 1833 antiquitus
1391 1748 1431 1812 ad
1442 1744 1519 1814 ‘con-

346 1876 551 1961 gregationes
581 1896 647 1941 non
677 1876 902 1962 pertinebant,
936 1882 969 1942 et
1004 1878 1036 1940 iu
1068 1876 1265 1963 propositum
1297 1872 1328 1938 id
1357 1870 1519 1938 confirmat
1587 1849 1588 1854 ἵ

347 1996 441 2062 Card.
466 1999 512 2064 De
536 2000 624 2065 Luca
647 2001 667 2064 l.
692 2020 719 2067 c.
744 2001 844 2073 aiens,
866 2000 1165 2088 Congregationem·
1181 1999 1267 2063 hanc
1290 2016 1355 2061 non
1378 2014 1449 2060 esse
1475 1995 1517 2056 in·
1587 2085 1588 2088 Ἴ

346 2123 488 2187 stitutum
514 2144 531 2184 ‹
557 2128 593 2187 ut
618 2129 838 2210 perciperetur
864 2140 990 2189 causae
1007 2122 1167 2206 privatae
1190 2120 1417 2187 contentiosae
1438 2134 1518 2203 quoe
1587 2159 1588 2164 κ

342 2266 542 2345 processum
569 2268 611 2315 ac
640 2251 740 2315 tetam
764 2248 990 2315 iudiciariam
1022 2248 1166 2335 emipuut
1195 2246 1285 2311 inter
1310 2250 1471 2328 partes...
1490 2264 1517 2304 ›.
1587 2267 1589 2334 g

348 2371 452 2436 Hodie
474 2392 553 2436 vero
577 2378 780 2458 competunt;
804 2371 882 2437 hinc
910 2371 1005 2436 modo
1035 2369 1196 2457 agendum
1228 2374 1278 2435 est
1307 2368 1347 2434 de
1374 2386 1518 2454 processu
1587 2415 1589 2464 ss

348 2498 401 2581 qui
425 2496 564 2563 habetur
586 2498 673 2562 iuris
696 2498 817 2565 ordine
839 2503 986 2563 serrato.
1009 2497 1085 2582 Ipsa
1107 2494 1323 2582 Congregutio
1349 2492 1409 2557 sibi
1432 2510 1518 2577 prae·
1587 2521 1588 2590 j

346 2622 476 2707 scripsit
497 2628 604 2687 certas
627 2622 776 2707 regulas,
800 2622 839 2687 in
863 2622 997 2688 decreto
1020 2637 1129 2702 supra
1152 2620 1230 2701 cit.;
1252 2638 1331 2703 quas
1362 2631 1518 2701 exponere

340 2737 531 2831 'singillatim
555 2752 714 2831 praestat;
738 2745 823 2813 unde
847 2745 1046 2811 excribimns
1061 2744 1220 2829 singulum
1237 2742 1421 2810 articulum,
1437 2756 1518 2804 enm·
1587 2765 1589 2840 q

347 2869 419 2935 dem
441 2869 585 2936 breviter
608 2871 833 2956 explanantes.
1166 2946 1176 2964 ἢ,

435 2999 507 3063 Art.
534 2998 562 3062 l:
590 2996 902 3081 «Quotiescumque
925 2995 963 3061 im
987 2975 1137 3082 repotiis
1153 3014 1242 3080 quae
1264 2994 1360 3077 apae
1383 2993 1416 3059 S.
1437 2992 1517 3058 Cou-
1587 3035 1588 3080 3

346 3120 578 3208 preputiouem
601 3118 853 3202 Episcoparum
883 3126 915 3185 et
945 3118 1173 3204 Reputarium
1196 3122 1358 3203 aptentur,
1384 3120 1455 3179 tum
1479 3128 1519 3175 ea
1587 3149 1589 3180 t

346 3244 566 3311 relationibus
591 3244 856 3311 ordinariorum
890 3246 963 3310 ium
994 3264 1040 3310 erc
1065 3243 1222 3327 partium
1253 3239 1516 3309 macedonibus,

346 3367 504 3434 uideatur
526 3368 690 3449 eupedire
712 3372 750 3431 ut
778 3384 835 3431 res
866 3366 914 3431 ad
945 3366 1039 3431 ciam
1069 3365 1156 3431 iuris
1184 3364 1382 3437 reducatur,
1404 3359 1517 3429 reseri-

348 3490 449 3556 bitur:
477 3490 600 3556 Partes
632 3490 802 3556 deducant
832 3507 897 3554 sua
928 3488 1010 3553 iura
1040 3506 1157 3554 coram
1186 3484 1459 3553 Eminentissimo
1480 3477 1516 3546 N.

347 3612 407 3695 qui
428 3612 541 3677 videat
563 3616 595 3677 et
616 3598 755 3693 referat,
781 3609 886 3675 citata
905 3614 1008 3691 parte
1031 3614 1064 3674 et
1085 3608 1290 3675 concordata
1314 3606 1417 3673 dubio
1434 3626 1462 3670 r.
1484 3600 1517 3664 ln

348 3737 411 3801 hoc
433 3736 571 3801 articulo
593 3732 804 3802 confirmatur
828 3736 963 3818 antiqua
986 3735 1098 3819 praxis
1113 3734 1381 3820 Congregationis
1397 3752 1439 3797 ex
1454 3745 1516 3812 qua,

348 3882 407 3947 pro
422 3863 580 3928 relatione
596 3865 759 3949 gravioris
785 3863 908 3949 negotii
923 3860 1082 3927 iudicialis
1096 3861 1149 3927 vel
1166 3862 1431 3942 extraiudicialis‚
1447 3856 1518 3925 solet

348 3986 555 4051 determinari
575 3987 773 4053 Cardiuatis
790 3986 929 4054 Paneas
947 4006 1004 4052 seu
1019 3986 1170 4063 lictatur,
1190 3988 1245 4053 ille
1261 4008 1376 4073 nempe
1392 3982 1517 4073 quiriti

350 4116 535 4197 comparata
559 4132 703 4197 congrua
729 4112 845 4178 notitia
869 4113 920 4177 rei
946 4118 1186 4185 controversae,
1215 4114 1248 4177 in
1267 4116 1374 4197 plena
1393 4125 1518 4196 cmpre-

347 4234 484 4319 patioue
506 4234 577 4299 aliis
602 4232 752 4299 Patribus
776 4233 925 4301 eamdem
949 4233 1085 4299 referat.

437 4356 545 4433 Quare
561 4360 594 4421 in
610 4360 714 4423 causis
738 4356 940 4423 iudicialibus
960 4357 1156 4424 Cardiualis
1171 4356 1319 4428 Porcus,
1336 4376 1400 4440 qua
1420 4352 1516 4421 iudea
