<?xml version="1.0" encoding="UTF-8"?>
<!DOCTYPE html PUBLIC "-//W3C//DTD XHTML 1.0 Transitional//EN"
    "http://www.w3.org/TR/xhtml1/DTD/xhtml1-transitional.dtd">
<html xmlns="http://www.w3.org/1999/xhtml" xml:lang="en" lang="en">
 <head>
  <title>
</title>
<meta http-equiv="Content-Type" content="text/html;charset=utf-8" />
  <meta name='ocr-system' content='tesseract 3.04.00' />
  <meta name='ocr-capabilities' content='ocr_page ocr_carea ocr_par ocr_line ocrx_word'/>
</head>
<body>
  <div class='ocr_page' id='page_1' title='image "./praelectionesin03legagoog_0145.png"; bbox 0 0 3292 5109; ppageno 0'>
   <div class='ocr_carea' id='block_1_1' title="bbox 429 288 1272 361">
    <p class='ocr_par' dir='ltr' id='par_1_1' title="bbox 429 288 1272 361">
     <span class='ocr_line' id='line_1_1' title="bbox 429 288 1272 361; baseline -0.007 -2"><span class='ocrx_word' id='word_1_1' title='bbox 429 312 473 360; x_wconf 85' lang='lat' dir='ltr'>ns</span> <span class='ocrx_word' id='word_1_2' title='bbox 498 310 638 361; x_wconf 77' lang='lat' dir='ltr'>runicus</span> <span class='ocrx_word' id='word_1_3' title='bbox 662 308 927 358; x_wconf 78' lang='lat' dir='ltr'>sconesrssmcrs</span> <span class='ocrx_word' id='word_1_4' title='bbox 1212 288 1272 353; x_wconf 79' lang='lat'>141</span> 
     </span>
    </p>
   </div>
   <div class='ocr_carea' id='block_1_2' title="bbox 105 432 1279 3871">
    <p class='ocr_par' dir='ltr' id='par_1_2' title="bbox 107 432 1279 771">
     <span class='ocr_line' id='line_1_2' title="bbox 109 432 1278 518; baseline -0.007 -17"><span class='ocrx_word' id='word_1_5' title='bbox 109 437 383 518; x_wconf 84' lang='lat' dir='ltr'>Paenitentiariae,</span> <span class='ocrx_word' id='word_1_6' title='bbox 399 456 461 501; x_wconf 88' lang='lat' dir='ltr'>nec</span> <span class='ocrx_word' id='word_1_7' title='bbox 479 454 545 501; x_wconf 92' lang='lat' dir='ltr'>non</span> <span class='ocrx_word' id='word_1_8' title='bbox 568 435 743 501; x_wconf 75' lang='lat' dir='ltr'>solutiones</span> <span class='ocrx_word' id='word_1_9' title='bbox 758 432 928 501; x_wconf 84' lang='lat' dir='ltr'>dubiorum</span> <span class='ocrx_word' id='word_1_10' title='bbox 944 451 1027 517; x_wconf 91' lang='lat' dir='ltr'>quae</span> <span class='ocrx_word' id='word_1_11' title='bbox 1043 432 1092 497; x_wconf 87' lang='lat' dir='ltr'>ius</span> <span class='ocrx_word' id='word_1_12' title='bbox 1106 448 1278 496; x_wconf 90' lang='lat' dir='ltr'>commune</span> 
     </span>
     <span class='ocr_line' id='line_1_3' title="bbox 108 556 1279 648; baseline -0.003 -24"><span class='ocrx_word' id='word_1_13' title='bbox 108 562 266 647; x_wconf 82' lang='lat' dir='ltr'>attingant,</span> <span class='ocrx_word' id='word_1_14' title='bbox 292 560 500 648; x_wconf 84' lang='lat' dir='ltr'>expostulare</span> <span class='ocrx_word' id='word_1_15' title='bbox 523 560 690 627; x_wconf 84' lang='lat' dir='ltr'>consuevit</span> <span class='ocrx_word' id='word_1_16' title='bbox 704 577 726 624; x_wconf 88' lang='lat' dir='ltr'>a</span> <span class='ocrx_word' id='word_1_17' title='bbox 741 560 773 626; x_wconf 91' lang='lat' dir='ltr'>S.</span> <span class='ocrx_word' id='word_1_18' title='bbox 791 558 1052 645; x_wconf 71' lang='lat' dir='ltr'>congregatione</span> <span class='ocrx_word' id='word_1_19' title='bbox 1067 556 1202 623; x_wconf 79' lang='lat' dir='ltr'>Concilii</span> <span class='ocrx_word' id='word_1_20' title='bbox 1221 560 1279 622; x_wconf 89' lang='lat' dir='ltr'>aut</span> 
     </span>
     <span class='ocr_line' id='line_1_4' title="bbox 107 684 608 771; baseline 0.004 -24"><span class='ocrx_word' id='word_1_21' title='bbox 107 684 140 749; x_wconf 90' lang='lat' dir='ltr'>ab</span> <span class='ocrx_word' id='word_1_22' title='bbox 159 686 222 751; x_wconf 90' lang='lat' dir='ltr'>alia</span> <span class='ocrx_word' id='word_1_23' title='bbox 244 688 280 750; x_wconf 93' lang='lat' dir='ltr'>in</span> <span class='ocrx_word' id='word_1_24' title='bbox 304 705 374 751; x_wconf 91' lang='lat' dir='ltr'>rem</span> <span class='ocrx_word' id='word_1_25' title='bbox 397 689 608 771; x_wconf 76' lang='lat' dir='ltr'>competente.</span> 
     </span>
    </p>

    <p class='ocr_par' dir='ltr' id='par_1_3' title="bbox 107 806 1277 1019">
     <span class='ocr_line' id='line_1_5' title="bbox 192 806 1277 897; baseline -0.007 -20"><span class='ocrx_word' id='word_1_26' title='bbox 192 813 335 877; x_wconf 79' lang='lat' dir='ltr'>Praeter</span> <span class='ocrx_word' id='word_1_27' title='bbox 366 816 557 897; x_wconf 84' lang='lat' dir='ltr'>potestatem</span> <span class='ocrx_word' id='word_1_28' title='bbox 591 808 881 877; x_wconf 84' lang='lat' dir='ltr'>administrativam</span> <span class='ocrx_word' id='word_1_29' title='bbox 913 808 990 873; x_wconf 89' lang='lat' dir='ltr'>huic</span> <span class='ocrx_word' id='word_1_30' title='bbox 1024 806 1277 893; x_wconf 77' lang='lat' dir='ltr'>congregationi</span> 
     </span>
     <span class='ocr_line' id='line_1_6' title="bbox 107 928 1082 1019; baseline -0.002 -23"><span class='ocrx_word' id='word_1_31' title='bbox 107 934 191 1017; x_wconf 89' lang='lat' dir='ltr'>plene</span> <span class='ocrx_word' id='word_1_32' title='bbox 214 932 369 999; x_wconf 85' lang='lat' dir='ltr'>attributa</span> <span class='ocrx_word' id='word_1_33' title='bbox 391 932 452 997; x_wconf 90' lang='lat' dir='ltr'>fuit</span> <span class='ocrx_word' id='word_1_34' title='bbox 473 936 614 1019; x_wconf 87' lang='lat' dir='ltr'>potestas</span> <span class='ocrx_word' id='word_1_35' title='bbox 636 930 806 998; x_wconf 77' lang='lat' dir='ltr'>iudicialis</span> <span class='ocrx_word' id='word_1_36' title='bbox 828 935 861 995; x_wconf 90' lang='lat' dir='ltr'>et</span> <span class='ocrx_word' id='word_1_37' title='bbox 884 928 1082 1016; x_wconf 77' lang='lat' dir='ltr'>legislatioo.</span> 
     </span>
    </p>

    <p class='ocr_par' dir='ltr' id='par_1_4' title="bbox 105 1052 1278 3871">
     <span class='ocr_line' id='line_1_7' title="bbox 194 1052 1278 1140; baseline -0.004 -19"><span class='ocrx_word' id='word_1_38' title='bbox 194 1056 382 1121; x_wconf 87' lang='lat' dir='ltr'>iudicialem</span> <span class='ocrx_word' id='word_1_39' title='bbox 405 1060 595 1140; x_wconf 87' lang='lat' dir='ltr'>potestatem</span> <span class='ocrx_word' id='word_1_40' title='bbox 619 1053 798 1139; x_wconf 86' lang='lat' dir='ltr'>Gregorius</span> <span class='ocrx_word' id='word_1_41' title='bbox 821 1052 887 1118; x_wconf 88' lang='lat' dir='ltr'>XV</span> <span class='ocrx_word' id='word_1_42' title='bbox 910 1054 945 1117; x_wconf 93' lang='lat' dir='ltr'>in</span> <span class='ocrx_word' id='word_1_43' title='bbox 968 1052 1076 1119; x_wconf 88' lang='lat' dir='ltr'>const.</span> <span class='ocrx_word' id='word_1_44' title='bbox 1103 1052 1189 1118; x_wconf 83' lang='lat' dir='ltr'>Cum</span> <span class='ocrx_word' id='word_1_45' title='bbox 1216 1072 1278 1117; x_wconf 62' lang='lat' dir='ltr'>aaa</span> 
     </span>
     <span class='ocr_line' id='line_1_8' title="bbox 105 1172 1278 1262; baseline -0.003 -19"><span class='ocrx_word' id='word_1_46' title='bbox 105 1196 161 1261; x_wconf 86' lang='lat' dir='ltr'>per</span> <span class='ocrx_word' id='word_1_47' title='bbox 190 1196 235 1243; x_wconf 79' lang='lat' dir='ltr'>eoe</span> <span class='ocrx_word' id='word_1_48' title='bbox 269 1178 431 1247; x_wconf 79' lang='lat' dir='ltr'>iniuncto.</span> <span class='ocrx_word' id='word_1_49' title='bbox 464 1177 520 1243; x_wconf 84' lang='lat' dir='ltr'>die</span> <span class='ocrx_word' id='word_1_50' title='bbox 550 1174 594 1243; x_wconf 88' lang='grc'>13</span> <span class='ocrx_word' id='word_1_51' title='bbox 625 1176 701 1241; x_wconf 81' lang='lat' dir='ltr'>lua.</span> <span class='ocrx_word' id='word_1_52' title='bbox 727 1174 838 1251; x_wconf 83' lang='lat'><strong><em>1623,</em></strong></span> <span class='ocrx_word' id='word_1_53' title='bbox 862 1194 947 1262; x_wconf 89' lang='lat' dir='ltr'>pene</span> <span class='ocrx_word' id='word_1_54' title='bbox 975 1173 1095 1259; x_wconf 83' lang='lat' dir='ltr'>absque</span> <span class='ocrx_word' id='word_1_55' title='bbox 1126 1172 1278 1239; x_wconf 88' lang='lat' dir='ltr'>limitibus</span> 
     </span>
     <span class='ocr_line' id='line_1_9' title="bbox 107 1298 1278 1387; baseline -0.003 -20"><span class='ocrx_word' id='word_1_56' title='bbox 107 1306 257 1369; x_wconf 87' lang='lat' dir='ltr'>concessit</span> <span class='ocrx_word' id='word_1_57' title='bbox 272 1303 470 1368; x_wconf 87' lang='lat' dir='ltr'>decernens:</span> <span class='ocrx_word' id='word_1_58' title='bbox 491 1302 591 1367; x_wconf 79' lang='lat' dir='ltr'>«Nos</span> <span class='ocrx_word' id='word_1_59' title='bbox 606 1298 875 1387; x_wconf 84' lang='lat' dir='ltr'>Congregationis</span> <span class='ocrx_word' id='word_1_60' title='bbox 898 1298 1079 1365; x_wconf 84' lang='lat' dir='ltr'>huiusmodi</span> <span class='ocrx_word' id='word_1_61' title='bbox 1102 1298 1278 1365; x_wconf 87' lang='lat' dir='ltr'>commodis</span> 
     </span>
     <span class='ocr_line' id='line_1_10' title="bbox 108 1424 1277 1513; baseline -0.001 -21"><span class='ocrx_word' id='word_1_62' title='bbox 108 1435 193 1513; x_wconf 86' lang='lat' dir='ltr'>atque</span> <span class='ocrx_word' id='word_1_63' title='bbox 222 1427 441 1509; x_wconf 84' lang='lat' dir='ltr'>indemnitati,</span> <span class='ocrx_word' id='word_1_64' title='bbox 466 1434 499 1493; x_wconf 90' lang='lat' dir='ltr'>et</span> <span class='ocrx_word' id='word_1_65' title='bbox 528 1446 570 1493; x_wconf 92' lang='lat' dir='ltr'>ne</span> <span class='ocrx_word' id='word_1_66' title='bbox 601 1427 670 1513; x_wconf 89' lang='lat' dir='ltr'>ipsa</span> <span class='ocrx_word' id='word_1_67' title='bbox 701 1426 918 1513; x_wconf 87' lang='lat' dir='ltr'>Congregatio</span> <span class='ocrx_word' id='word_1_68' title='bbox 949 1426 1082 1509; x_wconf 89' lang='lat' dir='ltr'>eiusque</span> <span class='ocrx_word' id='word_1_69' title='bbox 1111 1424 1277 1492; x_wconf 88' lang='lat' dir='ltr'>Officiales</span> 
     </span>
     <span class='ocr_line' id='line_1_11' title="bbox 108 1550 1276 1639; baseline -0.002 -22"><span class='ocrx_word' id='word_1_70' title='bbox 108 1554 239 1637; x_wconf 86' lang='lat' dir='ltr'>deputati</span> <span class='ocrx_word' id='word_1_71' title='bbox 264 1572 320 1618; x_wconf 86' lang='lat' dir='ltr'>seu</span> <span class='ocrx_word' id='word_1_72' title='bbox 345 1553 581 1617; x_wconf 81' lang='lat' dir='ltr'>Procuratores</span> <span class='ocrx_word' id='word_1_73' title='bbox 604 1572 664 1639; x_wconf 91' lang='lat' dir='ltr'>pro</span> <span class='ocrx_word' id='word_1_74' title='bbox 691 1550 800 1616; x_wconf 87' lang='lat' dir='ltr'>litibus</span> <span class='ocrx_word' id='word_1_75' title='bbox 832 1570 911 1635; x_wconf 86' lang='lat' dir='ltr'>quas</span> <span class='ocrx_word' id='word_1_76' title='bbox 941 1569 997 1616; x_wconf 89' lang='lat' dir='ltr'>eos</span> <span class='ocrx_word' id='word_1_77' title='bbox 1026 1556 1082 1615; x_wconf 90' lang='lat' dir='ltr'>aut</span> <span class='ocrx_word' id='word_1_78' title='bbox 1111 1550 1276 1635; x_wconf 89' lang='lat' dir='ltr'>suscipere</span> 
     </span>
     <span class='ocr_line' id='line_1_12' title="bbox 108 1676 1277 1765; baseline -0.002 -22"><span class='ocrx_word' id='word_1_79' title='bbox 108 1685 156 1745; x_wconf 89' lang='lat' dir='ltr'>aut</span> <span class='ocrx_word' id='word_1_80' title='bbox 176 1683 336 1745; x_wconf 89' lang='lat' dir='ltr'>sustinere</span> <span class='ocrx_word' id='word_1_81' title='bbox 359 1680 540 1765; x_wconf 84' lang='lat' dir='ltr'>contigerit.</span> <span class='ocrx_word' id='word_1_82' title='bbox 564 1698 626 1764; x_wconf 91' lang='lat' dir='ltr'>per</span> <span class='ocrx_word' id='word_1_83' title='bbox 649 1678 778 1743; x_wconf 89' lang='lat' dir='ltr'>diversa</span> <span class='ocrx_word' id='word_1_84' title='bbox 801 1676 897 1745; x_wconf 89' lang='lat' dir='ltr'>Urbis</span> <span class='ocrx_word' id='word_1_85' title='bbox 919 1676 1094 1744; x_wconf 89' lang='lat' dir='ltr'>tribunalia</span> <span class='ocrx_word' id='word_1_86' title='bbox 1114 1681 1146 1741; x_wconf 88' lang='lat' dir='ltr'>et</span> <span class='ocrx_word' id='word_1_87' title='bbox 1166 1696 1277 1741; x_wconf 91' lang='lat' dir='ltr'>coram</span> 
     </span>
     <span class='ocr_line' id='line_1_13' title="bbox 109 1799 1277 1885; baseline -0.003 -19"><span class='ocrx_word' id='word_1_88' title='bbox 109 1802 234 1868; x_wconf 82' lang='lat' dir='ltr'>dirersis</span> <span class='ocrx_word' id='word_1_89' title='bbox 257 1801 414 1868; x_wconf 88' lang='lat' dir='ltr'>iudicibus</span> <span class='ocrx_word' id='word_1_90' title='bbox 434 1801 664 1875; x_wconf 87' lang='lat' dir='ltr'>distrahantur,</span> <span class='ocrx_word' id='word_1_91' title='bbox 683 1806 836 1885; x_wconf 90' lang='lat' dir='ltr'>quantum</span> <span class='ocrx_word' id='word_1_92' title='bbox 852 1820 895 1866; x_wconf 86' lang='lat' dir='ltr'>ex</span> <span class='ocrx_word' id='word_1_93' title='bbox 909 1801 976 1867; x_wconf 82' lang='lat' dir='ltr'>alto</span> <span class='ocrx_word' id='word_1_94' title='bbox 991 1799 1181 1866; x_wconf 88' lang='lat' dir='ltr'>conceditur</span> <span class='ocrx_word' id='word_1_95' title='bbox 1200 1818 1277 1884; x_wconf 91' lang='lat' dir='ltr'>pro·</span> 
     </span>
     <span class='ocr_line' id='line_1_14' title="bbox 108 1924 1278 2010; baseline -0.003 -21"><span class='ocrx_word' id='word_1_96' title='bbox 108 1926 210 1993; x_wconf 88' lang='lat' dir='ltr'>videre</span> <span class='ocrx_word' id='word_1_97' title='bbox 231 1926 395 1997; x_wconf 82' lang='lat' dir='ltr'>volentes,</span> <span class='ocrx_word' id='word_1_98' title='bbox 420 1928 508 1990; x_wconf 93' lang='lat' dir='ltr'>motu</span> <span class='ocrx_word' id='word_1_99' title='bbox 530 1925 663 2010; x_wconf 89' lang='lat' dir='ltr'>proprio</span> <span class='ocrx_word' id='word_1_100' title='bbox 694 1929 729 1990; x_wconf 91' lang='lat' dir='ltr'>et</span> <span class='ocrx_word' id='word_1_101' title='bbox 758 1942 801 1989; x_wconf 87' lang='lat' dir='ltr'>ex</span> <span class='ocrx_word' id='word_1_102' title='bbox 831 1928 923 1989; x_wconf 83' lang='lat' dir='ltr'>certa</span> <span class='ocrx_word' id='word_1_103' title='bbox 952 1924 1089 1987; x_wconf 88' lang='lat' dir='ltr'>scientia</span> <span class='ocrx_word' id='word_1_104' title='bbox 1117 1941 1157 1987; x_wconf 90' lang='lat' dir='ltr'>ac</span> <span class='ocrx_word' id='word_1_105' title='bbox 1185 1941 1278 1987; x_wconf 91' lang='lat' dir='ltr'>mera</span> 
     </span>
     <span class='ocr_line' id='line_1_15' title="bbox 110 2043 1278 2133; baseline -0.004 -20"><span class='ocrx_word' id='word_1_106' title='bbox 110 2048 332 2114; x_wconf 84' lang='lat' dir='ltr'>deliberatione</span> <span class='ocrx_word' id='word_1_107' title='bbox 363 2049 481 2115; x_wconf 85' lang='lat' dir='ltr'>Nostra</span> <span class='ocrx_word' id='word_1_108' title='bbox 512 2046 615 2132; x_wconf 90' lang='lat' dir='ltr'>deque</span> <span class='ocrx_word' id='word_1_109' title='bbox 647 2046 854 2131; x_wconf 88' lang='lat' dir='ltr'>Apostolicae</span> <span class='ocrx_word' id='word_1_110' title='bbox 884 2046 1051 2133; x_wconf 86' lang='lat' dir='ltr'>potestatis</span> <span class='ocrx_word' id='word_1_111' title='bbox 1077 2043 1278 2131; x_wconf 88' lang='lat' dir='ltr'>plenitudino</span> 
     </span>
     <span class='ocr_line' id='line_1_16' title="bbox 109 2169 1276 2258; baseline -0.003 -23"><span class='ocrx_word' id='word_1_112' title='bbox 109 2170 203 2237; x_wconf 90' lang='lat' dir='ltr'>eidem</span> <span class='ocrx_word' id='word_1_113' title='bbox 232 2172 480 2258; x_wconf 85' lang='lat' dir='ltr'>congregationi</span> <span class='ocrx_word' id='word_1_114' title='bbox 511 2176 547 2237; x_wconf 92' lang='lat' dir='ltr'>ut</span> <span class='ocrx_word' id='word_1_115' title='bbox 577 2191 675 2239; x_wconf 91' lang='lat' dir='ltr'>unum</span> <span class='ocrx_word' id='word_1_116' title='bbox 710 2190 753 2237; x_wconf 83' lang='lat' dir='ltr'>ex</span> <span class='ocrx_word' id='word_1_117' title='bbox 785 2169 1008 2237; x_wconf 76' lang='lat' dir='ltr'>cardinalibus</span> <span class='ocrx_word' id='word_1_118' title='bbox 1038 2170 1212 2258; x_wconf 89' lang='lat' dir='ltr'>praedictis</span> <span class='ocrx_word' id='word_1_119' title='bbox 1242 2170 1276 2233; x_wconf 93' lang='lat' dir='ltr'>in</span> 
     </span>
     <span class='ocr_line' id='line_1_17' title="bbox 110 2293 1276 2382; baseline 0 -25"><span class='ocrx_word' id='word_1_120' title='bbox 110 2296 381 2382; x_wconf 81' lang='lat' dir='ltr'>infrascriptarum</span> <span class='ocrx_word' id='word_1_121' title='bbox 413 2314 582 2361; x_wconf 79' lang='lat' dir='ltr'>carmanum</span> <span class='ocrx_word' id='word_1_122' title='bbox 606 2294 768 2368; x_wconf 89' lang='lat' dir='ltr'>Iudicem,</span> <span class='ocrx_word' id='word_1_123' title='bbox 792 2314 866 2360; x_wconf 90' lang='lat' dir='ltr'>cum</span> <span class='ocrx_word' id='word_1_124' title='bbox 889 2298 1048 2379; x_wconf 87' lang='lat' dir='ltr'>potestate</span> <span class='ocrx_word' id='word_1_125' title='bbox 1074 2293 1170 2358; x_wconf 84' lang='lat' dir='ltr'>aliam</span> <span class='ocrx_word' id='word_1_126' title='bbox 1200 2312 1276 2378; x_wconf 91' lang='lat' dir='ltr'>per·</span> 
     </span>
     <span class='ocr_line' id='line_1_18' title="bbox 111 2418 1276 2506; baseline -0.001 -21"><span class='ocrx_word' id='word_1_127' title='bbox 111 2440 210 2486; x_wconf 86' lang='lat' dir='ltr'>sonam</span> <span class='ocrx_word' id='word_1_128' title='bbox 232 2422 290 2487; x_wconf 88' lang='lat' dir='ltr'>sibi</span> <span class='ocrx_word' id='word_1_129' title='bbox 314 2422 499 2487; x_wconf 89' lang='lat' dir='ltr'>benovisam</span> <span class='ocrx_word' id='word_1_130' title='bbox 528 2422 624 2487; x_wconf 90' lang='lat' dir='ltr'>etiam</span> <span class='ocrx_word' id='word_1_131' title='bbox 660 2423 694 2486; x_wconf 94' lang='lat' dir='ltr'>in</span> <span class='ocrx_word' id='word_1_132' title='bbox 725 2418 881 2506; x_wconf 86' lang='lat' dir='ltr'>dignitate</span> <span class='ocrx_word' id='word_1_133' title='bbox 913 2420 1135 2486; x_wconf 87' lang='lat' dir='ltr'>ecclesiastica</span> <span class='ocrx_word' id='word_1_134' title='bbox 1157 2421 1276 2485; x_wconf 92' lang='lat' dir='ltr'>consti·</span> 
     </span>
     <span class='ocr_line' id='line_1_19' title="bbox 109 2546 1277 2629; baseline 0.003 -21"><span class='ocrx_word' id='word_1_135' title='bbox 109 2550 201 2609; x_wconf 89' lang='lat' dir='ltr'>tutam</span> <span class='ocrx_word' id='word_1_136' title='bbox 231 2546 440 2612; x_wconf 86' lang='lat' dir='ltr'>substituendi</span> <span class='ocrx_word' id='word_1_137' title='bbox 470 2564 511 2611; x_wconf 89' lang='lat' dir='ltr'>ac</span> <span class='ocrx_word' id='word_1_138' title='bbox 541 2564 758 2629; x_wconf 85' lang='lat' dir='ltr'>quoscumque</span> <span class='ocrx_word' id='word_1_139' title='bbox 789 2546 949 2610; x_wconf 87' lang='lat' dir='ltr'>notarium</span> <span class='ocrx_word' id='word_1_140' title='bbox 980 2553 1037 2612; x_wconf 91' lang='lat' dir='ltr'>aut</span> <span class='ocrx_word' id='word_1_141' title='bbox 1067 2547 1210 2612; x_wconf 83' lang='lat' dir='ltr'>notarios</span> <span class='ocrx_word' id='word_1_142' title='bbox 1236 2565 1277 2611; x_wconf 90' lang='lat' dir='ltr'>ac</span> 
     </span>
     <span class='ocr_line' id='line_1_20' title="bbox 110 2669 1277 2756; baseline 0.002 -23"><span class='ocrx_word' id='word_1_143' title='bbox 110 2670 181 2735; x_wconf 86' lang='lat' dir='ltr'>alios</span> <span class='ocrx_word' id='word_1_144' title='bbox 209 2670 363 2737; x_wconf 87' lang='lat' dir='ltr'>officiales</span> <span class='ocrx_word' id='word_1_145' title='bbox 386 2677 419 2736; x_wconf 94' lang='lat' dir='ltr'>et</span> <span class='ocrx_word' id='word_1_146' title='bbox 442 2670 605 2738; x_wconf 86' lang='lat' dir='ltr'>ministros</span> <span class='ocrx_word' id='word_1_147' title='bbox 634 2670 675 2735; x_wconf 91' lang='lat' dir='ltr'>ad</span> <span class='ocrx_word' id='word_1_148' title='bbox 705 2670 768 2735; x_wconf 90' lang='lat' dir='ltr'>hoc</span> <span class='ocrx_word' id='word_1_149' title='bbox 800 2669 1002 2735; x_wconf 85' lang='lat' dir='ltr'>necessarios</span> <span class='ocrx_word' id='word_1_150' title='bbox 1025 2674 1058 2735; x_wconf 91' lang='lat' dir='ltr'>et</span> <span class='ocrx_word' id='word_1_151' title='bbox 1080 2674 1277 2756; x_wconf 85' lang='lat' dir='ltr'>opportunos</span> 
     </span>
     <span class='ocr_line' id='line_1_21' title="bbox 111 2790 1276 2878; baseline 0.003 -24"><span class='ocrx_word' id='word_1_152' title='bbox 111 2791 237 2877; x_wconf 88' lang='lat' dir='ltr'>eligendi</span> <span class='ocrx_word' id='word_1_153' title='bbox 268 2797 301 2859; x_wconf 88' lang='lat' dir='ltr'>et</span> <span class='ocrx_word' id='word_1_154' title='bbox 331 2792 544 2860; x_wconf 88' lang='lat' dir='ltr'>constituendi</span> <span class='ocrx_word' id='word_1_155' title='bbox 577 2791 734 2878; x_wconf 87' lang='lat' dir='ltr'>deputare</span> <span class='ocrx_word' id='word_1_156' title='bbox 760 2790 864 2857; x_wconf 90' lang='lat' dir='ltr'>libere</span> <span class='ocrx_word' id='word_1_157' title='bbox 886 2797 920 2856; x_wconf 90' lang='lat' dir='ltr'>et</span> <span class='ocrx_word' id='word_1_158' title='bbox 941 2792 1028 2857; x_wconf 91' lang='lat' dir='ltr'>licite</span> <span class='ocrx_word' id='word_1_159' title='bbox 1051 2792 1159 2858; x_wconf 86' lang='lat' dir='ltr'>valeat</span> <span class='ocrx_word' id='word_1_160' title='bbox 1183 2814 1212 2858; x_wconf 74' lang='lat' dir='ltr'>a.</span> <span class='ocrx_word' id='word_1_161' title='bbox 1237 2793 1276 2858; x_wconf 93' lang='lat' dir='ltr'>ln</span> 
     </span>
     <span class='ocr_line' id='line_1_22' title="bbox 111 2917 1276 3005; baseline 0.001 -23"><span class='ocrx_word' id='word_1_162' title='bbox 111 2918 362 3004; x_wconf 85' lang='lat' dir='ltr'>subsequentibus</span> <span class='ocrx_word' id='word_1_163' title='bbox 393 2918 606 3005; x_wconf 86' lang='lat' dir='ltr'>paragraphis</span> <span class='ocrx_word' id='word_1_164' title='bbox 637 2917 791 2984; x_wconf 81' lang='lat' dir='ltr'>Pontifex</span> <span class='ocrx_word' id='word_1_165' title='bbox 820 2920 932 2984; x_wconf 85' lang='lat' dir='ltr'>statuit</span> <span class='ocrx_word' id='word_1_166' title='bbox 960 2919 1189 3002; x_wconf 89' lang='lat' dir='ltr'>cuiuscumque</span> <span class='ocrx_word' id='word_1_167' title='bbox 1219 2938 1276 3004; x_wconf 91' lang='lat' dir='ltr'>ge·</span> 
     </span>
     <span class='ocr_line' id='line_1_23' title="bbox 111 3038 1278 3127; baseline 0.001 -23"><span class='ocrx_word' id='word_1_168' title='bbox 111 3044 189 3108; x_wconf 87' lang='lat' dir='ltr'>neris</span> <span class='ocrx_word' id='word_1_169' title='bbox 210 3063 323 3109; x_wconf 88' lang='lat' dir='ltr'>causas</span> <span class='ocrx_word' id='word_1_170' title='bbox 354 3042 440 3107; x_wconf 89' lang='lat' dir='ltr'>hanc</span> <span class='ocrx_word' id='word_1_171' title='bbox 464 3041 770 3127; x_wconf 83' lang='lat' dir='ltr'>Congregationem‚</span> <span class='ocrx_word' id='word_1_172' title='bbox 795 3042 865 3105; x_wconf 88' lang='lat' dir='ltr'>eius</span> <span class='ocrx_word' id='word_1_173' title='bbox 891 3038 1047 3107; x_wconf 83' lang='lat' dir='ltr'>officiales</span> <span class='ocrx_word' id='word_1_174' title='bbox 1075 3045 1108 3105; x_wconf 91' lang='lat' dir='ltr'>et</span> <span class='ocrx_word' id='word_1_175' title='bbox 1134 3040 1278 3105; x_wconf 87' lang='lat' dir='ltr'>subditos</span> 
     </span>
     <span class='ocr_line' id='line_1_24' title="bbox 114 3160 1276 3249; baseline 0.002 -24"><span class='ocrx_word' id='word_1_176' title='bbox 114 3164 333 3244; x_wconf 90' lang='lat' dir='ltr'>quomodolibet</span> <span class='ocrx_word' id='word_1_177' title='bbox 365 3164 577 3249; x_wconf 88' lang='lat' dir='ltr'>respicientes</span> <span class='ocrx_word' id='word_1_178' title='bbox 606 3161 646 3227; x_wconf 90' lang='lat' dir='ltr'>ad</span> <span class='ocrx_word' id='word_1_179' title='bbox 676 3163 763 3228; x_wconf 89' lang='lat' dir='ltr'>hunc</span> <span class='ocrx_word' id='word_1_180' title='bbox 788 3160 931 3228; x_wconf 89' lang='lat' dir='ltr'>Iudicem</span> <span class='ocrx_word' id='word_1_181' title='bbox 954 3162 1159 3228; x_wconf 87' lang='lat' dir='ltr'>Cardinalem</span> <span class='ocrx_word' id='word_1_182' title='bbox 1185 3162 1276 3228; x_wconf 92' lang='lat' dir='ltr'>defe-</span> 
     </span>
     <span class='ocr_line' id='line_1_25' title="bbox 112 3287 1277 3373; baseline 0 -20"><span class='ocrx_word' id='word_1_183' title='bbox 112 3288 216 3353; x_wconf 83' lang='lat' dir='ltr'>rendas</span> <span class='ocrx_word' id='word_1_184' title='bbox 238 3309 319 3355; x_wconf 77' lang='lat' dir='ltr'>esse.</span> <span class='ocrx_word' id='word_1_185' title='bbox 338 3310 356 3337; x_wconf 76' lang='lat'>-&#39;</span> <span class='ocrx_word' id='word_1_186' title='bbox 374 3288 513 3372; x_wconf 79' lang='lat' dir='ltr'>Exinde,</span> <span class='ocrx_word' id='word_1_187' title='bbox 537 3290 582 3355; x_wconf 89' lang='lat' dir='ltr'>uti</span> <span class='ocrx_word' id='word_1_188' title='bbox 607 3290 640 3354; x_wconf 93' lang='lat' dir='ltr'>in</span> <span class='ocrx_word' id='word_1_189' title='bbox 663 3293 776 3373; x_wconf 81' lang='lat' dir='ltr'>aperto</span> <span class='ocrx_word' id='word_1_190' title='bbox 800 3294 859 3360; x_wconf 83' lang='lat' dir='ltr'>est,</span> <span class='ocrx_word' id='word_1_191' title='bbox 876 3288 1017 3373; x_wconf 91' lang='lat' dir='ltr'>speciale</span> <span class='ocrx_word' id='word_1_192' title='bbox 1039 3287 1181 3353; x_wconf 89' lang='lat' dir='ltr'>tribunal</span> <span class='ocrx_word' id='word_1_193' title='bbox 1203 3307 1277 3353; x_wconf 89' lang='lat' dir='ltr'>con·</span> 
     </span>
     <span class='ocr_line' id='line_1_26' title="bbox 112 3410 1276 3498; baseline 0.003 -25"><span class='ocrx_word' id='word_1_194' title='bbox 112 3412 239 3477; x_wconf 90' lang='lat' dir='ltr'>stitutum</span> <span class='ocrx_word' id='word_1_195' title='bbox 263 3412 333 3485; x_wconf 82' lang='lat' dir='ltr'>fuit,</span> <span class='ocrx_word' id='word_1_196' title='bbox 358 3412 455 3498; x_wconf 89' lang='lat' dir='ltr'>plena</span> <span class='ocrx_word' id='word_1_197' title='bbox 478 3411 621 3497; x_wconf 86' lang='lat' dir='ltr'>gaudens</span> <span class='ocrx_word' id='word_1_198' title='bbox 645 3410 866 3475; x_wconf 90' lang='lat' dir='ltr'>iurisdictione</span> <span class='ocrx_word' id='word_1_199' title='bbox 885 3414 918 3475; x_wconf 91' lang='lat' dir='ltr'>et</span> <span class='ocrx_word' id='word_1_200' title='bbox 932 3410 1009 3476; x_wconf 91' lang='lat' dir='ltr'>huic</span> <span class='ocrx_word' id='word_1_201' title='bbox 1026 3411 1276 3496; x_wconf 84' lang='lat' dir='ltr'>congregationi</span> 
     </span>
     <span class='ocr_line' id='line_1_27' title="bbox 112 3532 1278 3623; baseline 0.003 -27"><span class='ocrx_word' id='word_1_202' title='bbox 112 3537 227 3600; x_wconf 92' lang='lat' dir='ltr'>omnino</span> <span class='ocrx_word' id='word_1_203' title='bbox 249 3536 424 3623; x_wconf 84' lang='lat' dir='ltr'>peculiare,</span> <span class='ocrx_word' id='word_1_204' title='bbox 449 3534 489 3600; x_wconf 88' lang='lat' dir='ltr'>ad</span> <span class='ocrx_word' id='word_1_205' title='bbox 512 3536 615 3601; x_wconf 90' lang='lat' dir='ltr'>instar</span> <span class='ocrx_word' id='word_1_206' title='bbox 639 3535 908 3621; x_wconf 88' lang='lat' dir='ltr'>congregationis</span> <span class='ocrx_word' id='word_1_207' title='bbox 931 3534 963 3600; x_wconf 91' lang='lat' dir='ltr'>S.</span> <span class='ocrx_word' id='word_1_208' title='bbox 988 3532 1107 3601; x_wconf 90' lang='lat' dir='ltr'>Officii.</span> <span class='ocrx_word' id='word_1_209' title='bbox 1137 3570 1155 3583; x_wconf 90' lang='lat'>-</span> <span class='ocrx_word' id='word_1_210' title='bbox 1184 3534 1278 3601; x_wconf 90' lang='lat' dir='ltr'>Unde</span> 
     </span>
     <span class='ocr_line' id='line_1_28' title="bbox 112 3655 1275 3745; baseline 0.003 -24"><span class='ocrx_word' id='word_1_211' title='bbox 112 3655 151 3721; x_wconf 82' lang='lat' dir='ltr'>lle</span> <span class='ocrx_word' id='word_1_212' title='bbox 173 3658 255 3725; x_wconf 91' lang='lat' dir='ltr'>Luca</span> <span class='ocrx_word' id='word_1_213' title='bbox 282 3679 337 3743; x_wconf 83' lang='lat' dir='ltr'>op.</span> <span class='ocrx_word' id='word_1_214' title='bbox 361 3661 415 3726; x_wconf 86' lang='lat' dir='ltr'>cit.</span> <span class='ocrx_word' id='word_1_215' title='bbox 440 3658 503 3725; x_wconf 79' lang='lat' dir='ltr'>dis.</span> <span class='ocrx_word' id='word_1_216' title='bbox 526 3656 579 3725; x_wconf 84' lang='lat'>23</span> <span class='ocrx_word' id='word_1_217' title='bbox 602 3678 703 3745; x_wconf 86' lang='lat' dir='ltr'>agens</span> <span class='ocrx_word' id='word_1_218' title='bbox 733 3657 774 3724; x_wconf 93' lang='lat' dir='ltr'>de</span> <span class='ocrx_word' id='word_1_219' title='bbox 804 3658 867 3723; x_wconf 89' lang='lat' dir='ltr'>hac</span> <span class='ocrx_word' id='word_1_220' title='bbox 889 3657 990 3744; x_wconf 89' lang='lat' dir='ltr'>cong.</span> <span class='ocrx_word' id='word_1_221' title='bbox 1014 3679 1046 3723; x_wconf 91' lang='lat' dir='ltr'>n.</span> <span class='ocrx_word' id='word_1_222' title='bbox 1072 3660 1092 3724; x_wconf 89' lang='lat'><em>8</em></span> <span class='ocrx_word' id='word_1_223' title='bbox 1116 3660 1275 3725; x_wconf 87' lang='lat' dir='ltr'>advertit:</span> 
     </span>
     <span class='ocr_line' id='line_1_29' title="bbox 113 3780 1277 3871; baseline 0.003 -24"><span class='ocrx_word' id='word_1_224' title='bbox 113 3780 187 3848; x_wconf 79' lang='lat' dir='ltr'>«Ac</span> <span class='ocrx_word' id='word_1_225' title='bbox 206 3787 302 3850; x_wconf 91' lang='lat' dir='ltr'>etiam</span> <span class='ocrx_word' id='word_1_226' title='bbox 325 3784 493 3849; x_wconf 90' lang='lat' dir='ltr'>adinstar</span> <span class='ocrx_word' id='word_1_227' title='bbox 517 3782 617 3870; x_wconf 89' lang='lat' dir='ltr'>cong.</span> <span class='ocrx_word' id='word_1_228' title='bbox 642 3784 673 3851; x_wconf 87' lang='lat' dir='ltr'>S.</span> <span class='ocrx_word' id='word_1_229' title='bbox 700 3782 810 3850; x_wconf 87' lang='lat' dir='ltr'>Officii</span> <span class='ocrx_word' id='word_1_230' title='bbox 834 3784 1008 3857; x_wconf 90' lang='lat' dir='ltr'>forensem,</span> <span class='ocrx_word' id='word_1_231' title='bbox 1032 3787 1202 3871; x_wconf 90' lang='lat' dir='ltr'>profanam</span> <span class='ocrx_word' id='word_1_232' title='bbox 1226 3806 1277 3851; x_wconf 91' lang='lat' dir='ltr'>co-</span> 
     </span>
    </p>
   </div>
   <div class='ocr_carea' id='block_1_3' title="bbox 112 3891 1276 3989">
    <p class='ocr_par' dir='ltr' id='par_1_5' title="bbox 112 3891 1276 3989">
     <span class='ocr_line' id='line_1_30' title="bbox 112 3891 1276 3989; baseline 0.004 -18"><span class='ocrx_word' id='word_1_233' title='bbox 112 3908 272 3989; x_wconf 87' lang='lat' dir='ltr'>gnitionem</span> <span class='ocrx_word' id='word_1_234' title='bbox 294 3908 394 3973; x_wconf 90' lang='lat' dir='ltr'>habet</span> <span class='ocrx_word' id='word_1_235' title='bbox 421 3891 562 3973; x_wconf 86' lang='lat' dir='ltr'>civilium</span> <span class='ocrx_word' id='word_1_236' title='bbox 593 3909 807 3975; x_wconf 82' lang='lat' dir='ltr'>criminalium</span> <span class='ocrx_word' id='word_1_237' title='bbox 840 3914 874 3975; x_wconf 91' lang='lat' dir='ltr'>et</span> <span class='ocrx_word' id='word_1_238' title='bbox 902 3910 1077 3975; x_wconf 88' lang='lat' dir='ltr'>mixtarum</span> <span class='ocrx_word' id='word_1_239' title='bbox 1105 3930 1276 3976; x_wconf 89' lang='lat' dir='ltr'>causarum</span> 
     </span>
    </p>
   </div>
   <div class='ocr_carea' id='block_1_4' title="bbox 110 4029 1278 4492">
    <p class='ocr_par' dir='ltr' id='par_1_6' title="bbox 110 4029 1278 4492">
     <span class='ocr_line' id='line_1_31' title="bbox 112 4029 1276 4119; baseline 0.008 -29"><span class='ocrx_word' id='word_1_240' title='bbox 112 4029 239 4097; x_wconf 90' lang='lat' dir='ltr'>eiusdem</span> <span class='ocrx_word' id='word_1_241' title='bbox 255 4033 524 4119; x_wconf 84' lang='lat' dir='ltr'>Congregatiouis</span> <span class='ocrx_word' id='word_1_242' title='bbox 538 4031 592 4097; x_wconf 82' lang='lat' dir='ltr'>vel</span> <span class='ocrx_word' id='word_1_243' title='bbox 609 4032 742 4118; x_wconf 89' lang='lat' dir='ltr'>collegii</span> <span class='ocrx_word' id='word_1_244' title='bbox 766 4033 988 4098; x_wconf 86' lang='lat' dir='ltr'>ministrorum</span> <span class='ocrx_word' id='word_1_245' title='bbox 1004 4039 1036 4099; x_wconf 92' lang='lat' dir='ltr'>et</span> <span class='ocrx_word' id='word_1_246' title='bbox 1051 4036 1276 4118; x_wconf 88' lang='lat' dir='ltr'>operariorum</span> 
     </span>
     <span class='ocr_line' id='line_1_32' title="bbox 111 4154 1276 4243; baseline 0.004 -26"><span class='ocrx_word' id='word_1_247' title='bbox 111 4170 160 4217; x_wconf 87' lang='lat' dir='ltr'>seu</span> <span class='ocrx_word' id='word_1_248' title='bbox 181 4174 258 4239; x_wconf 89' lang='lat' dir='ltr'>quae</span> <span class='ocrx_word' id='word_1_249' title='bbox 281 4156 461 4242; x_wconf 87' lang='lat' dir='ltr'>respiciunt</span> <span class='ocrx_word' id='word_1_250' title='bbox 481 4154 566 4220; x_wconf 91' lang='lat' dir='ltr'>bona</span> <span class='ocrx_word' id='word_1_251' title='bbox 587 4156 777 4241; x_wconf 89' lang='lat' dir='ltr'>temporalia</span> <span class='ocrx_word' id='word_1_252' title='bbox 792 4156 934 4223; x_wconf 84' lang='lat' dir='ltr'>eiusdem</span> <span class='ocrx_word' id='word_1_253' title='bbox 949 4158 1056 4242; x_wconf 86' lang='lat' dir='ltr'>operis</span> <span class='ocrx_word' id='word_1_254' title='bbox 1072 4156 1125 4222; x_wconf 86' lang='lat' dir='ltr'>rel</span> <span class='ocrx_word' id='word_1_255' title='bbox 1141 4156 1276 4243; x_wconf 89' lang='lat' dir='ltr'>collegii</span> 
     </span>
     <span class='ocr_line' id='line_1_33' title="bbox 111 4280 1278 4370; baseline 0.007 -29"><span class='ocrx_word' id='word_1_256' title='bbox 111 4296 147 4343; x_wconf 84' lang='lat' dir='ltr'>ex</span> <span class='ocrx_word' id='word_1_257' title='bbox 161 4300 291 4364; x_wconf 90' lang='lat' dir='ltr'>quorum</span> <span class='ocrx_word' id='word_1_258' title='bbox 306 4281 466 4347; x_wconf 89' lang='lat' dir='ltr'>fructibus</span> <span class='ocrx_word' id='word_1_259' title='bbox 482 4280 667 4370; x_wconf 83' lang='lat' dir='ltr'>missionum</span> <span class='ocrx_word' id='word_1_260' title='bbox 683 4286 859 4367; x_wconf 85' lang='lat' dir='ltr'>sumptus...</span> <span class='ocrx_word' id='word_1_261' title='bbox 875 4289 1053 4369; x_wconf 88' lang='lat' dir='ltr'>erogantur</span> <span class='ocrx_word' id='word_1_262' title='bbox 1066 4304 1097 4348; x_wconf 73' lang='lat' dir='ltr'>a.</span> <span class='ocrx_word' id='word_1_263' title='bbox 1109 4284 1155 4348; x_wconf 86' lang='lat' dir='ltr'>At</span> <span class='ocrx_word' id='word_1_264' title='bbox 1169 4283 1278 4349; x_wconf 86' lang='lat' dir='ltr'>huius-</span> 
     </span>
     <span class='ocr_line' id='line_1_34' title="bbox 110 4401 1277 4492; baseline 0.007 -27"><span class='ocrx_word' id='word_1_265' title='bbox 110 4401 184 4467; x_wconf 89' lang='lat' dir='ltr'>modi</span> <span class='ocrx_word' id='word_1_266' title='bbox 204 4404 344 4489; x_wconf 89' lang='lat' dir='ltr'>speciale</span> <span class='ocrx_word' id='word_1_267' title='bbox 366 4404 508 4470; x_wconf 85' lang='lat' dir='ltr'>tribunal</span> <span class='ocrx_word' id='word_1_268' title='bbox 538 4424 621 4490; x_wconf 92' lang='lat' dir='ltr'>pene</span> <span class='ocrx_word' id='word_1_269' title='bbox 647 4404 801 4471; x_wconf 90' lang='lat' dir='ltr'>abolitum</span> <span class='ocrx_word' id='word_1_270' title='bbox 831 4405 895 4473; x_wconf 90' lang='lat' dir='ltr'>fuit</span> <span class='ocrx_word' id='word_1_271' title='bbox 920 4427 981 4492; x_wconf 92' lang='lat' dir='ltr'>per</span> <span class='ocrx_word' id='word_1_272' title='bbox 1011 4406 1277 4474; x_wconf 85' lang='lat' dir='ltr'>reformationem</span> 
     </span>
    </p>
   </div>
   <div class='ocr_carea' id='block_1_5' title="bbox 0 0 1650 5109">
    <p class='ocr_par' dir='ltr' id='par_1_7' title="bbox 0 0 1650 5109">
     <span class='ocr_line' id='line_1_35' title="bbox 0 0 1650 5109; baseline 0 0"><span class='ocrx_word' id='word_1_273' title='bbox 0 0 1650 5109; x_wconf 95' lang='lat' dir='ltr'> </span> 
     </span>
    </p>
   </div>
  </div>
 </body>
</html>
