3292 5109
356 267 420 334 154
880 286 965 334 anns
989 285 1025 332 11.

350 410 572 476 inscribuntur
594 417 627 477 et
653 430 673 475 a
695 409 887 476 Secretariis
911 411 1076 494 utriusque
1099 410 1191 490 ritus,
1215 409 1406 493 respective,
1422 407 1526 473 distri-

353 534 494 602 buuntur
508 533 697 600 officialibus
715 533 810 600 dictis
823 569 841 583 -
855 534 1043 600 minutanti
1056 570 1086 610 -,
1104 538 1140 601 ut
1154 537 1394 620 praeparentur
1408 531 1462 597 rel
1475 533 1525 597 im-

352 660 510 726 mediatae
525 659 721 746 expeditioni
736 659 789 724 vel
805 657 1031 724 deliberationi
1047 656 1217 723 habendae
1227 661 1284 722 aut
1295 656 1333 722 in
1348 675 1525 742 conpressu

351 790 408 850 aut
428 784 466 850 in
483 787 591 868 pleno
613 782 885 870 conpreputione.
904 782 999 848 -Est
1021 781 1172 867 specialis
1192 781 1224 846 in
1241 779 1304 844 hac
1320 780 1420 865 Cong.
1437 781 1525 857 ratio,

306 923 313 936 ·
351 926 415 990 qua
437 905 474 972 lit
496 909 697 993 negotiorum
728 905 897 973 attributio
928 906 1063 992 singulis
1093 905 1350 980 minutantibuu
1374 903 1524 989 siquidem

352 1029 467 1113 cuique
478 1029 661 1095 minotauri
675 1031 839 1116 assignata
855 1035 905 1096 est
920 1035 1010 1096 certa
1026 1030 1196 1115 provincia
1211 1027 1408 1101 missionum,
1420 1027 1526 1093 italice

351 1155 448 1241 vulgo
471 1154 557 1220 dicta
575 1155 749 1229 Ponenzo,
768 1160 800 1220 et
821 1156 995 1221 universae
1018 1155 1223 1239 quaestiones
1245 1173 1303 1219 seu
1322 1155 1524 1240 supplicatio-

350 1297 410 1344 nes
442 1278 483 1344 ab
517 1279 580 1342 bac
613 1279 842 1364 provenientes
869 1276 1104 1344 demandantur
1129 1277 1176 1342 illi
1204 1279 1256 1344 cui
1280 1278 1341 1344 ista
1363 1278 1527 1362 provincia

350 1402 512 1488 assignata
530 1401 601 1467 fuit.
613 1437 659 1449 ·-
674 1403 730 1466 Bis
747 1393 784 1465 in
796 1400 997 1467 bebdomada
1013 1421 1215 1488 conpressus
1230 1400 1412 1478 habentur;
1425 1402 1525 1484 pleno

350 1527 567 1612 concrepatio
591 1527 639 1592 bis
662 1529 695 1591 in
719 1546 831 1592 mense
853 1533 884 1594 et
907 1527 959 1592 die
981 1525 1079 1591 lunae
1101 1525 1216 1592 haberi
1239 1525 1322 1591 solet
1341 1526 1375 1590 in
1395 1525 1524 1596 Palatio.

350 1651 403 1714 ubi
427 1649 694 1738 congregationis
717 1651 862 1717 resident
885 1648 999 1716 officia.

350 1952 568 2024 praesentandae
583 1957 656 2019 sunt,
669 1952 828 2008 desiderari.
841 1951 911 2006 Tum
931 1950 999 2006 lolia
1017 1951 1175 2006 litterarum
1195 1954 1224 2005 et
1241 1950 1473 2004 documentorum
1491 1950 1527 2002 ite

349 2059 510 2128 saepissime
529 2060 634 2127 scripta
652 2067 725 2126 sunt,
745 2061 777 2111 ut
794 2056 862 2111 ordo
881 2057 1041 2126 scriptionis
1059 2057 1142 2110 unius
1161 2055 1281 2125 paginae
1299 2055 1337 2108 sit
1354 2055 1484 2110 inversus
1500 2056 1523 2108 in

349 2166 512 2232 successiva,
531 2171 560 2221 et
579 2165 644 2220 hinc
663 2183 725 2220 cum
744 2183 779 2221 ex
796 2165 840 2220 bis
852 2165 936 2231 foliis,
951 2181 999 2235 pro
1012 2181 1107 2221 eorum
1120 2165 1331 2219 conservatione
1344 2164 1374 2218 in
1389 2163 1525 2228 Archirio,

335 2271 414 2324 'libri
434 2271 627 2336 conficiuntur,
646 2271 693 2324 isti
711 2286 762 2342 pro
780 2269 900 2339 singulis
920 2269 1030 2340 paginis
1047 2269 1173 2339 legendis
1185 2270 1221 2324 ab
1235 2270 1291 2323 imo
1308 2269 1440 2324 deorsum
1460 2270 1524 2324 verti
1598 2273 1599 2292 ²

348 2375 458 2442 debent,
478 2391 532 2430 nen
550 2376 610 2430 eine
629 2374 723 2429 inutili
743 2376 856 2430 lectoris
875 2376 1049 2431 incommodo
1068 2383 1097 2432 et
1115 2376 1235 2432 fastidio.

436 2479 589 2535 «Tandem
601 2485 630 2534 et
642 2479 717 2534 aliud
731 2480 929 2534 inconveniens
941 2479 1091 2551 aliquando
1109 2479 1202 2534 locum
1221 2478 1315 2548 habet,
1329 2480 1404 2551 quod
1423 2480 1526 2534 scilicet

348 2603 365 2638 a
384 2586 410 2640 S.
430 2587 529 2657 congr.
549 2587 579 2642 in
604 2588 763 2657 receptione
786 2587 983 2657 epistolarum,
1002 2603 1052 2657 pro
1077 2587 1256 2642 insufficienti
1280 2586 1423 2643 solutione
1450 2588 1524 2658 pretii

347 2695 564 2750 transmissionis
589 2713 607 2749 a
630 2697 823 2763 mittentibus,
841 2696 943 2766 duplex
969 2701 1035 2750 taxe
1059 2695 1191 2751 solvenda
1209 2700 1267 2750 est:
1287 2696 1360 2750 unde
1379 2697 1525 2768 quotannis

347 2817 403 2856 non
415 2803 519 2872 exigua
531 2804 665 2872 pecuniae
678 2820 785 2856 summa
798 2803 902 2859 necessi
908 2803 1012 2858 tatibus
1025 2802 1148 2873 quotidie
1161 2803 1349 2857 crescentibus
1363 2803 1523 2858 Missionum

347 2907 529 2962 subtrahitur.

433 3017 506 3074 «nd
526 3016 595 3073 haee
613 3017 707 3071 omnia
726 3016 901 3071 incommoda
919 3017 1070 3073 efficaciter
1089 3017 1255 3073 removenda
1273 3017 1471 3090 infrascriptus
1483 3019 1524 3074 Se-
1596 3023 1597 3070 i

346 3123 483 3177 cretarius
507 3123 672 3178 desiderium
698 3122 780 3176 huius
805 3122 832 3176 S.
852 3122 983 3189 Consilii,
1005 3139 1060 3176 non
1085 3123 1172 3178 semel
1196 3124 1249 3178 eibi
1272 3125 1462 3195 patefactum,
1481 3141 1523 3195 per

346 3235 507 3301 praesentes
525 3230 635 3285 litteras
653 3229 789 3301 evulgare
807 3234 918 3296 censet,
936 3231 1093 3302 iterumque
1113 3235 1194 3301 rogat
1212 3235 1244 3285 ut
1261 3231 1376 3288 litterae
1399 3237 1431 3288 et
1448 3233 1523 3287 decu·

345 3343 449 3406 menta,
466 3355 537 3411 queo
555 3340 589 3393 ad
608 3339 680 3394 banc
698 3337 725 3392 S.
744 3338 845 3409 congr.
863 3340 1028 3394 mittuntur:

433 3458 452 3500 et
466 3445 493 3512 l)
511 3444 601 3499 latino
620 3444 760 3512 idiomate,
773 3444 818 3500 vel
835 3444 936 3499 saltem
949 3445 1046 3499 italico
1058 3449 1108 3499 aut
1120 3444 1233 3515 gallico,
1247 3451 1363 3500 exorata
1377 3447 1522 3526 sintlsicut

346 3553 459 3603 cautum
476 3549 531 3602 luit
549 3565 598 3618 por
616 3549 727 3603 litteras
745 3548 898 3603 circulares
917 3547 999 3603 huius
1019 3549 1044 3602 S.
1058 3549 1159 3619 Congr.
1176 3547 1257 3603 dieil
1274 3549 1424 3604 Februarii
1446 3549 1521 3611 189&

432 3653 491 3724 «2)
512 3657 543 3708 ut
560 3652 733 3722 intelligibili
753 3652 917 3709 charactere
936 3655 1160 3720 conscribantur,
1182 3653 1344 3724 praesertim
1365 3655 1459 3726 quood
1476 3671 1521 3709 no·

345 3762 421 3815 mina
439 3761 551 3831 propria
569 3777 749 3831 personarum
769 3766 798 3817 et
816 3760 949 3830 locorum,
969 3762 1235 3832 convenientemque
1254 3762 1426 3818 exteriorem
1446 3777 1521 3833 prae·

344 3870 466 3924 sererent
483 3870 600 3924 formam
619 3869 709 3940 quoad
728 3867 843 3924 chartae
862 3869 1062 3936 dimensiones,
1080 3885 1152 3941 quae
1170 3867 1269 3924 charta
1290 3870 1328 3925 sit
1346 3869 1405 3926 albi
1426 3871 1521 3926 coloris
1593 3835 1595 3958 4

342 3977 373 4027 et
390 3977 580 4027 atramentum
598 3973 724 4043 nigrum3

432 4097 449 4131 e
462 4079 491 4147 3)
512 4085 544 4134 ut
561 4079 628 4134 ordo
646 4079 806 4149 scriptionis
825 4079 990 4149 paginarum
1009 4078 1033 4132 is
1051 4078 1097 4146 sit,
1110 4078 1157 4150 qui
1177 4084 1304 4134 serretur
1319 4080 1349 4134 in
1363 4079 1458 4148 libris,
1477 4081 1518 4152 qui

344 4188 419 4258 typis
437 4187 570 4254 eduntur3

432 4293 490 4366 «4)
508 4305 541 4349 ut
563 4295 734 4365 praescripta
757 4311 774 4348 a
796 4294 860 4365 lege
886 4294 914 4348 in
940 4293 1059 4364 siugulis
1083 4294 1245 4364 regionibus
1269 4310 1320 4366 pro
1345 4295 1519 4366 expediendis

343 4397 447 4453 litteris
464 4405 531 4454 taxa
548 4405 647 4455 exacte
665 4415 683 4453 a
700 4399 879 4455 mittentibus
897 4399 1029 4454 solvetur.
