3292 5109
292 260 359 326 290
697 238 699 247 ’
820 278 905 325 rues
931 276 967 324 11.

293 401 496 474 Substitutos,
521 404 555 467 et
576 401 641 481 alii,
662 398 795 464 honoris
818 417 926 480 causa,
950 398 1211 463 condecorantur
1232 396 1325 461 tItulo
1349 394 1476 462 Abbre·

292 526 434 593 viatoris
458 531 490 591 et
514 524 698 593 Substituit.

382 652 457 719 239.
483 652 575 719 Inter
597 652 677 716 alios
693 648 857 717 Officiales
879 655 1094 716 numerantur
1117 648 1215 712 etiam
1237 644 1476 730 Deposilartm

292 780 463 866 pecoralis
482 777 621 862 plumbi.
639 783 672 843 et
686 776 897 844 Plumbotor.
924 777 1096 861 Rescripta
1120 775 1205 840 enim
1228 775 1340 841 taliter
1357 792 1379 836 a
1394 772 1476 837 Gan·

293 902 426 969 cellarios
461 900 611 987 expedita
645 900 797 965 dicuntur
826 900 945 965 Bulloe
974 900 1051 984 quia
1082 899 1232 963 referunt
1259 916 1303 961 ex
1331 894 1477 961 cordulis

292 1028 436 1113 pendeus
459 1026 643 1113 plumbeum
670 1026 819 1111 sigillum.
853 1025 938 1090 Huic
960 1023 1150 1110 apponendo
1174 1043 1217 1088 ex
1239 1020 1347 1087 officio
1370 1022 1475 1085 inteu-

292 1151 339 1217 dit
351 1151 521 1219 Generalis
534 1152 751 1237 DeposItarius
764 1149 908 1233 plumbi,
921 1149 980 1214 sub
995 1150 1086 1214 cuius
1101 1167 1184 1213 cura
1202 1152 1274 1231 post
1291 1147 1385 1212 Pium
1401 1144 1470 1209 VII

210 1260 214 1269 '
291 1274 326 1337 iu
342 1274 545 1339 Cancellaria
567 1273 730 1359 plumbum
754 1278 918 1349 servatur;
942 1277 1039 1339 antea
1068 1270 1262 1337 servabatur
1284 1271 1317 1334 in
1343 1268 1473 1333 Palatio

292 1398 463 1463 Vaticano,
481 1397 546 1461 Leo
559 1397 591 1461 X
606 1398 639 1461 in
653 1396 761 1462 const.
778 1395 970 1462 Pastoralir
984 1393 1085 1480 officii
1100 1393 1355 1481 plumbatoribus
1368 1394 1472 1459 iussit:

295 1540 313 1581 c
330 1520 362 1582 iu
377 1519 590 1605 plumbarIam
607 1520 784 1585 familiares
800 1519 966 1605 deputatos
982 1519 1151 1585 dumtaxat
1166 1526 1200 1587 et
1214 1538 1278 1584 uon
1295 1524 1473 1583 extraneos

291 1642 470 1716 admittant,
488 1643 545 1709 sub
562 1644 903 1711 excommquoationis
925 1664 1031 1731 poena
1047 1665 1064 1707 a
1083 1649 1116 1709 et
1139 1645 1205 1709 Leo
1221 1644 1306 1710 XIII
1325 1644 1358 1707 in
1374 1643 1473 1709 Motu

287 1768 454 1851 proprio,
479 1770 547 1834 dici
570 1770 621 1835 20
644 1770 714 1836 dec.
738 1769 847 1850 1878,
871 1770 997 1836 statuit:
1020 1788 1038 1831 c
1059 1769 1150 1843 Quae
1173 1774 1280 1832 autem
1304 1787 1365 1853 pro
1388 1764 1474 1830 fide·

291 1890 368 1956 IIter
383 1890 598 1957 custodiendis
622 1897 654 1955 et
676 1891 881 1957 asservandis
903 1891 1024 1977 plumbi
1048 1892 1275 1956 numismatum
1298 1889 1386 1975 typis
1408 1892 1471 1952 sta-

291 2020 360 2081 tuta
383 2022 466 2099 suut,
491 2016 603 2083 eodem
618 2036 678 2101 per
693 2024 883 2103 praesentes
901 2014 1129 2081 confirmamus
1153 2022 1250 2099 atque
1273 2014 1471 2080 examussim

291 2138 493 2205 observanda
509 2159 580 2206 esse
596 2139 799 2205 decernimus
812 2160 841 2204 a.
857 2138 1081 2207 Plumbatores
1093 2140 1269 2223 antiquitus
1281 2137 1473 2203 dicebantur

290 2262 420 2347 fratres
444 2262 576 2331 barbati
591 2265 666 2348 qula
684 2262 746 2329 duo
762 2263 888 2328 monaci
905 2263 1146 2335 cistercienses,
1164 2282 1207 2326 ex
1222 2262 1400 2335 conversis,
1418 2281 1473 2326 cu·

230 2462 234 2469 .
290 2406 363 2452 ram
378 2387 535 2473 gerebant
550 2386 653 2452 bullas
669 2386 840 2472 sigillandi.
866 2387 1075 2452 Innocentius
1090 2386 1175 2451 VIII
1197 2383 1419 2469 plumbatores
1437 2386 1472 2449 in

290 2513 447 2579 laicorum
460 2513 631 2599 collegium
644 2514 751 2579 erexit
766 2514 818 2577 cui
830 2514 967 2597 cooptati
980 2513 1112 2578 luerunt
1124 2513 1219 2577 etiam
1232 2512 1439 2577 Bramantius
1452 2532 1471 2578 e

290 2640 421 2721 Pennis,
435 2639 645 2705 Architectus
661 2639 817 2704 Basilicae
830 2639 1011 2704 Vaticanae
1027 2645 1060 2703 et
1072 2638 1277 2705 SebastIanus
1294 2656 1314 2701 a
1326 2637 1469 2720 plumbo

290 2768 323 2829 et
346 2764 524 2830 Gulielmus
539 2784 559 2829 a
575 2765 685 2837 Porta,
704 2764 812 2829 eximii
829 2762 980 2829 artifices.
999 2763 1103 2829 Hodie
1122 2763 1295 2848 collegium
1319 2782 1385 2828 non
1407 2781 1474 2827 am·

289 2887 372 2972 plius
387 2886 535 2960 habetur,
553 2888 609 2953 sed
624 2886 709 2972 apud
724 2888 812 2951 vlros
828 2887 927 2952 laicos
944 2886 1065 2952 residet
1080 2885 1187 2951 adhuc
1202 2887 1266 2950 hoc
1282 2883 1435 2951 officium.

378 3013 454 3079 240.
479 3012 590 3088 Quoad
613 3013 697 3078 haec
719 3010 825 3077 officia
851 3012 1124 3078 Abbreviatorum
1148 3013 1276 3096 allaque
1298 3012 1474 3077 innumera

290 3138 463 3203 constituta
485 3138 538 3202 vel
562 3140 593 3201 iu
622 3137 827 3203 cancellaria
853 3138 906 3203 rel
938 3138 1033 3203 aliter
1055 3136 1141 3222 apud
1166 3139 1290 3202 curiam
1314 3138 1475 3223 explicari

289 3260 384 3327 debet
399 3280 537 3345 quanam
554 3262 678 3327 ratione
695 3258 810 3327 effecta
825 3262 890 3327 sint
904 3262 1039 3328 venalia
1055 3260 1233 3328 vocabilia.
1251 3260 1369 3326 Adhuc
1383 3261 1474 3326 inter

291 3385 513 3451 Cancellarlae
529 3385 693 3453 Officiales
708 3386 950 3453 adnumeratur:
967 3386 1203 3470 Depositorius
1217 3387 1389 3473 pancratis
1409 3385 1474 3452 Va·

290 3511 461 3578 cubilium.
485 3514 658 3576 —Porro
683 3532 835 3598 magnum
858 3514 890 3577 in
914 3532 1084 3577 numerum
1111 3515 1332 3578 excreverant
1354 3508 1472 3585 officia,

289 3636 483 3721 praesertim
507 3636 540 3700 iu
563 3636 775 3710 Cancellaria,
800 3637 875 3721 quIa
897 3637 932 3701 iu
954 3636 1022 3701 dles
1044 3634 1248 3721 augebantur
1272 3638 1414 3721 negotia,
1439 3640 1474 3703 et

289 3759 365 3825 inde
380 3760 556 3845 locupletes
579 3760 702 3827 reditus
724 3761 959 3847 proveniebant
977 3762 1010 3825 in
1027 3760 1237 3847 expedIendIs
1261 3762 1378 3827 litteris
1393 3780 1474 3847 pon-

289 3884 395 3953 tificiis
419 3908 477 3953 seu
500 3886 611 3953 Bullis.
639 3922 656 3935 -
683 3888 756 3952 Huc
785 3892 980 3953 revocentur
1003 3892 1153 3953 annulae
1176 3907 1232 3953 seu
1256 3887 1391 3954 mediae
1414 3906 1474 3953 an·

290 4018 392 4079 natae
408 4010 464 4099 (l),
489 4012 701 4098 quindenam
724 4017 756 4079 et
778 4012 861 4078 aliae
884 4011 1064 4078 huiusmodi
1091 4018 1189 4078 tanae
1212 4012 1387 4079 solvendae
1414 4032 1472 4079 oc·

379 4296 418 4366 (1)
439 4296 589 4367 Postquam
608 4296 759 4351 Pontifices
783 4295 837 4349 sibi
861 4299 1041 4351 reservarunt
1066 4295 1245 4350 collationem
1272 4295 1473 4350 beneficiorum

288 4401 374 4457 etiam
393 4405 543 4469 minorum,
562 4418 596 4457 ex
616 4401 677 4456 istis
695 4400 756 4473 (seu
775 4417 831 4456 non
852 4417 886 4456 ex
904 4402 1068 4474 maioribus)
1085 4403 1139 4457 sibi
1158 4406 1339 4457 reservarunt
1365 4401 1474 4457 reditus
