3292 5109
530 312 574 359 na
596 312 737 371 runicus
762 311 1027 359 accussmsrrcrs
1327 294 1367 361 21

182 462 186 470 ·
280 434 434 518 Specialis
453 436 536 498 ratio
552 440 659 499 autem
675 434 786 498 habita
802 438 851 499 est
866 454 885 498 a
901 435 1030 501 Summo
1048 437 1142 502 Pont.
1159 436 1269 501 Leone
1285 439 1369 505 XIII

186 580 250 645 pro
275 557 429 625 tribunali
461 559 492 625 S.
519 561 632 625 Rotae.
670 559 750 623 Nam
773 560 836 624 hoc
859 558 1020 637 tribunah
1043 561 1283 631 consideratum
1311 562 1370 631 sub

181 686 321 767 aspectu
348 682 476 767 collegii
507 682 673 769 iudiciaIIs,
701 682 862 751 adiectum
889 688 939 751 est
962 683 992 749 S.
1020 684 1150 749 Rituum
1176 682 1368 777 congrega·

184 805 276 877 ttoni,
300 811 336 870 ut
359 825 433 869 cum
462 810 538 872 voto
569 804 786 871 deliberatioo
817 804 944 903 decidat
974 805 1195 891 cottepioIiter
1224 826 1264 872 ac
1288 827 1368 873 cum

183 927 273 1010 stylo
297 926 332 992 S.
352 924 664 1014 congregationum
688 930 891 1011 quaestiones
914 930 1004 993 clrca
1026 929 1172 994 valorem
1197 928 1370 995 inridicum

186 1072 406 1137 processuum,
422 1055 477 1138 qui
497 1056 530 1118 in
553 1056 659 1119 causis
676 1053 930 1140 beatificationis
950 1059 983 1118 et
996 1054 1276 1139 sanctificationis
1295 1073 1369 1119 con·

177 1174 348 1241 ficiuntur.
373 1178 554 1243 Praeterea
584 1178 687 1243 eidem
708 1178 862 1244 tribunali
895 1180 926 1245 S.
952 1180 1054 1245 Itotae
1083 1198 1275 1247 concessum
1310 1183 1368 1253 est,

185 1303 222 1363 ut
245 1300 323 1364 iuris
345 1300 460 1366 ordine
483 1307 622 1375 servato,
639 1303 844 1385 quaestiones
866 1304 898 1367 in
920 1304 973 1367 via
997 1302 1369 1369 contentiosaresolvat

182 1428 319 1489 exortas
348 1426 435 1490 inter
458 1446 613 1511 personas
643 1426 889 1491 Ecclesiasticas
919 1446 1018 1511 super
1044 1428 1311 1512 praeeminentiis
1337 1434 1370 1493 et

181 1548 257 1613 aliis
284 1550 416 1624 iuribus,
442 1551 568 1655 quando
599 1553 663 1617 hae
693 1572 811 1619 causae
837 1556 1024 1639 pertiueant
1046 1553 1087 1618 ad
1120 1554 1369 1638 competentiam

183 1674 217 1740 S.
251 1676 383 1741 Rituum
413 1676 680 1764 congregationis
712 1684 745 1745 et
775 1680 918 1745 eiusdem
951 1679 1144 1745 Praefectus
1176 1678 1298 1747 iudicet
1329 1679 1369 1744 dc

179 1805 424 1886 opportunitate
447 1824 501 1869 eas
525 1804 710 1870 remittendi
733 1806 774 1870 ad
798 1805 829 1871 S.
850 1806 974 1871 Rotam.
1002 1806 1070 1871 Imo
1095 1824 1210 1889 nuper,
1236 1804 1369 1871 decreto

183 1926 227 1990 19
242 1926 321 1993 Dec.
337 1929 441 2003 1895,
465 1930 559 1995 huius
581 1930 753 1995 tribunalis
773 1933 989 2016 competentia
1012 1931 1045 1995 in
1069 1932 1174 1997 causis
1192 1931 1369 2016 Beatifica·
1441 2024 1442 2029 ἵ

180 2051 285 2119 tionis
308 2059 341 2119 et
363 2052 647 2141 Sanctificationis
670 2062 766 2122 aucta
789 2056 852 2122 fult
867 2054 924 2145 (I).

271 2178 325 2243 22.
352 2180 418 2243 Pro
434 2180 621 2245 exercenda
636 2201 715 2244 vero
730 2181 912 2246 huiusmodi
933 2186 1091 2266 potestate
1107 2180 1366 2247 administrativa

180 2302 216 2365 in
244 2302 274 2367 S.
300 2301 609 2389 congregationibus
640 2301 838 2388 deputantur
868 2303 1014 2371 nonnulli
1046 2303 1252 2386 Cardinales‚
1278 2304 1365 2371 unde

178 2428 253 2495 fluit
282 2430 368 2496 aliud
399 2432 586 2514 requisitum
621 2431 797 2496 inhaerens
823 2436 971 2499 naturae
997 2431 1114 2495 horum
1143 2432 1364 2517 collegiorum,

178 2558 267 2642 quod
289 2578 405 2642 nempe
429 2555 574 2641 pluribus
597 2557 781 2621 coalescant
797 2555 1032 2622 Cardiualibus.
1051 2557 1230 2621 Praeterea
1245 2555 1286 2621 ad
1302 2556 1367 2620 col·

179 2682 258 2766 legii
281 2686 355 2748 acta
377 2680 610 2766 praeparanda,
635 2680 811 2752 exaranda,
830 2680 902 2745 dein
926 2681 959 2745 in
977 2679 1133 2745 Archivio
1157 2676 1365 2761 custodienda

176 2806 296 2889 cuique
318 2805 570 2891 congregationi
594 2806 675 2869 certi
699 2803 830 2889 adiungi
857 2804 1039 2870 debuerunt
1062 2800 1225 2868 officIaIes.
1252 2802 1366 2879 Quare

178 3064 239 3100 ram
257 3046 325 3101 dare
338 3046 366 3100 S.
381 3046 659 3117 Congregationibus,
672 3049 744 3121 quod
764 3048 911 3102 consilium
930 3049 1059 3117 probavit
1076 3048 1101 3101 S.
1117 3049 1362 3119 PontiIe13quare

177 3168 229 3220 per
252 3150 414 3206 schedulam
435 3152 608 3208 Secretariae
630 3155 727 3208 Status
751 3154 893 3207 mandavit
916 3158 947 3207 ut
972 3154 1063 3207 Sacris
1087 3152 1363 3221 Congregationibus

178 3260 379 3329 Episcoporum
404 3267 433 3315 et
458 3260 789 3330 Regularium.conci1ii
815 3266 845 3316 et
869 3261 1068 3331 Propagandae
1094 3260 1172 3315 Fidei
1194 3259 1361 3328 singillatIm

175 3366 397 3437 adiungerentur
416 3367 509 3447 plures
524 3368 656 3432 Praelati‚
668 3368 769 3438 quibus
787 3367 1009 3421 committeretur
1029 3384 1128 3419 munus
1142 3382 1239 3418 causas
1258 3365 1367 3420 exami-

177 3472 262 3525 nandi
281 3476 311 3526 et
322 3472 488 3526 discutiendi
507 3471 694 3542 collegialiter
710 3477 739 3525 et
751 3472 816 3526 dein
829 3471 975 3526 emiliendi
988 3472 1152 3539 suffragium
1165 3472 1363 3537 consulatuum,

176 3584 329 3649 autequam
351 3581 380 3633 in
401 3579 526 3650 generali
546 3580 735 3633 cardinalium
758 3584 900 3634 conventu
922 3580 1097 3648 agitarentur
1118 3589 1148 3633 et
1169 3579 1363 3634 definirentur.

177 3683 283 3737 Verum
300 3683 383 3739 hodie
401 3702 437 3740 ex
454 3685 566 3739 decreto
581 3686 632 3738 snb
646 3686 701 3739 fine
720 3684 786 3744 anni
801 3684 871 3737 1895
882 3684 971 3748 ¹odito,
985 3681 1141 3738 huiusmodi
1161 3690 1258 3738 coetus
1278 3684 1364 3739 Prae·

172 3793 299 3848 latorum
318 3810 375 3850 non
392 3794 513 3864 amplius
531 3794 628 3851 haberi
647 3795 752 3848 iussum
771 3795 833 3847 tuit
854 3822 888 3835 -
901 3794 961 3847 visi
984 3798 1048 3847 sunt
1067 3794 1151 3859 euim,
1171 3794 1262 3863 prouti
1282 3792 1361 3847 ordi-

172 3898 236 3969 nati
256 3906 347 3966 erant,
365 3915 416 3953 suo
434 3916 517 3969 scopo
536 3916 591 3953 non
609 3899 784 3969 respondere.

265 4004 306 4072 (l)
325 4005 380 4058 Pro
404 4005 572 4059 moderanda
596 4004 752 4074 agitatione
777 4003 911 4058 eiusmodi
937 4020 1083 4057 causarum
1108 4002 1181 4072 apud
1207 4002 1357 4072 collegium

174 4111 202 4164 S.
222 4111 313 4165 ltotae
331 4112 382 4165 sub
400 4111 445 4165 die
463 4113 505 4164 20
524 4112 595 4165 Nou.
616 4112 699 4165 1878
723 4112 828 4166 editum
848 4111 902 4165 luit
922 4110 1069 4165 Decretum
1089 4114 1278 4179 nuncupatum
1303 4110 1358 4163 ita-

172 4198 230 4270 lice
252 4215 392 4287 Orgam‘co
411 4227 463 4271 etc.
483 4218 523 4269 Cf.
544 4234 642 4271 causas
660 4219 899 4287 Metropolitanum
924 4217 1157 4283 praecedentes,
1177 4224 1206 4271 et
1228 4216 1359 4270 Centum·

173 4324 317 4378 cellarum
330 4322 549 4378 Praecedentiae
568 4324 690 4392 agitatas
709 4340 726 4375 a
745 4324 770 4374 S.
784 4323 871 4392 Cong.
889 4324 1002 4376 [lituum
1022 4324 1049 4377 in
1063 4323 1217 4377 Ordinariis
1232 4324 1363 4377 ComiIiis

171 4428 324 4486 Rotalibus
343 4432 401 4485 diei
422 4430 444 4483 6
463 4430 529 4484 Feb.
550 4430 639 4484 1896.
