3292 5109
501 267 546 315 ult
570 266 713 317 lUchllS
736 266 1004 315 noctssmsrmls
1299 250 1347 318 35

163 380 235 450 linis
266 387 342 452 buic
371 387 607 473 competentiae
637 374 874 474 praestituitur,
905 407 1021 475 nempe
1051 388 1223 475 prudentia
1254 393 1345 479 regi·

122 585 124 591 ¹
163 510 265 583 minis,
283 530 346 596 qua
360 516 425 577 tam
449 509 561 576 sedulo
576 512 627 577 usi
642 516 717 578 sunt
740 508 926 594 Pontifices,
936 518 979 577 ‘ut
993 514 1172 599 appositum
1194 514 1341 581 tribunal

160 635 387 701 mustituerint
413 652 455 699 ne
478 634 544 720 lpsi
572 654 631 701 sua
653 640 811 723 potestate
842 635 876 699 in
902 636 1017 721 gratiis
1039 635 1235 724 elargiendis
1257 637 1340 703 abu·
1446 645 1451 653 ’

161 760 323 823 terentur.

248 884 332 958 Quia
354 884 527 969 Signatum
542 883 676 951 Gratiae
692 888 742 949 est
756 881 898 949 tribunal
914 886 1042 969 penitus
1056 888 1258 971 pretiosum,
1276 906 1344 953 non

159 1007 283 1092 excipit
311 1008 543 1093 appellationes
565 1007 617 1072 vel
642 1026 795 1073 recursus
826 1006 983 1073 adversus
1014 1010 1184 1095 petitiones
1216 1009 1251 1075 in
1277 1012 1345 1077 alia

160 1129 334 1216 Signatum
368 1133 520 1208 reiectas;
556 1150 662 1216 neque
684 1152 705 1196 a
728 1132 793 1197 suis
825 1130 966 1199 decretis
996 1134 1072 1199 sinit
1101 1134 1260 1220 appellari
1289 1132 1343 1200 rel

161 1255 289 1319 recurri
312 1253 353 1319 ad
376 1255 473 1320 aliam
496 1256 713 1341 signaturam.

249 1381 303 1445 40.
330 1380 424 1447 Ratio
440 1380 636 1467 procedendi
659 1384 814 1449 convenit
836 1402 909 1448 curn
934 1370 1056 1469 regulis
1078 1382 1214 1449 alterius
1230 1384 1343 1471 Signa·

158 1504 251 1567 turae
281 1504 346 1569 iam
378 1504 558 1589 explicatis.
584 1540 602 1555 ·
636 1506 864 1572 Referendarii
887 1506 1059 1593 petitiones
1085 1507 1244 1581 referunt,
1268 1527 1342 1593 pro

160 1629 283 1708 ponunt
304 1625 382 1711 facti
406 1628 523 1693 seriem
548 1634 581 1693 et
603 1627 740 1694 iuridica
763 1628 829 1694 litis
851 1635 1046 1715 argumenta
1068 1630 1233 1697 evolvunt.
1259 1632 1342 1697 'fres

158 1744 306 1811 solebant
330 1750 479 1813 constitui
500 1770 559 1835 pro
575 1751 702 1837 singulo
727 1770 903 1836 congressu
922 1750 1148 1817 Referendarii
1167 1754 1342 1828 Ponentes,

159 1874 210 1957 qui
234 1875 380 1962 triginta
402 1876 626 1962 proponebant
649 1879 871 1961 quaestiones,
894 1878 975 1951 alias
997 1881 1198 1964 pertinentes
1220 1880 1262 1945 ad
1286 1900 1342 1946 res

159 1997 344 2086 iudiciales,
369 2000 448 2067 alias
478 2000 519 2065 ad
544 2022 596 2067 res
621 2002 893 2067 extraiudioiales.
920 2038 938 2052 ·
963 2003 1134 2069 iudiciales
1165 2008 1241 2069 sunt
1269 2023 1344 2091 gra·

161 2124 258 2190 rionis
282 2126 446 2207 momenti,
464 2128 580 2213 quippe
604 2126 727 2193 habere
750 2128 857 2193 solent
879 2127 1172 2203 contradictorem,
1196 2129 1251 2212 qui
1275 2131 1344 2215 agit

161 2262 202 2309 ne
216 2248 326 2331 gratia
341 2248 553 2333 impertiatur,
573 2255 606 2314 ut
629 2255 706 2334 puta
728 2270 769 2315 ne
793 2248 992 2315 concedatur
1012 2250 1161 2335 rescissio
1184 2254 1343 2323 actorum,

96 2338 100 2346 ¹
161 2383 201 2430 ne
223 2370 433 2453 permittatur
455 2370 628 2456 appellatio
659 2372 754 2435 etiam
786 2372 819 2435 iu
851 2373 1055 2456 suspensivo,
1079 2371 1132 2437 vel
1156 2391 1198 2438 ne
1229 2391 1343 2438 conce

157 2488 253 2555 datur
277 2494 440 2559 restitutio
465 2494 496 2555 in
522 2494 695 2579 integrum.

252 2615 359 2699 Papa,
382 2614 492 2680 audita
515 2616 677 2699 petitionis
701 2616 870 2696 relatione,
883 2615 935 2680 vel
961 2616 1035 2701 lpse
1059 2618 1166 2681 statim
1192 2618 1344 2704 precibus

158 2738 333 2810 annuebat,
349 2738 518 2824 siquando
537 2741 731 2824 rescriptum
752 2739 979 2811 concessionis,
992 2744 1048 2803 aut
1061 2759 1124 2804 non
1136 2739 1343 2806 annuendum

159 2881 230 2930 esse
250 2862 467 2939 decemebat;
491 2864 543 2929 vel
559 2870 668 2930 votum
684 2864 876 2948 exquirebat
900 2865 1126 2930 Praelatorum
1142 2867 1343 2949 Votautium,

159 3003 299 3070 quorum
321 2986 447 3053 libratis
469 2984 642 3073 suffragiis,
659 3006 718 3072 pro
734 3007 793 3052 suo
816 2987 952 3053 arbitrio
975 2987 1175 3054 deliberabat
1190 3009 1233 3054 an
1249 3009 1345 3075 expe·

161 3113 242 3179 diret
260 3114 353 3197 sequi
377 3115 570 3181 sententiam
593 3114 725 3179 maioris
741 3115 844 3199 partis
858 3113 911 3179 vel
926 3134 992 3178 nou
1007 3116 1107 3199 sequi.
1127 3148 1144 3163 ·
1163 3113 1345 3198 Aliquando

161 3236 192 3301 in
215 3241 516 3304 controversiarum
536 3241 756 3326 propositione
779 3240 832 3305 vel
856 3240 1054 3307 discussione
1078 3240 1286 3326 contingebat
1309 3248 1345 3307 ut

159 3346 278 3446 aliquis
308 3380 351 3427 ex
379 3362 604 3429 cardinalibus
634 3365 710 3430 huic
742 3364 937 3451 Signaturae
966 3364 1101 3431 addictis
1133 3366 1265 3431 nomine
1294 3368 1343 3431 sui

168 3486 366 3554 Tribunatis
381 3494 438 3555 aut
455 3487 570 3573 Officii,
586 3488 639 3553 vel
657 3490 765 3574 Papae
782 3490 1031 3576 interrogationi
1056 3490 1269 3575 responderet
1291 3492 1343 3557 vel

162 3610 359 3678 adanorum
383 3618 529 3678 actorum
553 3613 774 3679 defensionem
800 3615 921 3699 Papam
946 3604 1178 3699 alloqueretur,
1203 3622 1236 3681 et
1265 3622 1346 3683 tunc

163 3739 264 3821 petita
286 3738 376 3823 prius
399 3740 505 3819 venia,
528 3759 619 3805 suam
643 3740 836 3804 sententiam
860 3739 964 3805 libere
987 3740 1157 3825 pandebat.

253 3860 307 3926 41.
333 3862 371 3925 ln
395 3861 654 3948 congregatione
680 3862 875 3948 Signaturae
904 3864 1037 3930 Gratiae
1070 3864 1199 3949 quidam
1235 3867 1347 3932 Cardi-

164 3987 247 4054 nalis
278 4008 414 4054 munere
438 3988 601 4054 Praefecti
634 3986 841 4074 fungebatur,
866 3988 922 4054 sed
946 3990 1155 4075 praefectura
1177 3994 1282 4076 potius
1305 3992 1345 4058 ad

165 4117 402 4179 caeremoniam
419 4134 514 4199 quam
534 4115 574 4180 ad
591 4114 808 4181 exercendam
828 4118 1054 4182 auctoritatem
1078 4119 1344 4191 constituebatur.

165 4236 208 4302 cf.
232 4238 279 4303 De
303 4238 400 4321 Luca,
425 4258 479 4323 op.
501 4240 553 4307 cit.
579 4240 648 4305 Dis.
670 4238 734 4314 30,
758 4260 792 4305 o.
817 4240 877 4305 27.
902 4241 1064 4324 Siquidem
1088 4244 1143 4307 hic
1166 4249 1346 4309 conventus

168 4357 385 4425 Gardioalium
421 4367 454 4426 et
488 4361 713 4427 Praelatorum
749 4360 931 4427 habebatur
969 4382 1080 4427 coram
1118 4361 1277 4430 Pontidce
1312 4371 1346 4429 et
