3292 5109
288 286 355 353 408
805 304 889 351 rsus
914 302 950 349 11.

289 426 568 510 pisistratoque,
584 429 729 513 exceptis
744 429 808 494 illis
824 428 990 495 dumtaxat
1006 428 1132 495 casibus
1152 426 1186 491 in
1201 426 1273 491 iure
1292 422 1468 509 expressis.

289 548 461 633 inquibus
490 551 759 637 Metropolitanus
789 558 839 618 est
867 551 965 618 iudex
994 550 1178 617 ordinarius
1201 544 1405 633 Suffraganei
1433 549 1469 609 et

288 672 490 739 subditorum
520 672 740 761 Suffraganei:
765 682 843 743 tunc
870 678 965 749 enim,
989 680 1102 761 utputa
1133 677 1166 740 in
1197 690 1296 740 causa
1325 669 1472 757 appella-

289 796 395 870 tionis‚
410 816 473 861 uon
489 818 550 884 per
565 798 819 883 requisitionem
834 798 890 863 sed
904 819 965 885 per
979 798 1183 865 mandatum
1199 794 1472 881 Metropolitanus

289 919 410 1003 aliquid
431 919 520 986 iubet
541 922 610 987 sive
633 918 881 1009 Suffraganeum
904 922 972 987 sive
994 920 1155 987 subditum
1180 916 1394 1005 suffraganei.
1421 915 1471 984 of,

289 1045 474 1119 Monacelli,
497 1047 767 1123 Foranutorium,
791 1054 870 1116 tom.
895 1050 943 1124 ΙΙ,
967 1068 1000 1114 a.
1017 1048 1045 1122 1,
1070 1048 1095 1113 2
1119 1054 1151 1113 et
1174 1044 1359 1132 Pignatelli,
1388 1042 1473 1111 Con·

288 1170 365 1235 suit.
382 1169 449 1235 174
473 1174 549 1236 tom.
567 1168 609 1253 4,·
631 1176 665 1235 et
687 1190 715 1235 e.
731 1191 758 1237 e.
775 1170 817 1235 14
833 1170 883 1237 De
895 1170 964 1255 for.
982 1167 1188 1256 eom.X(Il,
1205 1168 1242 1251 2)
1258 1164 1475 1249 et153De

289 1294 358 1379 for.
382 1315 491 1379 comp.
515 1297 552 1362 ia
575 1296 599 1362 6
622 1296 678 1382 (li,
703 1297 748 1385 2).

379 1420 456 1485 324.
481 1422 626 1488 Litterae
647 1423 894 1490 remissoriotes
916 1442 974 1488 seu
995 1421 1263 1507 requisitorioies
1286 1419 1339 1484 vel
1368 1436 1472 1483 moa·

290 1540 374 1607 dato
388 1550 562 1609 versantur
577 1530 629 1609 sel
645 1547 735 1611 cirea
757 1548 982 1612 executionem
1001 1545 1138 1611 alicuius
1161 1544 1295 1619 decreti;
1312 1542 1366 1607 vel
1382 1542 1476 1607 circa

290 1667 525 1735 coniectionem
541 1670 676 1735 alicuius
696 1676 786 1737 actus
805 1670 1020 1756 processualis
1035 1670 1173 1736 ordinati
1189 1669 1230 1733 ad
1246 1665 1475 1735 instruendum

291 1812 487 1878 processum.

382 1918 414 2003 l)
437 1920 477 1984 ln
491 1921 597 2005 primo
613 1942 689 1987 casu
705 1924 812 2008 agitur
829 1943 880 1987 ex.
899 1942 929 2007 g.
946 1921 986 1985 de
1002 1918 1191 2005 exequendo
1208 1922 1283 1984 actu
1299 1918 1474 1999 citationis,

291 2045 331 2111 de
354 2046 544 2129 exequenda
566 2050 831 2132 sequestratione,
848 2047 887 2112 de
903 2047 1093 2131 exequenda
1108 2047 1269 2112 sententia
1284 2047 1355 2111 sive
1374 2046 1477 2115 inter-

291 2168 450 2235 locutoria
465 2172 534 2235 sire
548 2168 723 2238 definitiva.
743 2208 761 2221 ·
778 2171 889 2238 Veluti
907 2173 1085 2257 Episcopus
1101 2171 1293 2236 sententiam
1310 2170 1383 2235 tulit
1398 2188 1476 2235 con·

292 2292 525 2359 damnatoriam
547 2296 581 2359 iu
604 2296 743 2381 aliquem
767 2298 934 2379 clericum,
951 2297 1004 2380 qui
1028 2295 1146 2361 exinde
1168 2293 1297 2378 aliquod
1321 2292 1411 2369 dare,
1428 2293 1475 2358 fa-

291 2438 378 2491 cere,
403 2424 570 2503 praestare
593 2425 731 2486 tenetur.
756 2420 792 2486 Si
813 2420 868 2485 hic
891 2426 1037 2505 tempure
1060 2418 1269 2504 exequendae
1292 2420 1474 2484 sententiae

291 2542 429 2628 amplius
458 2564 524 2608 non
548 2550 767 2611 commoretur
797 2546 831 2609 in
854 2544 1020 2611 territorio
1051 2541 1165 2609 iudicis
1193 2542 1245 2626 qui
1277 2542 1476 2607 sententiam

291 2666 380 2741 tulit;
406 2685 558 2733 recursus
580 2667 746 2733 habendus
770 2672 819 2733 est
841 2688 901 2752 per
922 2666 1049 2733 litteras
1070 2665 1338 2750 requisitoriates
1361 2663 1403 2729 ad
1425 2665 1475 2729 iu-

290 2789 395 2857 dicem
418 2794 451 2855 in
474 2794 564 2858 cuius
588 2793 726 2859 dioecesi
749 2800 823 2858 actu
847 2798 993 2859 moratur
1016 2812 1091 2857 reus
1114 2812 1153 2857 eo
1177 2791 1321 2873 consilio,
1345 2798 1381 2857 ut
1411 2793 1473 2859 ista

291 2912 389 2979 iudex
411 2914 589 2999 legitimam
611 2916 770 3002 prolatam
792 2916 984 2982 sententiam
1010 2918 1190 2999 exequatur
1213 2912 1254 2977 ad
1276 2915 1472 3001 'instantiam

289 3036 426 3103 alterius
450 3040 573 3107 iudicis.
598 3039 708 3114 Quare
729 3041 859 3106 litterae
881 3038 1149 3125 requisitorioies
1167 3038 1335 3104 continere
1353 3035 1475 3103 debent

292 3162 460 3246 exemplar
483 3163 702 3231 authenticum
725 3164 851 3231 decreti
874 3163 1054 3248 exequendi
1078 3182 1137 3227 nec
1162 3182 1227 3226 non
1251 3160 1388 3227 iudicem
1417 3159 1473 3226 de·

291 3285 370 3353 bent
392 3289 566 3354 certiorem
596 3289 707 3355 iacere
731 3290 771 3356 de
792 3292 832 3355 iis
855 3291 1016 3355 factorum
1039 3288 1197 3355 adiunctis
1220 3289 1304 3354 scitu
1327 3308 1475 3353 neeessa-

293 3414 350 3479 riis
380 3434 439 3499 pro
470 3435 615 3501 congrua
646 3416 769 3482 decreti
799 3417 851 3481 vel
885 3418 1064 3482 sententiae
1092 3417 1303 3488 executione,
1331 3406 1475 3498 itemque
1514 3430 1518 3437 ·

292 3542 406 3622 aperte
429 3537 492 3603 hae
513 3539 644 3605 litterae
667 3538 851 3626 significare
875 3540 1001 3611 debent,
1026 3560 1068 3604 an
1093 3538 1188 3604 iudici
1213 3539 1386 3605 conterant
1408 3558 1476 3604 me·

291 3680 371 3727 rom
398 3666 598 3745 potestatem
625 3666 838 3731 acerentinum
867 3666 920 3729 vel
952 3666 1054 3731 etiem
1081 3665 1133 3730 rei
1163 3664 1344 3737 moenem,
1370 3662 1475 3747 quoad

293 3787 493 3852 executionis
523 3789 698 3873 negotium.
729 3788 860 3854 Etenim
890 3789 924 3852 in
955 3786 1135 3852 huiusmodi
1165 3806 1242 3852 casu
1273 3786 1372 3851 iudex
1407 3788 1476 3873 agit

293 3915 455 3996 tamquam
478 3911 654 4000 delegatus,
679 3919 713 3980 et
734 3912 811 3979 hinc
835 3912 946 3978 sedulo
969 3911 1180 3998 delegationis
1207 3912 1324 3977 limites
1355 3932 1474 3999 cogno·

294 4052 388 4097 scere
403 4031 499 4099 debet
521 4040 554 4100 et
576 4036 734 4109 revereri,
750 4035 843 4102 iuxta
857 4036 1017 4120 principia
1040 4033 1203 4118 explicata
1226 4034 1260 4096 in
1282 4033 1348 4099 ool.
1373 4033 1401 4109 Ι,
1425 4033 1474 4101 at.

294 4152 345 4220 De
366 4154 538 4222 sententiis
560 4155 702 4242 utii'sque
725 4156 869 4223 decretis
892 4154 1099 4241 exequendis
1122 4174 1155 4219 a.
1181 4151 1255 4219 683
1277 4172 1346 4239 seq.

384 4278 422 4343 ln
458 4279 639 4347 obtinendis
672 4281 724 4346 his
757 4280 1002 4346 executionibus
1037 4280 1214 4346 intervenit
1246 4278 1473 4353 mandatum,

294 4403 420 4485 quando
447 4405 596 4506 superior
625 4403 714 4470 iubat
743 4404 951 4477 inferiorem,
975 4407 1089 4490 utputa
1110 4422 1208 4488 quum
1234 4402 1414 4489 Episcopus
1439 4403 1476 4467 in
