3292 5109
320 284 367 349 98
839 303 925 350 rans
948 304 986 351 11.

320 443 409 494 tores
430 427 558 495 habeat.
590 430 658 494 Hos
680 431 777 495 etiam
803 450 869 495 non
899 430 1037 515 amplius
1058 430 1213 516 deputant
1235 430 1439 511 cardinales,
1461 436 1495 495 nt

319 556 417 629 antea
439 556 598 616 statuerat
620 552 731 617 Sixtus
754 552 795 623 V,
820 551 878 617 sed
901 554 1046 619 nominat
1067 554 1100 618 S.
1125 554 1278 619 Pontifex
1301 574 1361 639 per
1385 552 1495 619 Secre
1602 603 1609 626 .

319 676 436 740 teriam
458 676 567 742 Status
590 684 624 741 et
644 677 754 761 seligit
775 682 844 743 tum
867 696 889 741 e
911 678 1004 741 clero
1025 678 1187 742 saeculari
1209 684 1277 743 tum
1298 698 1319 741 e
1340 678 1493 762 regulari.

320 802 538 875 Consultone,
560 808 596 869 ut
617 823 677 886 par
692 812 751 883 est,
767 801 889 867 habent
910 808 1021 866 votnm
1044 803 1269 869 commilitum
1290 822 1354 866 non
1377 801 1495 868 delibe-

318 925 477 999 rativum,
494 925 578 1009 qnod
594 932 713 1005 votum,
730 928 850 993 ceteris
872 927 1015 1012 paribus,
1030 928 1138 1013 magni
1162 927 1290 1011 quidem
1311 925 1384 993 fieri
1402 928 1493 992 solet.

317 1050 534 1126 Quamobrem
558 1053 764 1117 Constdtores
787 1053 834 1116 ita
860 1072 940 1117 suae
961 1051 1212 1137 congregationi
1240 1058 1415 1118 censentur
1436 1051 1494 1116 ad-

317 1173 405 1245 dicti,
429 1182 464 1241 ut
487 1176 628 1241 eiusdem
653 1182 778 1261 partam
802 1176 943 1251 laciant;
970 1182 1004 1240 et
1027 1177 1053 1241 si
1077 1176 1173 1241 iidem
1202 1177 1380 1263 ltegulares
1409 1182 1493 1255 sunt,

315 1300 379 1363 iam
403 1297 565 1363 habentur
586 1298 627 1363 ab
650 1300 719 1384 ipso
743 1296 902 1364 Pontidoe
925 1298 1087 1380 destinati,
1104 1306 1140 1365 nt
1160 1300 1244 1385 apud
1264 1301 1392 1365 Curiam
1419 1301 1494 1364 reei-

316 1422 414 1490 deant
436 1432 469 1489 et
493 1424 614 1489 Romae
630 1430 882 1489 commorentur.
909 1459 929 1472 -
954 1424 997 1489 Hi
1014 1424 1160 1489 seribere
1175 1424 1293 1490 debent
1314 1444 1378 1489 non
1401 1444 1495 1490 more

315 1546 544 1612 advocatorum
568 1547 624 1613 sed
649 1569 707 1633 pro
730 1550 871 1613 veritate
893 1554 927 1613 et
949 1548 1041 1632 quasi
1064 1549 1127 1612 viri
1149 1549 1263 1633 periti;
1285 1554 1382 1632 atque
1400 1569 1495 1613 suum

316 1694 431 1738 munus
452 1676 562 1760 gratis
585 1676 766 1739 exsolvunt.
796 1708 815 1722 ·
840 1676 1022 1739 Praeterea
1043 1674 1076 1739 S.
1100 1673 1375 1759 congregationes
1397 1694 1496 1761 expe

314 1803 386 1863 tere
409 1800 523 1863 solitae
546 1806 621 1863 sunt
642 1799 814 1883 aliquando
838 1805 949 1866 votnm
974 1798 1006 1865 S.
1023 1801 1137 1871 Rotae,
1160 1803 1218 1864 aut
1238 1798 1372 1864 alterius
1394 1799 1494 1865 tribu·

314 1926 415 2000 nalis;
442 1925 499 1991 sed
529 1924 709 1990 huiusmodi
737 1930 847 1990 votum
869 1924 1043 1990 tribunalis
1065 1926 1125 1989 etsi
1156 1924 1334 2009 collegialis
1363 1928 1496 1991 consed-

316 2050 422 2116 tioum
439 2056 564 2116 tantum
583 2056 642 2115 ert.

448 2170 482 2257 3)
507 2172 701 2235 Decernitur
722 2172 820 2235 tertio
843 2171 933 2250 loeo,
957 2176 994 2236 nt
1015 2172 1146 2257 negotia
1171 2172 1297 2234 minora
1320 2171 1494 2256 expediant
1613 2251 1614 2266 ἶ

314 2297 501 2363 Cardinales
533 2298 629 2362 etiam
661 2298 849 2363 ineoomlto
873 2297 1056 2381 Pontifice,
1085 2297 1239 2383 graviora
1260 2318 1340 2362 vero
1363 2300 1493 2365 nonnisi

317 2438 390 2483 «eo
413 2419 559 2484 consulto
575 2442 593 2479 ›
613 2418 837 2503 expediantur.

403 2542 455 2609 95.
481 2546 526 2609 At
547 2544 654 2607 omnia
684 2542 755 2627 geri
786 2562 852 2606 non
881 2546 1033 2627 poterant
1062 2541 1277 2627 collegialiter
1299 2562 1320 2604 a
1340 2540 1495 2608 cardina·

312 2664 405 2741 libus,
422 2673 517 2733 aucto
541 2667 739 2750 potissimum
756 2666 788 2728 in
811 2663 880 2729 dies
903 2666 1107 2749 negotiorum
1131 2683 1266 2727 numero
1282 2670 1315 2727 et
1336 2662 1492 2748 pondere,
1613 2684 1615 2706 ¹

312 2812 415 2877 quare
438 2798 534 2857 antea
556 2792 677 2857 seniori
700 2794 786 2857 inter
809 2788 1009 2863 Cardinales‚
1033 2794 1146 2877 postea
1168 2789 1295 2854 cuidam
1317 2809 1360 2854 ex
1381 2790 1433 2854 his
1459 2792 1492 2856 in

312 2916 521 2983 Praefectum
546 2915 813 3001 Congregationis
838 2912 997 2979 destinato
1021 2912 1068 2999 (l)
1096 2914 1249 2978 committi
1276 2913 1383 2999 coepit
1404 2918 1494 2998 pote
1613 2921 1615 2962 ἰ

312 3049 379 3108 stas
400 3048 467 3110 tum
484 3042 675 3126 expediendi
696 3042 825 3127 negotia
849 3042 985 3115 minora,
1002 3040 1146 3105 adhibita
1161 3060 1262 3125 opera
1277 3046 1310 3104 et
1325 3040 1492 3105 consulta·
1613 3041 1615 3096 ἑ

311 3170 400 3233 tione
414 3168 608 3242 Secretarii;
631 3174 698 3233 tum
721 3166 938 3252 praeparandi
959 3167 1083 3230 maiora
1099 3166 1152 3230 vel
1178 3164 1360 3231 audientiae
1377 3165 1492 3231 Ponti-

311 3290 381 3358 fiois
396 3293 447 3357 vel
472 3291 695 3356 deliberationi
720 3292 860 3357 aliorum
875 3290 1105 3357 cardinalium.
1132 3327 1150 3338 -
1176 3292 1218 3354 Et
1233 3291 1287 3355 hic
1310 3295 1491 3356 conventus
1613 3283 1614 3304 .

312 3414 531 3482 Cardinalium
564 3416 710 3500 singulae
733 3415 987 3501 Congregationi
1014 3413 1215 3480 addicmrum
1246 3414 1364 3479 dieitur
1381 3414 1491 3495 plena

312 3540 549 3627 congregatim
573 3545 750 3606 conventus
766 3560 856 3613 vero,
874 3540 929 3624 qui
945 3560 966 3603 a
983 3540 1156 3605 Praefecto
1171 3539 1311 3604 habetur
1334 3559 1405 3603 oum
1429 3560 1490 3603 suo

400 3782 439 3854 (1)
460 3784 531 3837 Hine
549 3783 788 3852 congregationes
806 3782 905 3837 haberi
926 3782 1055 3838 solebant
1073 3786 1158 3837 antea
1176 3783 1206 3836 in
1225 3782 1339 3836 aedibus
1359 3780 1488 3845 senioris,

312 3892 408 3956 postea
426 3887 453 3939 in
473 3886 587 3941 aedibus
607 3886 759 3949 Praefecti3
779 3890 809 3939 at
827 3902 976 3956 progressu
995 3886 1138 3955 temporis,
1157 3890 1240 3939 aucta
1254 3899 1423 3954 magnopere
1441 3898 1490 3938 ea-

311 4010 371 4047 rum
390 3994 567 4059 auctoritate,
585 3990 699 4045 habitae
718 3992 829 4047 suntin
850 3992 961 4046 Palatio
974 3993 1135 4061 Apostolioo
1155 3998 1185 4047 et
1204 3991 1285 4046 hodie
1300 3990 1440 4044 habentur
1458 3991 1490 4044 in

311 4096 461 4163 Vatican03
480 4097 503 4150 si
522 4098 645 4167 excipias
664 4097 689 4151 S.
710 4098 964 4167 congregationem
982 4099 1018 4152 de
1037 4096 1228 4168 Propaganda
1246 4097 1326 4161 Fide,
1344 4111 1416 4165 quae
1434 4094 1488 4148 ha-

311 4207 392 4260 betur
410 4207 439 4259 in
461 4206 575 4261 aedibus
602 4206 649 4259 ubi
678 4206 760 4260 huius
787 4207 882 4261 officia
909 4207 1043 4274 resident3
1069 4212 1098 4262 et
1126 4207 1209 4261 eliam
1234 4205 1487 4277 Congregationem

312 4310 337 4364 S.
352 4311 450 4381 Officii,
469 4329 541 4383 quae
559 4313 625 4367 olim
644 4314 674 4366 in
692 4312 806 4368 aedibus
825 4311 852 4365 S.
872 4312 980 4367 Mariae
999 4330 1083 4383 supra
1102 4314 1267 4380 Minervam,
1285 4311 1367 4366 hodie
1385 4312 1415 4364 in
1435 4311 1489 4364 Pa·

311 4413 380 4469 latio
399 4414 425 4468 S.
444 4416 536 4471 Officii
555 4414 683 4471 habetur.
731 4404 741 4427 ‘
