3292 5109
272 274 340 342 202
800 294 886 343 raas
909 293 947 342 rr.

272 422 366 493 runt,
390 418 451 484 nisi
473 402 515 485 de
536 418 668 487 licentia
690 419 878 493 Secretarii
903 420 957 503 qui
980 438 1041 504 pro
1064 436 1183 485 causae
1205 418 1397 483 necessitate
1420 418 1460 481 et

272 544 433 629 gravitate
455 562 526 609 eam
550 544 636 609 ultro
659 544 816 610 concedet
843 544 897 610 vel
919 542 1061 631 negabit.
1086 542 1121 610 Si
1144 543 1216 627 quis
1237 542 1323 607 hanc
1344 540 1457 626 legem

271 668 458 740 violaverit.
484 669 623 737 mulctae
646 669 931 759 condemnabitur.
957 689 1053 755 quam
1080 668 1236 735 similibus
1263 669 1304 733 in.
1324 664 1457 733 casibus

250 788 303 866 ¹S.
331 790 416 855 Rota
445 788 593 876 infligere
621 791 815 877 solet‚'piae
840 792 1092 879 Congregatioui
1120 790 1323 857 aS.-lvone
1345 786 1455 853 dictae

270 913 521 980 tribuendam».
546 916 599 981 Ex
621 912 767 982 effraena
789 918 875 982 enim
896 917 1030 983 licentia
1051 914 1215 982 scribendi
1237 914 1467 996 desmmioncs·

271 1040 505 1107 excrescebant
539 1043 573 1107 in
602 1042 767 1108 volumina
801 1062 875 1108 cum
909 1060 1029 1128 magno
1063 1040 1204 1107 iudicum
1238 1046 1273 1107 et
1309 1041 1452 1128 partium

270 1164 468 1247 gravamine.
505 1164 721 1249 Praeceptum
751 1184 816 1230 non
846 1163 962 1230 mendi
992 1164 1174 1252 scripturas
1205 1162 1326 1247 absque
1352 1162 1453 1227 venia

270 1324 288 1335 -
298 1288 426 1372 poterit
440 1288 594 1373 imprimi
609 1326 636 1365 -,
654 1309 758 1375 neque
769 1288 1070 1376 praetergrediendi
1085 1308 1268 1356 mensuram
1286 1288 1449 1363 foliorum,

269 1414 386 1479 iterum
402 1414 598 1480 inculcatum
614 1413 676 1481 fuit
690 1413 821 1483 decreto
838 1414 1117 1482 lanuarii189t.
1139 1452 1157 1464 -
1180 1414 1307 1481 Folium
1322 1418 1451 1482 constat

269 1540 419 1622 paaluor
440 1537 575 1623 paginis.

357 1662 431 1727 Art.
444 1660 496 1725 14.
517 1682 535 1725 c
550 1660 647 1727 quta
658 1662 895 1747 praescriptum
903 1660 945 1727 de
957 1662 1161 1728 contumacia
1171 1662 1206 1727 in
1217 1663 1240 1745 5
1252 1659 1278 1727 3
1288 1660 1342 1728 cit.
1354 1661 1447 1729 decr.

268 1808 300 1855 a.
314 1786 398 1854 1751
411 1787 609 1870 decernitur,
622 1793 658 1854 ut
673 1788 700 1853 si
716 1788 863 1855 omnibus
874 1788 1060 1873 praemissis
1075 1786 1297 1854 instructionis
1311 1784 1448 1867 actibus,

217 1897 221 1913 '
269 1909 376 1994 aliqua
391 1909 594 1994 expertibus
609 1909 877 1975 contendentibus
888 1910 1097 1976 nihilominus
1112 1914 1287 1977 contumax
1298 1925 1447 1994 perman-

267 2034 357 2115 serit,
373 2033 463 2098 nulla
478 2032 607 2099 dabitur
618 2032 737 2114 dilatio,
754 2031 823 2105 sed.
841 2034 1027 2100 Secremrio
1044 2032 1250 2099 haecomnia
1268 2031 1444 2105 referente,

268 2180 387 2228 causae
417 2160 570 2227 resolutio
593 2160 700 2225 locum
722 2158 855 2225 habebit
879 2179 987 2227 arran
1013 2178 1126 2228 aaran.
1149 2159 1232 2225 Dein
1254 2176 1349 2234 vero,
1373 2162 1448 2243 post

267 2285 373 2376 latam
382 2284 584 2358 sententiam,
601 2284 628 2349 si
643 2303 719 2370 pars
735 2289 913 2350 contumax
928 2285 1111 2370 expostulet
1123 2282 1321 2370 beneficiam
1334 2300 1446 2351 noooe

267 2406 470 2481 audientiae,
488 2406 551 2472 hoc
567 2426 632 2471 non
651 2404 860 2488 concedetur,
876 2407 936 2472 nisi
953 2408 1015 2473 ista
1029 2409 1115 2492 parti
1130 2405 1288 2472 adversae
1309 2404 1447 2471 solverit

266 2551 425 2620 expensas
447 2532 626 2617 superioris
648 2532 831 2606 instantiae,
848 2534 883 2598 in
902 2552 966 2617 qua
988 2534 1058 2620 ipsa
1080 2533 1340 2613 iuitcontumax
1354 2552 1386 2597 s.
1402 2533 1444 2599 In

264 2656 328 2722 hoc
343 2676 469 2741 quoque
488 2656 625 2722 articulo
642 2657 822 2723 consulitur
837 2657 924 2723 casui
941 2658 1165 2725 contumaciae
1179 2658 1315 2725 alterius
1330 2659 1442 2743 partis,

264 2782 344 2849 adeo
376 2786 410 2848 ut
433 2782 535 2848 etiarn
558 2782 661 2848 unica
684 2802 742 2847 seu
765 2784 862 2848 unica
891 2788 1017 2851 tantum
1040 2790 1132 2869 parte
1156 2782 1308 2849 iudicium
1331 2802 1443 2869 prose-

264 2912 382 2993 quente
398 2910 437 2974 lis
453 2906 633 2982 definiatur,
651 2928 756 2993 neque
778 2908 1006 2995 appellationis
1021 2907 1213 2977 beneficium
1232 2910 1440 2985 concedatur,

263 3035 325 3101 nisi
348 3054 424 3121 pars
447 3039 622 3099 contumax
645 3034 740 3098 aliam
764 3032 948 3100 indemnem
972 3033 1088 3102 reddat
1108 3034 1149 3100 de
1171 3036 1324 3121 expensis
1345 3035 1441 3101 iactis

263 3159 296 3223 iu
320 3160 424 3245 prima
446 3178 563 3225 causae
586 3157 803 3245 propositione
826 3158 911 3245 apud
935 3159 966 3226 S.
990 3158 1091 3246 Cong.

351 3281 426 3347 Art.
450 3282 502 3347 16.
529 3277 753 3347 ‹Secretario
778 3282 827 3347 ius
850 3287 900 3347 est
925 3300 1042 3348 causae
1077 3284 1327 3369 propositionem
1354 3278 1444 3349 diffe-

263 3405 356 3471 rendi
377 3426 424 3472 aar
447 3405 554 3490 officio
570 3405 624 3472 vel
642 3404 682 3471 ad
703 3405 968 3488 postulationem
990 3407 1140 3491 partium,
1157 3407 1281 3473 etiamsi
1302 3426 1373 3471 eam
1387 3405 1442 3472 de·

263 3529 413 3594 stinasset
436 3547 516 3593 cum·
533 3528 677 3594 clausula
700 3546 831 3595 omniuo
854 3533 888 3594 et
910 3546 1156 3595 ruramauraa.
1180 3529 1213 3597 Si
1237 3548 1317 3595 vero
1331 3528 1440 3595 huius

262 3654 348 3720 modi
378 3654 624 3720 destinationem
647 3655 752 3737 plena
785 3653 1004 3741 concrepatio
1032 3656 1198 3729 statuerit,
1222 3674 1340 3719 novam
1362 3653 1441 3720 dila·

261 3776 381 3842 tionem
413 3797 524 3843 coram
552 3778 583 3843 S.
608 3760 869 3864 congregatione
894 3798 963 3863 per
987 3778 1187 3847 mamonae
1215 3783 1329 3864 petere
1358 3797 1440 3863 opus

262 3896 325 3961 erit
340 3916 371 3961 a.
391 3896 532 3989 ,Notetur
548 3892 730 3963 differentia
745 3898 832 3964 inter
847 3897 1033 3966 dilationem
1057 3919 1244 3966 concessam
1259 3919 1306 3967 em
1327 3900 1437 3985 officio

260 4022 314 4085 uel
333 4019 374 4086 ad
394 4024 657 4105 postulationem
680 4024 819 4108 partium
836 4027 870 4091 et
885 4024 1080 4100 dilationem.
1097 4045 1193 4111 quam
1212 4024 1361 4092 concedit
1379 4026 1438 4093 Se-

261 4146 421 4211 cretarius
444 4144 497 4210 vel
514 4146 622 4229 plena
641 4146 869 4232 congregatio.
893 4147 1081 4215 Ditationes
1096 4148 1303 4234 probabilius
1325 4167 1439 4215 conce·

260 4266 380 4335 duntur
396 4271 428 4333 in
444 4268 561 4335 bonum
585 4272 722 4356 partium
745 4272 943 4359 litigantium
965 4294 1023 4340 seu
1044 4273 1085 4339 ad
1102 4280 1192 4341 recte
1214 4272 1437 4340 instruendum

260 4407 454 4473 processum,
479 4390 614 4475 proinde
636 4397 770 4478 possunt
796 4397 969 4481 prorogari
992 4398 1062 4463 sive
1084 4397 1182 4464 iudex
1204 4399 1268 4465 hoc
1290 4414 1438 4464 necessa·
