3292 5109
793 302 878 350 PARS
902 302 940 353 11.

750 570 931 636 TITULUS
964 570 990 635 1.

273 766 319 813 DE
338 765 481 815 ORIGINE
501 766 544 812 E'l'
560 763 699 813 NATURA
715 764 895 812 SAcRARUM
918 762 1131 811 Rouauauuu
1149 761 1460 810 coNoRaoA'rlortuar

272 972 490 1031 summarium.
511 1004 549 1017 -
566 975 592 1028 7.
611 974 638 1029 S.
658 974 897 1044 Congregationes
921 977 987 1027 sunt
1010 989 1074 1043 pars
1093 973 1188 1028 curiae
1215 988 1361 1039 romanae,
1379 973 1458 1027 cuius

361 1082 439 1137 notio
467 1082 592 1137 breviter
616 1080 780 1151 explicatur.
807 1109 846 1122 -
873 1080 897 1133 8.
920 1079 1004 1134 curia
1024 1094 1139 1133 romana
1157 1078 1191 1134 de
1209 1095 1265 1149 qua
1283 1078 1330 1135 hic
1346 1079 1458 1147 agitur,

362 1186 571 1261 comprehendit
600 1204 633 1244 ea
662 1188 762 1255 officia,
789 1204 861 1259 quae
889 1188 1054 1241 incumbunt
1079 1187 1107 1240 in
1132 1186 1258 1256 regimen
1284 1184 1458 1240 subditorum

363 1308 432 1347 rom.
450 1293 606 1348 Pontificio.
624 1322 661 1335 -
679 1294 705 1348 9.
726 1294 835 1349 Revera
855 1293 934 1347 curia
952 1293 1104 1347 assumitur
1118 1294 1174 1347 luto
1191 1291 1238 1348 vel
1253 1294 1348 1347 strum
1365 1308 1459 1347 sensu·

364 1398 528 1469 Explicatur
541 1401 614 1455 ratio
626 1399 822 1455 distinctionis.
840 1428 878 1441 -
898 1398 940 1454 10.
954 1398 1050 1453 Officia
1062 1397 1181 1452 curialia
1198 1398 1352 1469 antiquitus
1370 1414 1455 1467 expe·

361 1505 457 1562 diebat
480 1506 691 1577 Presbyterium
710 1524 863 1562 romanum.
887 1535 925 1548 -
951 1505 991 1560 ll.
1011 1506 1081 1562 Dein
1099 1507 1209 1576 potiora
1226 1506 1320 1561 curiae
1338 1515 1456 1561 munera

364 1630 413 1685 per
432 1613 595 1669 cardinales
613 1613 727 1684 expleta
748 1616 819 1667 sunt
838 1642 875 1655 -
897 1612 938 1667 la
957 1612 997 1667 De
1015 1611 1204 1666 cardinalium
1223 1610 1401 1667 consistorio.
1419 1640 1455 1655 -

365 1719 406 1775 13.
427 1720 470 1775 Ex
488 1720 661 1775 consistorio
680 1719 817 1789 originem
847 1717 1006 1774 habuerunt
1030 1717 1184 1772 tribunalia
1201 1721 1230 1771 et
1247 1716 1274 1771 S.
1296 1717 1456 1788 Congrege-

361 1825 462 1890 tiones,
482 1825 529 1881 sed
550 1828 634 1880 antea
653 1823 823 1878 Tribunalia.
842 1841 884 1865 ¹-
909 1823 949 1876 14.
972 1822 1003 1876 In
1023 1823 1101 1877 curia
1119 1822 1330 1891 distinguuntur
1353 1825 1455 1879 Tribu-

360 1928 447 1995 salia,
468 1926 498 1982 S.
519 1928 763 1998 Conprepationes,
783 1931 811 1981 et
838 1926 933 1997 Officia
951 1941 987 1981 ex
1005 1925 1121 1980 diversis
1144 1926 1266 1996 negotiis
1292 1926 1393 1997 quibus
1410 1928 1456 1981 iu·

364 2034 506 2088 cumbunt.
520 2062 554 2075 -
569 2033 610 2088 15.
625 2031 717 2094 Quare
735 2049 799 2088 cum
818 2032 914 2102 primis
927 2032 1089 2099 tribunalia,
1102 2049 1119 2086 a
1130 2032 1304 2089 consistorio
1320 2036 1457 2101 seiuncta,

360 2138 491 2195 instituta
519 2140 585 2195 sint.
613 2168 648 2181 —
682 2139 723 2194 16.
743 2141 927 2211 Explicantur
953 2157 1083 2209 suprema
1110 2141 1282 2196 lineamenta
1307 2142 1456 2197 tribunalis

362 2240 390 2296 S.
411 2242 502 2298 Rotae
518 2243 598 2299 Rom.
618 2272 652 2287 -
674 2245 715 2298 17.
734 2244 771 2299 Et
790 2244 958 2314 Signaturae
977 2247 1037 2298 tum
1055 2242 1169 2300 Gratiae
1188 2247 1248 2297 tum
1267 2243 1401 2300 Iustitiae.
1418 2272 1456 2286 -

363 2347 404 2401 18.
426 2346 464 2403 De
484 2348 630 2403 Tribunali
650 2349 794 2403 Auditoris
812 2349 947 2404 Gamerae
970 2352 1000 2404 et
1023 2348 1057 2403 de
1077 2348 1142 2401 aliis
1163 2347 1362 2401 'tribunalibus
1379 2347 1455 2403 deri-

361 2452 435 2507 vatis
458 2470 475 2507 a
500 2469 615 2509 munere
636 2452 792 2508 cardinalis
814 2453 976 2509 camerarii.
994 2483 1029 2496 -
1050 2453 1091 2509 19.
1111 2453 1166 2508 Pro
1189 2454 1311 2523 negotiis
1335 2452 1456 2508 admini-

361 2559 488 2613 strativis
506 2560 596 2614 serius
616 2558 643 2613 S.
663 2559 903 2630 congregationes
920 2561 1067 2616 institutae
1084 2564 1158 2615 sunt.
1174 2588 1211 2601 -
1223 2560 1267 2615 20.
1286 2560 1358 2615 Hinc
1375 2566 1457 2631 patet

363 2664 524 2720 earumdem
549 2670 665 2733 natura,
684 2681 783 2735 nempe
810 2669 842 2719 ut
867 2663 924 2720 sin't
941 2668 1048 2722 directe
1069 2666 1190 2736 collegia
1208 2666 1316 2721 ordinis
1332 2667 1455 2721 admini-

364 2772 480 2837 stratr'vi,
496 2772 632 2827 indirecte
644 2786 712 2826 vero
731 2778 760 2827 et
773 2772 853 2843 quasi
872 2789 922 2843 per
934 2772 1062 2828 accidens
1079 2773 1145 2839 sint,
1156 2772 1257 2827 saltem
1272 2772 1331 2827 sere
1349 2788 1455 2838 omnes,

366 2877 489 2948 collegia
502 2882 610 2934 ordr'nis
627 2881 777 2934 iudicialis.
790 2909 824 2922 -
837 2881 880 2933 21.
894 2880 1046 2949 Progressu
1065 2881 1207 2950 temporis,
1220 2880 1292 2951 apud
1305 2880 1455 2935 nonnullas

362 2983 617 3055 congregationes,
637 2987 762 3042 excreuit
784 3005 850 3041 usus
874 2988 1021 3056 potestatis
1038 2987 1184 3041 iudicialis.
1203 3016 1237 3029 -
1259 2988 1302 3041 22.
1322 2986 1453 3041 Traditur

293 3128 299 3137 .
362 3088 389 3143 S.
403 3088 659 3161 congregationum
678 3091 764 3146 notio.
779 3120 813 3133 -
830 3090 874 3145 23.
887 3090 1015 3146 lnnuitur
1034 3092 1153 3162 primum
1171 3092 1322 3162 vestigium
1342 3093 1454 3147 institu-

361 3193 447 3248 tionis
470 3194 496 3249 S.
509 3196 772 3266 Congregationum.
786 3224 821 3237 —
834 3198 878 3249 24.
895 3195 1037 3257 Quomodo
1058 3195 1085 3250 S.
1100 3194 1355 3265 Congregationum
1374 3194 1455 3248 insti-

360 3304 434 3357 tutio
454 3304 588 3358 influxum
608 3304 767 3358 exercuerit
785 3304 813 3357 in
827 3304 1001 3373 disciplinam
1014 3302 1239 3358 Ecclesiasticam
1251 3302 1341 3373 quoad
1353 3301 1453 3356 coadu-

361 3409 504 3463 nationem
517 3409 708 3477 conciliorum‚
722 3410 871 3480 praecipue
883 3409 913 3463 in
925 3409 1045 3464 dioecesi
1058 3426 1180 3464 romana
1189 3438 1227 3450 -
1235 3410 1278 3464 25.
1289 3408 1452 3479 Explicatur

359 3514 503 3570 distinctio
523 3517 551 3569 in
572 3517 681 3571 curiam
703 3516 817 3571 cratae
836 3520 865 3571 et
881 3516 1016 3572 lactitiae.
1031 3546 1065 3560 -·
1079 3517 1122 3571 26.
1136 3514 1365 3579 Poenitentiaria,
1377 3513 1452 3568 can-

359 3622 486 3689 cellaria‚
506 3623 621 3678 Dataria
641 3640 695 3678 non
715 3628 781 3678 sunt
800 3622 1095 3698 Congregationes.-
1109 3625 1151 3677 27.
1170 3623 1277 3678 Harum
1295 3623 1368 3678 aliae
1386 3629 1452 3678 sunt

359 3734 530 3800 ordinariae,
545 3732 619 3787 aliae
638 3734 891 3789 entraordinariue.
910 3763 944 3776 -
964 3734 1007 3787 28.
1020 3733 1183 3789 cardinales
1200 3734 1230 3788 in
1249 3733 1275 3789 S.
1293 3732 1454 3804 Congrega·
1517 3785 1521 3792 .

359 3840 483 3894 tionibus
502 3839 610 3909 pollent
629 3840 775 3895 ordr'rraria
794 3844 934 3909 potestate
952 3858 1025 3912 quae
1043 3839 1158 3911 proinde
1176 3857 1231 3895 nou
1250 3840 1361 3913 expirat
1380 3840 1453 3895 Sede

357 3956 480 4002 vacante.
500 3974 534 3987 -
553 3946 596 4001 29.
617 3946 656 4002 De
676 3946 801 4002 utilitate
824 3946 851 4001 S.
865 3946 1129 4018 Congregationum.

359 4146 390 4210 7.
416 4144 495 4213 Cum
521 4146 634 4231 primis
657 4145 800 4212 dicamus
822 4146 865 4213 de
887 4146 1029 4234 eripiare.

358 4268 402 4335 Ut
423 4268 640 4352 perspiciatur
660 4266 690 4334 S.
709 4266 1003 4353 congregationum
1022 4268 1124 4354 origo,
1139 4266 1260 4352 aliquid
1283 4265 1450 4351 explican-

269 4389 344 4456 dum
368 4396 418 4457 est
441 4390 480 4457 de
504 4390 603 4458 arrio
625 4410 782 4463 romana,
806 4392 897 4457 cuius
919 4393 1008 4478 ipsae
1031 4396 1106 4458 sunt
1127 4390 1273 4456 membra
1296 4392 1450 4475 cuiusque
