3292 5109
673 939 984 1034 AuuuaAuou
1015 939 1101 1036 IV.

299 1207 500 1280 NONNULLAE
530 1228 712 1279 FORMULAE
741 1227 829 1284 QUAE
853 1230 897 1275 An
921 1229 1045 1278 CURIAE
1075 1229 1353 1277 Echuslssuicsu
1384 1227 1477 1276 ORDI-

388 1355 562 1403 NATIONEM
586 1355 780 1404 PERTINENT
803 1354 871 1404 VEL
894 1354 1052 1404 PRESSIUS
1075 1356 1120 1402 An
1144 1353 1401 1403 ORDINATIONEM
1429 1352 1478 1402 111·

389 1482 555 1531 o1o1ouuu
571 1461 627 1551 (1).

876 1691 897 1746 l.

477 1887 611 1928 sonuum
630 1887 839 1928 ouuussrlouls
857 1886 1051 1927 consumsit
1070 1887 1124 1927 SEU
1142 1887 1288 1928 scrutum

385 2066 544 2123 Foumulsm
563 2069 603 2124 sic
616 2068 730 2125 exhibet
749 2067 924 2125 Monacollus
942 2068 1082 2136 (Fonnul.
1097 2069 1174 2140 Lep,
1187 2072 1268 2139 porte
1283 2067 1306 2136 l,
1320 2068 1363 2123 tit.
1379 2067 1402 2136 l,
1415 2068 1474 2122 lor·

296 2174 372 2230 mula
390 2174 427 2248 5).

383 2393 459 2460 «N,
478 2393 633 2466 Episcopus
651 2393 687 2448 N.
707 2422 742 2436 -
762 2394 881 2461 Dilecto,
900 2403 950 2448 etc.
968 2421 1007 2436 -
1027 2393 1149 2450 Cumae
1167 2393 1267 2448 idoneo
1295 2392 1471 2448 Cancellorio

291 2503 443 2572 providere
467 2502 620 2574 cupiamus,
639 2505 687 2572 qui
711 2501 799 2555 Nobis
818 2511 845 2556 et
864 2502 999 2555 tribunali
1021 2510 1116 2555 nostro
1140 2501 1283 2566 inserviat,
1304 2510 1330 2554 et
1351 2501 1472 2570 quaein

293 2610 346 2663 illo
364 2613 475 2680 openda
492 2621 556 2665 sunt
574 2612 727 2680 dilipcnter
738 2611 901 2680 adimpleat,
915 2619 943 2664 et
958 2613 1113 2680 scripturos
1134 2610 1274 2679 librosque
1291 2610 1330 2662 ad
1345 2616 1473 2660 nostram

296 2717 502 2773 cancellariam
520 2729 674 2790 spectantes
698 2719 822 2790 fideliter
847 2721 990 2785 custodiat,
1011 2737 1080 2790 erpo
1096 2733 1248 2789 personam
1273 2729 1350 2771 tuom
1369 2717 1472 2770 mentis

292 2827 380 2880 aciem
399 2827 564 2893 direximus,
583 2829 670 2893 cuius,
690 2829 763 2882 oitae
780 2828 916 2894 honestas,
937 2843 1049 2880 morum
1063 2827 1198 2897 probitas,
1214 2825 1294 2894 fides,
1312 2811 1471 2896 diliaentia,

291 2934 429 3000 habilitas,
439 2933 568 3004 aliaeque
578 2935 726 3004 qualitates
739 2935 815 3005 opud
827 2933 888 2986 Nos
896 2933 1052 3002 multiplici
1063 2935 1294 2988 commendantur
1305 2932 1470 2985 testimonio.

293 3037 460 3107 Quaproper
483 3037 603 3090 illarum
621 3037 730 3102 intuitu,
751 3047 848 3092 tenore
871 3037 1074 3106 praesentium,
1093 3040 1257 3091 auctoritate
1278 3045 1374 3090 nostra
1392 3036 1470 3091 ordi·

291 3144 382 3207 naria,
402 3151 428 3196 et
446 3142 522 3194 omni
538 3143 596 3196 alio
614 3142 728 3197 meliori
744 3143 828 3195 modo
847 3158 899 3212 quo
914 3158 1075 3213 possumus,
1099 3143 1136 3196 Te
1155 3144 1185 3195 in
1203 3149 1331 3197 nostrum
1354 3141 1470 3196 Concel-

292 3247 396 3300 larium
416 3247 546 3318 elipimus
566 3257 592 3303 el
610 3249 785 3318 deputamus,
805 3266 869 3302 cum
887 3249 1024 3318 facultate
1035 3251 1169 3303 universa
1189 3258 1215 3302 et
1232 3249 1347 3318 sinposia
1363 3249 1470 3318 apendi

291 3362 318 3406 et
335 3355 468 3423 faciendi,
487 3362 543 3407 tam
561 3355 591 3406 in
609 3370 675 3408 ooce
694 3371 777 3424 quam
795 3356 964 3425 inscriptis,
983 3371 1056 3425 quae
1072 3371 1175 3424 perere
1193 3365 1221 3408 et
1238 3358 1335 3425 facere
1353 3363 1469 3424 possunt

291 3470 318 3514 et
335 3463 435 3516 debent
457 3459 628 3516 concellarii
646 3462 834 3532 episcopales,·
845 3463 886 3517 ita
898 3472 928 3516 ul
940 3463 994 3517 luis
1006 3464 1163 3532 scripturis,
1176 3472 1233 3516 tam
1251 3464 1371 3532 publicis
1384 3480 1469 3533 quam

289 3568 414 3635 priuatis,
439 3568 560 3621 durante
584 3566 681 3638 officio,
706 3569 794 3620 omnis
818 3569 890 3638 fides
910 3568 939 3623 in
956 3569 1059 3622 iudicio
1079 3577 1106 3622 et
1127 3577 1209 3623 extra
1232 3569 1406 3624 adhibeatur.
1425 3571 1468 3624 Aa

289 3675 405 3744 insuper
424 3691 487 3728 oum
506 3675 633 3728 omnibus
652 3683 677 3728 et
694 3674 815 3745 sinpulis
834 3677 1064 3747 exemptionibus,
1082 3677 1248 3748 privilepiis,
1268 3679 1421 3734 honoribus
1440 3688 1467 3733 et

378 3942 408 3998 (1)
423 3946 471 3988 Hss
485 3943 604 3997 lounulas,
624 3943 670 3988 lore
689 3957 775 3990 omnes.
787 3945 820 3988 its
830 3944 948 3988 ordinatus
957 3951 981 3988 st
990 3945 1122 4001 aliqualiter
1132 3945 1271 4001 explicatas,
1285 3945 1466 4003 deprompsimus

287 4014 316 4060 ub
331 4027 406 4072 opere,
420 4017 456 4060 Ds
472 4017 525 4060 lud.
542 4017 639 4068 lieclss„
654 4017 684 4060 cl.
699 4017 772 4060 Bouix
788 4017 819 4070 11,
836 4030 858 4072 p.
874 4016 914 4059 ⁴75
929 4027 964 4071 sq.
973 4039 1000 4048 -
1014 4017 1111 4072 Aliquos
1124 4017 1231 4061 addimus
1242 4017 1355 4062 lonnulss
1365 4019 1404 4062 sed
1415 4032 1466 4075 spe-

288 4087 375 4131 ciminis
393 4093 417 4131 ot
435 4088 572 4143 exemplaris
590 4089 679 4144 gratis,
700 4089 754 4142 quis
774 4101 815 4144 pro
830 4089 919 4143 integro
940 4087 1073 4132 formula-io
1088 4089 1132 4132 lori
1152 4088 1311 4132 Ecclesiastici
1330 4090 1466 4134 remittimus

286 4157 384 4201 lectooes
398 4159 426 4201 od
441 4160 626 4204 Formutarium
636 4159 732 4214 Lepcis,
748 4159 880 4213 Monacslli,
890 4166 914 4202 et
923 4159 952 4202 od
967 4161 1071 4204 Proaim
1086 4160 1252 4212 Vicoriorum,
1263 4162 1357 4216 saepius
1370 4163 1464 4204 einum

287 4251 298 4261 -
312 4235 407 4272 auctore
422 4229 553 4286 Pellsgrini.
568 4252 580 4262 ·
594 4229 638 4274 seo
657 4243 752 4274 necesso
773 4238 826 4274 erut
848 4237 936 4274 mentes
949 4237 1057 4285 tyronum
1074 4243 1185 4274 ssvocm
1198 4229 1226 4273 sd
1240 4231 1301 4274 huuc
1323 4237 1410 4286 parim
1428 4232 1464 4275 di·

287 4300 397 4356 sciplinse
405 4300 488 4356 legalis
495 4312 553 4355 quse
562 4303 676 4346 curiarum
687 4307 763 4345 moise
773 4303 910 4346 ordinationi
923 4308 948 4346 st
963 4301 1061 4346 faciliori
1070 4302 1204 4346 iudiciorum
1217 4302 1366 4358 explimfioui
1379 4315 1463 4358 msgno

286 4372 339 4414 usui
353 4377 396 4414 est.
412 4393 423 4403 ·
440 4371 589 4427 Monocsllus,
604 4373 627 4416 in
642 4373 802 4429 specialium,
816 4385 863 4416 uon
877 4373 954 4417 solum
967 4373 1079 4417 formulas
1092 4373 1186 4417 exhibet
1200 4372 1241 4416 ssd
1255 4372 1347 4416 easdem
1361 4373 1407 4417 lois
1420 4386 1462 4418 sx-

286 4441 365 4498 plicat.
