3292 5109
316 258 361 325 84
832 278 916 326 enas
941 279 977 325 11.

313 397 468 465 Vicarius
493 401 526 464 in
557 398 777 485 spiritualibus
807 398 1092 471 dicitu1·.lrabens
1121 398 1374 466 iurisdictionem
1404 399 1494 465 circa
1623 423 1624 444 ³

312 520 425 589 fideles
451 543 563 589 omnes
586 525 619 589 in
643 523 716 588 foro
733 524 953 609 poenitentiali
977 530 1011 591 et
1028 524 1246 589 conscientiae
1263 572 1326 587 ......
1351 522 1494 589 Ulterius
1621 519 1624 548 *

313 651 404 737 Papa
426 652 527 715 utitur
550 652 728 716 ministerio
753 650 932 717 cardinalis
956 651 1247 717 Viae-Cancellarii
1273 670 1333 735 pro
1356 649 1494 734 negotiis
1623 704 1624 728 2

304 771 376 843 'fori
393 779 523 844 externi
539 780 573 843 in
589 783 655 843 toto
672 777 752 843 orbe
817 783 850 842 et
867 776 1047 844 Cardinalis
1059 777 1238 843 camerarii
1253 773 1305 860 (de
1321 794 1384 859 quo
1397 772 1493 841 Card.
1623 805 1624 814 κ

314 904 362 969 De
378 904 475 973 Luca,
500 904 669 991 Disa11).
695 904 840 988 instituta
861 904 1023 969 audientia
1045 922 1218 969 causarum
1240 902 1492 988 appellationum

311 1029 344 1093 in
360 1034 427 1094 toto
444 1029 524 1095 orbe
541 1028 733 1100 Christiano,
751 1048 889 1115 proquo
906 1033 954 1093 est
977 1028 1146 1113 deputatus
1161 1026 1308 1095 Auditor
1326 1026 1494 1094 Gamerae

310 1151 425 1218 Iudea
460 1151 674 1217 Ordinatins.
701 1187 719 1200 -
747 1152 859 1227 Quoad
891 1173 971 1217 vero
1003 1152 1191 1239 dignitatem
1222 1149 1491 1235 metropoliticam

311 1274 429 1359 Papae,
444 1275 575 1341 videtur
594 1275 692 1339 etiarn
707 1274 775 1359 ipse
792 1273 929 1340 Auditor
945 1276 1101 1339 Gamerae
1121 1275 1311 1339 constitutus
1327 1271 1425 1337 iudex
1440 1292 1491 1337 or·

309 1396 455 1463 dinarius
478 1400 510 1463 in
536 1398 786 1482 quibuscumque
809 1398 1076 1485 appellationibus
1104 1418 1274 1463 causarum
1297 1396 1491 1463 ecclesiasti-

308 1542 421 1588 carum
444 1543 464 1587 a
487 1514 650 1609 quib‘usvis
666 1524 832 1608 Episcopis
848 1524 945 1589 etiam
961 1524 1059 1587 Prov.
1078 1524 1169 1588 Ram.
1187 1543 1218 1586 ».
1237 1522 1279 1587 Et
1301 1520 1490 1605 Ridolphini

308 1646 441 1714 Praais
467 1648 601 1745 Cariae,
626 1646 679 1713 lib.
705 1647 756 1721 17,
781 1668 814 1712 n.
839 1647 881 1711 17
905 1652 1027 1731 etseq.
1055 1646 1138 1712 haec
1164 1646 1282 1711 refert:
1310 1645 1492 1712 «Auditor

310 1774 476 1845 Gamerae,
490 1794 582 1857 quem
604 1772 794 1839 Auditorem
811 1773 988 1839 Camerarii
1012 1773 1154 1859 appellat
1176 1773 1385 1839 Innocentius
1400 1772 1489 1839 VIII

310 1900 421 1967 const.
440 1898 463 1964 7
480 1899 679 1983 “Apprime
693 1896 721 1972 ”,
737 1899 899 1983 usque-ad
920 1907 1068 1985 tempora
1090 1900 1272 1965 Innocentii
1303 1899 1366 1964 fuit
1387 1898 1488 1964 iudex

305 2021 473 2108 delegatus
546 2020 649 2087 Hodie
672 2042 752 2087 vero
776 2022 892 2088 nedum
916 2028 965 2089 est
986 2023 1169 2089 ordinarius
1191 2021 1291 2088 iudex
1315 2024 1408 2089 Rom.
1425 2023 1488 2087 Gu-

305 2145 391 2226 riae,
415 2145 471 2211 sed
496 2146 592 2212 etiam
617 2148 851 2212 sententiarum
866 2152 899 2212 et
914 2166 1126 2213 censurarum
1141 2153 1208 2214 tam
1224 2150 1256 2212 in
1273 2148 1366 2213 curia
1389 2165 1487 2228 quam

304 2272 400 2334 extra
431 2290 502 2335 eam
533 2270 671 2334 latarum
700 2289 742 2335 ac
765 2270 956 2337 litterarum
980 2271 1255 2355 Apostolicorum
1277 2269 1489 2338 aniversalis

302 2396 333 2457 et
356 2410 473 2457 meras
495 2398 657 2459 caecator
680 2413 701 2458 a
719 2392 753 2460 S.
770 2392 934 2479 Pontifice
951 2396 1143 2477 specialiter
1165 2394 1376 2475 constitutum
1392 2399 1425 2458 et
1441 2393 1487 2459 ob

303 2514 335 2580 id
358 2536 424 2581 non
440 2516 542 2581 solum
568 2518 598 2582 in
622 2521 690 2582 toto
713 2520 883 2604 temporali
899 2519 1038 2585 dominio
1062 2522 1093 2588 S.
1112 2518 1285 2595 Pontificis‚
1302 2521 1360 2586 sed
1382 2522 1485 2588 etiam

301 2638 333 2701 in
358 2638 502 2703 universi
527 2638 614 2703 orbis
638 2642 811 2723 provinciis
835 2648 868 2706 et
887 2644 997 2726 regnis
1021 2662 1063 2707 ex
1086 2642 1288 2709 diversorum
1314 2644 1385 2709 RR.
1411 2644 1485 2709 ΡΡ.

299 2761 431 2830 indultis
447 2763 486 2825 in
511 2761 657 2828 civilibus
673 2770 706 2830 et
720 2764 941 2831 criminalibus
960 2766 1213 2833 iurisdictionem
1227 2772 1365 2834 exercet
1378 2773 1443 2834 etc.
1460 2790 1482 2833 »
1615 2801 1620 2811 ·

301 2885 411 2960 Quare
435 2882 609 2951 Pontifices
633 2886 774 2952 maxima
797 2887 1012 2953 sollicitudine
1031 2896 1196 2963 curamnt,
1213 2889 1395 2956 huiusmodi
1417 2894 1485 2957 tri·

299 3010 396 3077 bunal
422 3012 540 3095 optime
563 3016 652 3075 tanto
676 3014 802 3077 muneri
826 3013 1032 3099 respondere.
1049 3016 1195 3091 Quatuor
1219 3016 1485 3101 constitutiones,

298 3136 387 3203 inter
411 3141 539 3223 ceteras
562 3154 582 3199 a
606 3136 675 3201 RR.
695 3134 905 3202 Pontificibus
928 3138 991 3202 hac
1013 3138 1054 3203 de
1076 3157 1114 3203 re
1137 3138 1229 3213 latas,
1253 3143 1417 3207 mentione
1438 3143 1484 3208 di·

298 3258 383 3345 gnae
399 3262 473 3323 sunt
488 3258 592 3323 editae
608 3277 627 3322 a
644 3258 818 3324 Benedicta
833 3260 928 3341 XIV,
953 3267 986 3325 et
1007 3269 1097 3329 sunt:
1124 3264 1158 3328 1⁸
1177 3285 1195 3327 c
1212 3264 1405 3331 Partoralis
1427 3286 1486 3333 re·

296 3378 437 3466 piminis
451 3402 483 3453 »‚
505 3398 568 3463 qua
590 3380 698 3464 agitur
721 3380 771 3446 De
793 3400 864 3447 nan
886 3380 1105 3464 impedienda
1132 3386 1329 3453 cassatione
1352 3386 1485 3456 citatio·

293 3520 381 3566 num
406 3502 661 3577 mandatorum,
679 3503 895 3587 aliarumque
914 3505 1152 3585 moenianum
1169 3506 1360 3591 praecipue
1375 3508 1485 3577 nnius
1619 3579 1620 3596 p

298 3624 499 3707 tribunalis;
524 3661 541 3674 -
566 3626 602 3689 2·
628 3625 719 3691 «Aa
740 3626 924 3692 militantes
953 3630 1110 3695 ecclesiae
1125 3649 1156 3702 a,
1179 3649 1242 3713 qua
1265 3636 1402 3696 cavetur
1425 3634 1485 3701 De

294 3748 580 3831 appellationibus
596 3752 628 3813 ct
642 3746 895 3814 inhibitionibus
911 3752 1133 3816 concedendis
1144 3751 1195 3817 cd
1208 3753 1442 3840 denepandis5
1458 3792 1480 3806 -

292 3872 329 3939 3·
353 3871 519 3937 <Raram
546 3872 812 3938 humanatam»
840 3875 931 3941 circo
954 3876 1235 3959 reformationem
1264 3879 1482 3948 indiciarum

292 3996 525 4064 criminalium
548 3994 586 4060 in
609 3995 672 4061 ltcc
682 3998 871 4081 praecipue
887 3999 1049 4066 tribunati
1056 4022 1070 4084 ,·
1088 4038 1105 4050 ·
1123 4002 1158 4067 4·
1176 4022 1194 4065 ‹
1211 4002 1268 4069 Ad
1283 4007 1481 4073 coercenda

296 4120 565 4205 delinquentiam
578 4140 609 4194 »,
623 4120 656 4183 in
670 4140 731 4203 qua
744 4121 907 4188 tribnnali
920 4123 1096 4191 Auditoris
1114 4124 1292 4193 Generalis
1307 4124 1482 4198 Canzerae

291 4243 407 4324 Apost.
433 4242 612 4308 addantur
634 4242 702 4308 dno
722 4244 874 4325 praelati
895 4243 1091 4313 Assessorcs
1112 4248 1150 4313 in
1172 4250 1285 4317 canat's
1310 4252 1480 4319 crimina-

290 4364 377 4432 tibus
407 4364 617 4449 definiendis,
651 4370 809 4449 certaque
839 4366 1016 4433 methodus
1045 4369 1082 4433 in
1113 4370 1308 4440 lininsmodi
1333 4373 1481 4442 indiciis
