3292 5109
335 255 401 322 102
851 275 935 323 ruas
959 274 995 321 11.

333 403 477 464 mentum
493 400 595 484 magis
614 403 827 484 opportunum
845 397 1041 462 concedatur
1057 419 1088 462 ».
1110 397 1214 471 Quum
1230 417 1319 470 vero,
1337 417 1513 484 progressu

336 527 508 610 temporis,
532 526 684 611 cognosci
709 529 887 608 coeperunt
909 543 929 587 a
953 524 1261 610 Congregatiouibus
1293 543 1409 589 causae
1431 545 1513 589 vere

336 653 556 716 contentiosae
579 651 639 719 eut
667 670 732 716 non
755 650 940 714 necessario
971 669 1138 714 connexae
1170 669 1242 714 cum
1272 650 1344 713 aliis
1374 650 1515 734 negotiis

333 773 419 840 inibi
443 772 641 856 definiendis,
658 773 841 840 huiusmodi·
862 773 995 838 abusum
1014 775 1174 838 acerrime
1190 773 1414 858 improbarunt
1430 774 1514 837 Pon·

328 895 442 966 titices.

422 1025 631 1090 innocentius
654 1027 720 1090 Xll
744 1026 777 1089 in
801 1023 932 1090 decreto
962 1025 1001 1090 dt
1025 1023 1156 1092 debitus
1180 1026 1202 1090 9
1225 1025 1313 1111 Auq.
1338 1023 1431 1090 1693
1454 1021 1513 1108 (l),

333 1145 421 1210 iubet
456 1166 570 1212 causas
603 1168 683 1212 vere
718 1150 934 1214 contentiosas
970 1149 1002 1210 in
1038 1147 1069 1214 S.
1087 1129 1413 1232 'Congregationibus
1447 1165 1512 1210 non

333 1291 404 1338 esse
421 1271 672 1358 cognoscendas,
688 1291 817 1355 unaque
833 1271 1035 1357 praescribit,
1053 1272 1314 1356 quotiescumque
1330 1270 1511 1336 huiusmodi

332 1414 447 1461 causas
473 1397 590 1482 agitari
615 1396 796 1479 contingat,
823 1395 1053 1459 removendum
1077 1414 1147 1459 esse
1172 1413 1405 1478 quemcumque
1428 1398 1514 1458 stre·

333 1522 433 1608 pitum
457 1521 648 1595 iudicialem,
665 1521 745 1587 adeo
762 1526 797 1585 ut
812 1525 885 1586 acta
901 1536 1074 1608 processus
1094 1519 1274 1605 probatorii
1299 1517 1513 1584 conficiantur

334 1665 445 1712 coram
469 1645 642 1711 ordinariis
665 1645 829 1717 iudicibus,
856 1645 928 1711 dein
954 1645 1145 1712 remittenda
1168 1646 1309 1710 examini
1334 1649 1367 1708 et
1391 1643 1512 1708 delibe-

331 1771 451 1838 rationi
480 1771 512 1838 S.
537 1771 840 1856 Congregatiouum.
873 1771 944 1835 Hoc
975 1771 1092 1835 iussum
1125 1772 1240 1838 iterum
1271 1770 1349 1834 fecit
1373 1767 1509 1834 Benedi-

332 1903 404 1966 ctus
426 1897 511 1964 Xlll
536 1918 595 1984 per
618 1898 784 1965 decretum
807 1918 828 1961 a
851 1898 1036 1965 Secretaria
1060 1897 1166 1964 Status
1191 1900 1376 1985 evulgatum
1392 1898 1448 1963 die
1472 1899 1512 1962 17

335 2019 401 2103 Ap.
426 2020 520 2087 1728
542 2021 594 2085 his
615 2020 743 2086 verbis:
771 2019 925 2086 ‹ssnus
950 2021 1101 2086 Dominus
1126 2023 1242 2086 Noster
1270 2013 1330 2106 per
1353 2041 1509 2108 organum

336 2145 540 2214 Secretariae
564 2147 671 2213 Status
693 2147 799 2219 iussit,
825 2167 885 2231 per
909 2145 939 2212 S.
966 2147 1255 2234 (longiagationem
1273 2115 1345 2212 'non
1376 2148 1513 2233 amplius

334 2273 435 2356 recipi
458 2292 520 2337 nec
543 2272 693 2358 cognosci
718 2291 832 2336 causas
863 2273 1079 2337 contentiosas
1101 2277 1166 2336 tam
1192 2273 1303 2337 civiles
1327 2293 1423 2356 quam
1448 2275 1509 2337 cri-

335 2397 472 2462 minales
494 2397 639 2461 ordinem
663 2396 844 2462 iudicialem
870 2417 941 2460 cum
966 2415 1119 2480 processu
1142 2402 1175 2461 et
1197 2394 1439 2481 probationibus
1458 2419 1510 2462 re-

335 2523 500 2607 quirentes
533 2523 707 2590 secundum
744 2523 856 2587 Bullas
890 2521 970 2588 Sixti
998 2523 1030 2587 V
1061 2529 1094 2588 et
1129 2525 1307 2590 iunocentii
1332 2523 1398 2588 Xll
1433 2545 1510 2609 quas
1599 2511 1600 2535 ¹

331 2649 461 2712 omnino
484 2649 610 2714 servari
634 2648 797 2714 mandavit
816 2671 847 2712 ›.
874 2649 959 2713 Hinc
983 2647 1176 2714 Benedictus
1200 2650 1284 2714 XIV
1308 2653 1511 2716 committeus

333 2769 365 2836 S.
383 2771 631 2856 Congregationi
649 2771 782 2837 Concilii
800 2771 1003 2836 cumuluticc
1020 2769 1065 2855 (2)
1086 2792 1158 2836 cum
1183 2771 1334 2837 tribunali
1359 2773 1390 2839 S.
1409 2774 1509 2838 Rotae

332 2911 503 2958 causarum
520 2891 801 2956 matrimonialium
818 2869 1032 2977 cognitionem
1050 2891 1089 2956 de
1106 2893 1218 2956 valore
1235 2894 1365 2965 vinculi,
1383 2893 1416 2959 S.
1434 2895 1507 2960 Gon-

336 3019 517 3104 gregationi
541 3021 649 3081 autem
673 3017 905 3102 Episcoporum
930 3022 962 3082 et
986 3018 1194 3103 Regularium
1219 3039 1333 3084 causas
1356 3020 1510 3085 nullitatis

331 3141 543 3227 professionis
567 3141 746 3226 religiosae,
772 3142 847 3204 item
872 3161 943 3204 cum
969 3142 1053 3206 Rota
1076 3143 1289 3214 cuuizdotice,
1307 3143 1410 3226 quoad
1433 3145 1508 3209 iudi·
1592 3143 1593 3148 ’

331 3268 447 3332 cialem
471 3269 617 3332 ordinem
640 3267 834 3333 servandum
858 3266 1030 3353 specialem
1055 3269 1153 3334 veluti
1185 3270 1372 3334 facultatem
1396 3271 1506 3356 imper-

334 3389 423 3464 tirit;
447 3388 603 3473 siquidem
620 3408 775 3474 expresse
790 3388 947 3454 advertit:
968 3409 1071 3454 «acu
1094 3391 1365 3475 obscenisque
1387 3411 1510 3458 causae

331 3513 526 3579 huiscemodi
541 3513 584 3577 de
605 3511 660 3576 ott
681 3517 809 3576 tratura
826 3513 1035 3595 etqualitate
1053 3533 1252 3597 processum
1276 3515 1504 3581 iudiciariam.

332 3641 435 3720 atquc
458 3635 557 3700 ctiam
575 3635 723 3718 scrutate
739 3635 869 3701 testium
896 3655 1041 3700 cratiaco
1068 3637 1208 3722 eaiqout
1228 3641 1259 3702 at
1281 3635 1463 3721 requirant
1477 3661 1502 3699 a.

332 3763 401 3828 lam
417 3763 589 3832 innuimus.
605 3759 701 3825 hodie
721 3779 836 3825 causas
859 3767 971 3846 suapte
995 3767 1110 3826 natura
1134 3764 1351 3828 contentiosas
1366 3769 1399 3828 et
1414 3769 1504 3827 antea

332 3889 516 3973 spectantes
538 3881 579 3948 ad
601 3881 777 3948 tribunalia
799 3882 1189 3969 prop1·iedicta.detiniri
1213 3883 1296 3970 apud
1321 3885 1353 3950 S.
1371 3885 1503 3969 Congre

420 4184 461 4256 (ll
481 4183 540 4238 Hoc
553 4183 674 4238 relatum
693 4187 736 4236 at
750 4199 768 4235 a
781 4179 889 4236 Guerra
909 4186 935 4235 in
951 4183 1024 4252 Epit.
1040 4183 1117 4236 Ball.
1133 4185 1210 4237 llum.
1237 4183 1303 4235 Tam
1317 4181 1340 4248 1,
1356 4199 1423 4253 paq.
1437 4179 1501 4235 398.

421 4294 462 4362 t‘2l
480 4291 535 4346 Seu
554 4291 595 4344 ait
618 4291 747 4345 Pontifex
766 4307 783 4340 e
797 4307 851 4360 pro
869 4291 986 4344 arbitrio
1005 4301 1032 4345 et
1049 4293 1087 4343 ad
1105 4291 1270 4344 electionem
1291 4293 1385 4360 partis
1409 4287 1501 4360 appel·

330 4401 414 4456 tonas
431 4417 482 4454 sea
500 4401 674 4454 recurrentis
686 4415 712 4462 t,
724 4396 760 4451 ad
779 4415 864 4452 taurim
883 4415 982 4467 nempe
1001 4398 1045 4453 rel
1063 4399 1098 4452 ad
1117 4399 1190 4452 aliud
1212 4367 1343 4452 tribuual.
