3292 5109
448 304 492 349 na
516 302 657 352 mercna
679 300 946 351 ucocasmsrrcrs
1230 280 1294 349 169

134 423 318 491 irairuclor.
342 425 544 509 praepositus
575 422 740 510 processui
772 420 990 504 conficiendo,
1014 424 1092 487 citat
1122 426 1233 508 partes
1253 418 1295 485 ad

135 550 397 617 manuum
420 549 571 623 dubium,
589 569 717 635 unaque
732 551 848 616 inritat
868 549 910 616 ad
933 548 1155 636 producendas
1177 549 1295 635 proba·

134 674 232 738 tiones.
261 710 279 723 -
308 674 388 741 Tale
419 673 557 741 officinm
585 654 683 742 (lard.¹
711 675 869 741 Ponentis
899 676 1074 762 exponitur
1102 676 1136 739 in
1166 680 1228 739 art.
1255 674 1295 741 2:

135 797 283 863 ‹Coram
298 797 573 865 Eminentissimo
593 797 753 867 Relotore
776 800 829 865 ocl
853 798 926 865 eius
948 798 1123 880 Auditore,
1147 797 1297 865 adhibito

135 922 185 989 SS.
209 924 516 1009 Conpreqalionum
540 924 693 1000 Notario,
718 924 849 1012 sinqali
871 930 967 991 actus
989 924 1049 1010 qui
1072 923 1119 989 ud
1141 921 1297 990 adiera-

134 1051 206 1116 dam
229 1050 320 1117 mam
351 1056 522 1127 stemuat,
547 1050 774 1137 conficiuntur
797 1073 828 1115 a.
856 1049 995 1115 Additur
1021 1052 1054 1113 in
1082 1048 1219 1114 articulo
1245 1050 1298 1114 ccl

134 1174 196 1239 eius
215 1173 389 1247 Auditora,
414 1176 488 1258 quia
512 1174 605 1241 (lard.
632 1175 770 1241 Ponenti
796 1172 871 1238 data
894 1178 945 1237 est
967 1172 1105 1239 facultas
1128 1170 1298 1259 delegandi

134 1299 362 1363 instructionem
386 1318 557 1385 processus
573 1318 632 1365 suo
648 1297 819 1365 Auditori.
846 1294 951 1362 Hodie
969 1302 1064 1364 actus
1079 1297 1299 1362 instructionis

135 1443 237 1489 causae
259 1425 363 1491 solent
386 1426 492 1509 excipi
515 1424 555 1490 ab
579 1427 647 1511 ipso
667 1424 863 1498 Secretario,
886 1421 1093 1488 concordatio
1115 1428 1222 1488 autem
1245 1421 1298 1488 du·

135 1546 244 1614 biornm
267 1554 403 1615 curatur
425 1570 445 1613 a
468 1548 647 1616 Summista.
667 1584 684 1599 ·
705 1550 816 1632 Neque
839 1546 1013 1612 adhibetur
1028 1549 1173 1612 noerius
1191 1548 1225 1610 in
1247 1546 1298 1613 his

133 1672 202 1736 actis
220 1668 436 1743 conficiendis.
461 1672 518 1737 sed
541 1676 615 1739 acta
631 1690 651 1736 a
667 1671 851 1738 secretario
875 1671 929 1736 vel
949 1670 1163 1750 aSummista
1188 1689 1299 1754 respe-

133 1793 217 1874 ctive,
239 1795 272 1859 in
295 1792 435 1859 debitam
459 1794 598 1888 formam
622 1794 833 1881 rediguntur,
857 1794 911 1859 vel
933 1792 973 1858 ab
1001 1795 1072 1859 aliis
1095 1792 1299 1859 Secretariae

132 1913 319 1983 officialibus.

212 2044 283 2109 143.
309 2046 381 2109 Art.
403 2043 442 2109 3:
469 2042 692 2125 cPropterea
712 2060 800 2125 pars
822 2041 1017 2128 dilipentior
1039 2059 1157 2108 coram
1179 2038 1299 2106 eodem

134 2165 285 2234 Auctore
304 2172 444 2251 partem
466 2166 648 2233 aduersam
671 2166 709 2231 ia
731 2166 785 2231 ins
809 2170 907 2231 uocat
922 2176 941 2198 “
958 2164 1005 2229 ud
1020 2163 1300 2231 concordandum

136 2290 172 2354 de
192 2291 312 2375 dabio‚·
334 2293 423 2387 alias
444 2292 631 2358 uidendum
659 2290 826 2357 subscribi
856 2296 889 2357 et
919 2290 1091 2374 disputari
1119 2290 1300 2374 infrascri-

133 2420 219 2495 ptum
235 2413 263 2496 ”‚
286 2416 380 2503 quod
402 2434 524 2500 nempe
546 2417 584 2482 in
607 2416 699 2481 calce
727 2414 897 2481 diodonis
919 2412 1160 2481 tronambitur
1178 2437 1208 2477 ›.
1235 2414 1300 2479 Per

136 2534 304 2602 citationem
335 2532 503 2623 unapars
533 2536 669 2602 alteram
701 2542 859 2622 provocat
885 2536 926 2601 ad
958 2536 1195 2601 contentionem
1218 2535 1300 2601 iudi·

135 2660 246 2726 cialem.
270 2663 350 2727 Nam
377 2665 541 2750 negotium
572 2663 722 2729 iudiciale
754 2669 804 2729 est
833 2665 896 2729 iam
927 2663 1142 2738 introductum
1174 2660 1300 2747 quand'o

135 2780 190 2847 hoc
209 2785 415 2849 committitur
438 2784 600 2850 cardinali
626 2784 774 2857 Ponenti‚
796 2784 946 2870 idemque
969 2786 1133 2871 negotium
1157 2786 1301 2851 continet

135 2906 305 2987 petitionem
329 2909 452 2973 actoris
475 2913 509 2972 et
530 2906 776 2973 informationes
801 2910 891 2973 circa
914 2928 983 2973 rem
1013 2908 1144 2993 petitam
1175 2906 1301 2973 habitas
1338 2886 1343 2895 ¹

135 3038 163 3093 et
182 3030 218 3097 ab
239 3034 307 3118 ipso
323 3032 498 3100 Ordinario
521 3038 554 3099 et
576 3034 616 3099 ab
634 3053 672 3099 eo
689 3034 779 3100 cuius
794 3034 934 3099 interest
950 3053 1007 3099 seu
1022 3006 1042 3097 a
1056 3053 1116 3101 reo
1140 3039 1301 3101 convento

135 3174 152 3218 a
171 3176 300 3241 quores
316 3162 450 3245 petitur;
476 3160 532 3227 sed
557 3180 622 3225 non
644 3160 817 3225 inchoatur
839 3159 998 3225 iudicialis
1016 3162 1179 3225 contentio
1202 3180 1301 3245 usque

135 3278 199 3347 dum
221 3284 305 3349 sacta
329 3304 393 3351 non
418 3288 468 3350 est
489 3284 555 3350 litis
578 3285 768 3349 contestatio
794 3303 855 3370 per
882 3282 1055 3349 dubiorum
1082 3285 1302 3350 concordatio·

136 3424 209 3470 nem.
231 3405 282 3473 Ad
304 3428 388 3491 quae
411 3407 637 3475 concordanda
653 3428 716 3473 una
732 3427 808 3495 pars
825 3407 963 3472 alteram
988 3408 1081 3483 eitat;
1106 3415 1139 3473 et
1161 3428 1201 3472 ea
1227 3428 1301 3493 pars

137 3522 240 3593 dicitur
261 3530 471 3615 dilipealior,
498 3532 567 3597 sive
589 3536 682 3597 actor
706 3532 774 3597 sive
798 3551 893 3603 reus,
923 3548 1005 3613 quae
1033 3529 1124 3615 prior
1149 3531 1246 3597 instat
1268 3541 1303 3595 ut

137 3650 317 3732 procedatur
340 3654 381 3719 ad
404 3655 646 3721 contestandam
667 3657 766 3721 litem.

196 3762 280 3852 'Quo
302 3778 433 3843 facilior
455 3780 497 3844 sit
520 3778 727 3846 concordatio
752 3777 932 3859 dubiorum,
950 3776 1192 3863 praescribitur,
1212 3779 1246 3842 in
1269 3780 1303 3843 li·

139 3894 209 3964 bello
240 3904 389 3969 citatorio
416 3902 697 3968 transcribendum
729 3922 800 3969 esse
834 3903 977 3970 dubiam
998 3902 1051 3967 vel
1075 3902 1192 3978 dubio,
1222 3922 1304 3987 quae

140 4036 308 4107 proponere
324 4022 462 4089 intendit
484 4043 560 4111 pars
583 4024 705 4100 citans;
731 4042 833 4109 quare
855 4044 932 4109 pars
953 4025 1059 4096 citata,
1073 4024 1199 4109 quando
1223 4026 1305 4091 sistit

140 4161 235 4211 coram
257 4146 375 4229 iudice,
389 4148 454 4213 iam
475 4146 666 4213 deliberavit
690 4167 732 4211 an
756 4147 922 4234 proposita
945 4146 1041 4212 dubia
1062 4154 1234 4233 acceptare
1254 4148 1305 4215 de·

140 4264 202 4334 beat
220 4272 271 4337 vel
293 4272 526 4358 aliquantisper
550 4290 589 4335 ea
612 4276 749 4343 mutare,
774 4271 827 4336 vel
850 4290 893 4335 an
911 4271 975 4335 alia
989 4269 1084 4335 dubia
1102 4270 1163 4335 sibi
1186 4292 1303 4358 propo·

143 4411 210 4460 nere
230 4396 388 4483 expediat.
