<?xml version="1.0" encoding="UTF-8"?>
<!DOCTYPE html PUBLIC "-//W3C//DTD XHTML 1.0 Transitional//EN"
    "http://www.w3.org/TR/xhtml1/DTD/xhtml1-transitional.dtd">
<html xmlns="http://www.w3.org/1999/xhtml" xml:lang="en" lang="en">
 <head>
  <title>
</title>
<meta http-equiv="Content-Type" content="text/html;charset=utf-8" />
  <meta name='ocr-system' content='tesseract 3.04.00' />
  <meta name='ocr-capabilities' content='ocr_page ocr_carea ocr_par ocr_line ocrx_word'/>
</head>
<body>
  <div class='ocr_page' id='page_1' title='image "./praelectionesin03legagoog_0264.png"; bbox 0 0 3292 5109; ppageno 0'>
   <div class='ocr_carea' id='block_1_1' title="bbox 299 265 971 356">
    <p class='ocr_par' dir='ltr' id='par_1_1' title="bbox 299 265 971 356">
     <span class='ocr_line' id='line_1_1' title="bbox 299 265 971 356; baseline 0.004 -3"><span class='ocrx_word' id='word_1_1' title='bbox 299 286 366 353; x_wconf 80' lang='lat'>260</span> <span class='ocrx_word' id='word_1_2' title='bbox 827 308 911 356; x_wconf 78' lang='lat' dir='ltr'>rans</span> <span class='ocrx_word' id='word_1_3' title='bbox 935 265 971 356; x_wconf 84' lang='lat' dir='ltr'>u.</span> 
     </span>
    </p>
   </div>
   <div class='ocr_carea' id='block_1_2' title="bbox 300 430 1481 519">
    <p class='ocr_par' dir='ltr' id='par_1_2' title="bbox 300 430 1481 519">
     <span class='ocr_line' id='line_1_2' title="bbox 300 430 1481 519; baseline 0 -22"><span class='ocrx_word' id='word_1_4' title='bbox 300 431 331 497; x_wconf 89' lang='lat' dir='ltr'>S.</span> <span class='ocrx_word' id='word_1_5' title='bbox 363 430 478 504; x_wconf 84' lang='lat' dir='ltr'>Sedes,</span> <span class='ocrx_word' id='word_1_6' title='bbox 503 433 661 497; x_wconf 90' lang='lat' dir='ltr'>immunes</span> <span class='ocrx_word' id='word_1_7' title='bbox 690 452 710 497; x_wconf 90' lang='lat' dir='ltr'>a</span> <span class='ocrx_word' id='word_1_8' title='bbox 740 452 940 517; x_wconf 89' lang='lat' dir='ltr'>quacumque</span> <span class='ocrx_word' id='word_1_9' title='bbox 973 435 1109 519; x_wconf 91' lang='lat' dir='ltr'>praevia</span> <span class='ocrx_word' id='word_1_10' title='bbox 1143 433 1384 507; x_wconf 90' lang='lat' dir='ltr'>nominatione;</span> <span class='ocrx_word' id='word_1_11' title='bbox 1417 451 1481 517; x_wconf 90' lang='lat' dir='ltr'>pro</span> 
     </span>
    </p>
   </div>
   <div class='ocr_carea' id='block_1_3' title="bbox 294 554 1480 2381">
    <p class='ocr_par' dir='ltr' id='par_1_3' title="bbox 294 554 1480 2011">
     <span class='ocr_line' id='line_1_3' title="bbox 299 554 1479 643; baseline 0.001 -24"><span class='ocrx_word' id='word_1_12' title='bbox 299 556 370 621; x_wconf 89' lang='lat' dir='ltr'>aliis</span> <span class='ocrx_word' id='word_1_13' title='bbox 385 576 464 621; x_wconf 88' lang='lat' dir='ltr'>vero</span> <span class='ocrx_word' id='word_1_14' title='bbox 487 556 668 622; x_wconf 89' lang='lat' dir='ltr'>nationibus</span> <span class='ocrx_word' id='word_1_15' title='bbox 691 558 810 641; x_wconf 89' lang='lat' dir='ltr'>passim</span> <span class='ocrx_word' id='word_1_16' title='bbox 833 560 1025 625; x_wconf 81' lang='lat' dir='ltr'>constitutae</span> <span class='ocrx_word' id='word_1_17' title='bbox 1044 563 1120 623; x_wconf 89' lang='lat' dir='ltr'>sunt</span> <span class='ocrx_word' id='word_1_18' title='bbox 1142 558 1232 643; x_wconf 91' lang='lat' dir='ltr'>leges</span> <span class='ocrx_word' id='word_1_19' title='bbox 1248 554 1479 629; x_wconf 80' lang='lat' dir='ltr'>concordatae,</span> 
     </span>
     <span class='ocr_line' id='line_1_4' title="bbox 298 677 1479 765; baseline 0 -22"><span class='ocrx_word' id='word_1_20' title='bbox 298 677 412 762; x_wconf 88' lang='lat' dir='ltr'>quibus</span> <span class='ocrx_word' id='word_1_21' title='bbox 440 678 645 765; x_wconf 86' lang='lat' dir='ltr'>Principibus</span> <span class='ocrx_word' id='word_1_22' title='bbox 667 685 724 745; x_wconf 93' lang='lat' dir='ltr'>aut</span> <span class='ocrx_word' id='word_1_23' title='bbox 747 700 858 746; x_wconf 90' lang='lat' dir='ltr'>rerum</span> <span class='ocrx_word' id='word_1_24' title='bbox 888 680 1032 745; x_wconf 93' lang='lat' dir='ltr'>civilium</span> <span class='ocrx_word' id='word_1_25' title='bbox 1055 681 1265 747; x_wconf 84' lang='lat' dir='ltr'>Administris</span> <span class='ocrx_word' id='word_1_26' title='bbox 1287 702 1345 746; x_wconf 90' lang='lat' dir='ltr'>seu</span> <span class='ocrx_word' id='word_1_27' title='bbox 1369 678 1479 745; x_wconf 86' lang='lat' dir='ltr'>Mode-</span> 
     </span>
     <span class='ocr_line' id='line_1_5' title="bbox 298 804 1480 891; baseline 0.003 -26"><span class='ocrx_word' id='word_1_28' title='bbox 298 804 461 870; x_wconf 87' lang='lat' dir='ltr'>ratoribus</span> <span class='ocrx_word' id='word_1_29' title='bbox 476 804 563 870; x_wconf 86' lang='lat' dir='ltr'>facta</span> <span class='ocrx_word' id='word_1_30' title='bbox 578 809 628 871; x_wconf 92' lang='lat' dir='ltr'>est</span> <span class='ocrx_word' id='word_1_31' title='bbox 642 804 779 870; x_wconf 79' lang='lat' dir='ltr'>facultas</span> <span class='ocrx_word' id='word_1_32' title='bbox 798 806 985 871; x_wconf 90' lang='lat' dir='ltr'>nominandi</span> <span class='ocrx_word' id='word_1_33' title='bbox 1004 805 1239 891; x_wconf 89' lang='lat' dir='ltr'>promovendos</span> <span class='ocrx_word' id='word_1_34' title='bbox 1255 805 1295 870; x_wconf 91' lang='lat' dir='ltr'>ad</span> <span class='ocrx_word' id='word_1_35' title='bbox 1311 805 1480 869; x_wconf 77' lang='lat' dir='ltr'>Ecclesiae</span> 
     </span>
     <span class='ocr_line' id='line_1_6' title="bbox 297 925 1480 1015; baseline 0.001 -22"><span class='ocrx_word' id='word_1_36' title='bbox 297 925 518 1005; x_wconf 75' lang='lat' dir='ltr'>cathedrales</span> <span class='ocrx_word' id='word_1_37' title='bbox 543 934 711 997; x_wconf 84' lang='lat' dir='ltr'>reservata</span> <span class='ocrx_word' id='word_1_38' title='bbox 734 930 881 997; x_wconf 83' lang='lat' dir='ltr'>Romano</span> <span class='ocrx_word' id='word_1_39' title='bbox 899 928 1050 996; x_wconf 87' lang='lat' dir='ltr'>Pontifici</span> <span class='ocrx_word' id='word_1_40' title='bbox 1074 931 1232 996; x_wconf 88' lang='lat' dir='ltr'>electione</span> <span class='ocrx_word' id='word_1_41' title='bbox 1255 932 1342 995; x_wconf 91' lang='lat' dir='ltr'>inter</span> <span class='ocrx_word' id='word_1_42' title='bbox 1364 930 1480 1015; x_wconf 90' lang='lat' dir='ltr'>plures</span> 
     </span>
     <span class='ocr_line' id='line_1_7' title="bbox 297 1056 1477 1143; baseline 0.002 -26"><span class='ocrx_word' id='word_1_43' title='bbox 297 1056 485 1121; x_wconf 91' lang='lat' dir='ltr'>nominatos.</span> <span class='ocrx_word' id='word_1_44' title='bbox 514 1056 651 1122; x_wconf 82' lang='lat' dir='ltr'>Interim</span> <span class='ocrx_word' id='word_1_45' title='bbox 673 1076 733 1142; x_wconf 92' lang='lat' dir='ltr'>pro</span> <span class='ocrx_word' id='word_1_46' title='bbox 757 1058 861 1129; x_wconf 87' lang='lat' dir='ltr'>Italia,</span> <span class='ocrx_word' id='word_1_47' title='bbox 886 1058 961 1141; x_wconf 89' lang='lat' dir='ltr'>quia</span> <span class='ocrx_word' id='word_1_48' title='bbox 982 1076 1098 1123; x_wconf 91' lang='lat' dir='ltr'>munus</span> <span class='ocrx_word' id='word_1_49' title='bbox 1122 1057 1392 1143; x_wconf 76' lang='lat' dir='ltr'>congregationis</span> <span class='ocrx_word' id='word_1_50' title='bbox 1415 1075 1477 1141; x_wconf 90' lang='lat' dir='ltr'>pro</span> 
     </span>
     <span class='ocr_line' id='line_1_8' title="bbox 297 1176 1476 1264; baseline 0.003 -25"><span class='ocrx_word' id='word_1_51' title='bbox 297 1176 454 1261; x_wconf 86' lang='lat' dir='ltr'>eligendis</span> <span class='ocrx_word' id='word_1_52' title='bbox 477 1178 643 1264; x_wconf 87' lang='lat' dir='ltr'>Episcopis</span> <span class='ocrx_word' id='word_1_53' title='bbox 665 1180 795 1244; x_wconf 91' lang='lat' dir='ltr'>omnino</span> <span class='ocrx_word' id='word_1_54' title='bbox 825 1181 1043 1245; x_wconf 88' lang='lat' dir='ltr'>intermissum</span> <span class='ocrx_word' id='word_1_55' title='bbox 1065 1179 1191 1252; x_wconf 84' lang='lat' dir='ltr'>iuerat,</span> <span class='ocrx_word' id='word_1_56' title='bbox 1219 1178 1283 1244; x_wconf 88' lang='lat' dir='ltr'>boc</span> <span class='ocrx_word' id='word_1_57' title='bbox 1308 1178 1476 1264; x_wconf 86' lang='lat' dir='ltr'>negotium</span> 
     </span>
     <span class='ocr_line' id='line_1_9' title="bbox 296 1301 1473 1389; baseline 0.002 -24"><span class='ocrx_word' id='word_1_58' title='bbox 296 1301 498 1366; x_wconf 87' lang='lat' dir='ltr'>commissum</span> <span class='ocrx_word' id='word_1_59' title='bbox 522 1307 593 1367; x_wconf 90' lang='lat' dir='ltr'>erat</span> <span class='ocrx_word' id='word_1_60' title='bbox 615 1302 687 1368; x_wconf 86' lang='lat' dir='ltr'>fere</span> <span class='ocrx_word' id='word_1_61' title='bbox 717 1304 880 1389; x_wconf 90' lang='lat' dir='ltr'>integrum</span> <span class='ocrx_word' id='word_1_62' title='bbox 904 1305 1012 1388; x_wconf 86' lang='lat' dir='ltr'>Papae</span> <span class='ocrx_word' id='word_1_63' title='bbox 1036 1304 1194 1369; x_wconf 88' lang='lat' dir='ltr'>Auditori.</span> <span class='ocrx_word' id='word_1_64' title='bbox 1228 1305 1272 1368; x_wconf 85' lang='lat' dir='ltr'>At</span> <span class='ocrx_word' id='word_1_65' title='bbox 1295 1302 1362 1366; x_wconf 86' lang='lat' dir='ltr'>Leo</span> <span class='ocrx_word' id='word_1_66' title='bbox 1386 1302 1473 1369; x_wconf 85' lang='lat' dir='ltr'>XlIl</span> 
     </span>
     <span class='ocr_line' id='line_1_10' title="bbox 295 1423 1477 1504; baseline 0.003 -17"><span class='ocrx_word' id='word_1_67' title='bbox 295 1423 330 1487; x_wconf 93' lang='lat' dir='ltr'>in</span> <span class='ocrx_word' id='word_1_68' title='bbox 353 1424 460 1490; x_wconf 78' lang='lat' dir='ltr'>donst.</span> <span class='ocrx_word' id='word_1_69' title='bbox 487 1444 505 1488; x_wconf 77' lang='lat' dir='ltr'>c</span> <span class='ocrx_word' id='word_1_70' title='bbox 525 1426 772 1493; x_wconf 80' lang='lat' dir='ltr'>Immortalis»</span> <span class='ocrx_word' id='word_1_71' title='bbox 798 1428 1013 1504; x_wconf 79' lang='lat' dir='ltr'>unai1878,</span> <span class='ocrx_word' id='word_1_72' title='bbox 1037 1429 1093 1493; x_wconf 86' lang='lat' dir='ltr'>XI</span> <span class='ocrx_word' id='word_1_73' title='bbox 1113 1428 1181 1493; x_wconf 73' lang='lat' dir='ltr'>bul.</span> <span class='ocrx_word' id='word_1_74' title='bbox 1208 1425 1367 1499; x_wconf 76' lang='lat' dir='ltr'>Octobris,</span> <span class='ocrx_word' id='word_1_75' title='bbox 1393 1426 1477 1493; x_wconf 84' lang='lat' dir='ltr'>con-</span> 
     </span>
     <span class='ocr_line' id='line_1_11' title="bbox 294 1548 1473 1639; baseline 0.003 -26"><span class='ocrx_word' id='word_1_76' title='bbox 294 1551 517 1635; x_wconf 84' lang='lat' dir='ltr'>gregationem</span> <span class='ocrx_word' id='word_1_77' title='bbox 533 1569 591 1615; x_wconf 92' lang='lat' dir='ltr'>seu</span> <span class='ocrx_word' id='word_1_78' title='bbox 605 1548 883 1621; x_wconf 79' lang='lat' dir='ltr'>Commissiouem</span> <span class='ocrx_word' id='word_1_79' title='bbox 894 1572 963 1637; x_wconf 86' lang='lat' dir='ltr'>pro</span> <span class='ocrx_word' id='word_1_80' title='bbox 979 1552 1144 1639; x_wconf 76' lang='lat' dir='ltr'>eligendis</span> <span class='ocrx_word' id='word_1_81' title='bbox 1160 1551 1338 1635; x_wconf 69' lang='lat' dir='ltr'>Ept&#39;scopts</span> <span class='ocrx_word' id='word_1_82' title='bbox 1353 1552 1473 1616; x_wconf 83' lang='lat' dir='ltr'>iterum</span> 
     </span>
     <span class='ocr_line' id='line_1_12' title="bbox 294 1673 1474 1761; baseline 0.003 -24"><span class='ocrx_word' id='word_1_83' title='bbox 294 1673 328 1737; x_wconf 91' lang='lat' dir='ltr'>in</span> <span class='ocrx_word' id='word_1_84' title='bbox 351 1676 520 1760; x_wconf 88' lang='lat' dir='ltr'>pristinum</span> <span class='ocrx_word' id='word_1_85' title='bbox 545 1678 701 1759; x_wconf 88' lang='lat' dir='ltr'>restituit,</span> <span class='ocrx_word' id='word_1_86' title='bbox 726 1678 828 1744; x_wconf 88' lang='lat' dir='ltr'>eidem</span> <span class='ocrx_word' id='word_1_87' title='bbox 849 1699 918 1761; x_wconf 82' lang='lat' dir='ltr'>pro</span> <span class='ocrx_word' id='word_1_88' title='bbox 941 1680 1045 1745; x_wconf 81' lang='lat' dir='ltr'>Italia</span> <span class='ocrx_word' id='word_1_89' title='bbox 1072 1684 1204 1744; x_wconf 74' lang='lat' dir='ltr'>matum</span> <span class='ocrx_word' id='word_1_90' title='bbox 1230 1677 1377 1743; x_wconf 87' lang='lat' dir='ltr'>tribuens</span> <span class='ocrx_word' id='word_1_91' title='bbox 1401 1696 1474 1741; x_wconf 90' lang='lat' dir='ltr'>eam</span> 
     </span>
     <span class='ocr_line' id='line_1_13' title="bbox 294 1798 1474 1888; baseline 0.003 -24"><span class='ocrx_word' id='word_1_92' title='bbox 294 1798 479 1865; x_wconf 82' lang='lat' dir='ltr'>facultatem</span> <span class='ocrx_word' id='word_1_93' title='bbox 503 1801 695 1886; x_wconf 89' lang='lat' dir='ltr'>easdemque</span> <span class='ocrx_word' id='word_1_94' title='bbox 718 1802 860 1887; x_wconf 87' lang='lat' dir='ltr'>regulas,</span> <span class='ocrx_word' id='word_1_95' title='bbox 881 1823 902 1867; x_wconf 90' lang='lat' dir='ltr'>a</span> <span class='ocrx_word' id='word_1_96' title='bbox 925 1803 1044 1867; x_wconf 90' lang='lat' dir='ltr'>Bened.</span> <span class='ocrx_word' id='word_1_97' title='bbox 1062 1801 1145 1867; x_wconf 90' lang='lat' dir='ltr'>XlV</span> <span class='ocrx_word' id='word_1_98' title='bbox 1169 1804 1376 1888; x_wconf 90' lang='lat' dir='ltr'>praestitutas</span> <span class='ocrx_word' id='word_1_99' title='bbox 1393 1802 1474 1867; x_wconf 84' lang='lat' dir='ltr'>Gon·</span> 
     </span>
     <span class='ocr_line' id='line_1_14' title="bbox 294 1924 1272 2011; baseline 0.002 -24"><span class='ocrx_word' id='word_1_100' title='bbox 294 1924 476 2010; x_wconf 89' lang='lat' dir='ltr'>gregationi</span> <span class='ocrx_word' id='word_1_101' title='bbox 499 1944 594 2009; x_wconf 89' lang='lat' dir='ltr'>quarn</span> <span class='ocrx_word' id='word_1_102' title='bbox 618 1926 691 2010; x_wconf 89' lang='lat' dir='ltr'>lpse</span> <span class='ocrx_word' id='word_1_103' title='bbox 714 1925 754 1990; x_wconf 90' lang='lat' dir='ltr'>ad</span> <span class='ocrx_word' id='word_1_104' title='bbox 777 1925 876 1990; x_wconf 89' lang='lat' dir='ltr'>talem</span> <span class='ocrx_word' id='word_1_105' title='bbox 899 1945 1029 2011; x_wconf 89' lang='lat' dir='ltr'>scopum</span> <span class='ocrx_word' id='word_1_106' title='bbox 1053 1924 1272 1991; x_wconf 87' lang='lat' dir='ltr'>ordinaverat.</span> 
     </span>
    </p>

    <p class='ocr_par' dir='ltr' id='par_1_4' title="bbox 294 2046 1473 2381">
     <span class='ocr_line' id='line_1_15' title="bbox 383 2046 1473 2137; baseline 0 -26"><span class='ocrx_word' id='word_1_107' title='bbox 383 2047 458 2112; x_wconf 80' lang='lat'>210.</span> <span class='ocrx_word' id='word_1_108' title='bbox 491 2047 669 2115; x_wconf 90' lang='lat' dir='ltr'>Processus</span> <span class='ocrx_word' id='word_1_109' title='bbox 699 2050 836 2137; x_wconf 90' lang='lat' dir='ltr'>appositi</span> <span class='ocrx_word' id='word_1_110' title='bbox 862 2051 952 2115; x_wconf 89' lang='lat' dir='ltr'>circa</span> <span class='ocrx_word' id='word_1_111' title='bbox 982 2070 1137 2134; x_wconf 86' lang='lat' dir='ltr'>personas</span> <span class='ocrx_word' id='word_1_112' title='bbox 1167 2049 1208 2113; x_wconf 89' lang='lat' dir='ltr'>de</span> <span class='ocrx_word' id='word_1_113' title='bbox 1237 2068 1375 2133; x_wconf 88' lang='lat' dir='ltr'>quarum</span> <span class='ocrx_word' id='word_1_114' title='bbox 1403 2046 1473 2111; x_wconf 90' lang='lat' dir='ltr'>ele·</span> 
     </span>
     <span class='ocr_line' id='line_1_16' title="bbox 294 2170 1469 2260; baseline 0.002 -26"><span class='ocrx_word' id='word_1_115' title='bbox 294 2170 400 2235; x_wconf 89' lang='lat' dir='ltr'>ctione</span> <span class='ocrx_word' id='word_1_116' title='bbox 423 2172 490 2257; x_wconf 89' lang='lat' dir='ltr'>agit</span> <span class='ocrx_word' id='word_1_117' title='bbox 513 2173 612 2259; x_wconf 85' lang='lat' dir='ltr'>Gong.</span> <span class='ocrx_word' id='word_1_118' title='bbox 628 2193 688 2260; x_wconf 90' lang='lat' dir='ltr'>pro</span> <span class='ocrx_word' id='word_1_119' title='bbox 704 2174 871 2259; x_wconf 91' lang='lat' dir='ltr'>Episcopis</span> <span class='ocrx_word' id='word_1_120' title='bbox 894 2174 1050 2260; x_wconf 87' lang='lat' dir='ltr'>eligendis</span> <span class='ocrx_word' id='word_1_121' title='bbox 1073 2172 1154 2239; x_wconf 91' lang='lat' dir='ltr'>fiuut</span> <span class='ocrx_word' id='word_1_122' title='bbox 1177 2172 1263 2259; x_wconf 91' lang='lat' dir='ltr'>apud</span> <span class='ocrx_word' id='word_1_123' title='bbox 1277 2171 1469 2239; x_wconf 86' lang='lat' dir='ltr'>Auditorem</span> 
     </span>
     <span class='ocr_line' id='line_1_17' title="bbox 294 2290 1471 2381; baseline 0.003 -27"><span class='ocrx_word' id='word_1_124' title='bbox 294 2290 425 2356; x_wconf 84' lang='lat' dir='ltr'>SSrirum</span> <span class='ocrx_word' id='word_1_125' title='bbox 441 2293 531 2357; x_wconf 83' lang='lat' dir='ltr'>iuxta</span> <span class='ocrx_word' id='word_1_126' title='bbox 544 2294 794 2359; x_wconf 87' lang='lat' dir='ltr'>instructionem</span> <span class='ocrx_word' id='word_1_127' title='bbox 807 2295 929 2361; x_wconf 89' lang='lat' dir='ltr'>Urbani</span> <span class='ocrx_word' id='word_1_128' title='bbox 942 2296 1037 2361; x_wconf 89' lang='lat' dir='ltr'>Vlll.</span> <span class='ocrx_word' id='word_1_129' title='bbox 1050 2331 1066 2344; x_wconf 93' lang='lat'><strong>·</strong></span> <span class='ocrx_word' id='word_1_130' title='bbox 1076 2295 1188 2370; x_wconf 84' lang='lat' dir='ltr'>Quoad</span> <span class='ocrx_word' id='word_1_131' title='bbox 1204 2296 1379 2361; x_wconf 87' lang='lat' dir='ltr'>electiones</span> <span class='ocrx_word' id='word_1_132' title='bbox 1391 2294 1471 2381; x_wconf 90' lang='lat' dir='ltr'>Epi-</span> 
     </span>
    </p>
   </div>
   <div class='ocr_carea' id='block_1_4' title="bbox 172 2412 1471 2509">
    <p class='ocr_par' dir='ltr' id='par_1_5' title="bbox 172 2412 1471 2509">
     <span class='ocr_line' id='line_1_18' title="bbox 172 2412 1471 2509; baseline 0.001 -25"><span class='ocrx_word' id='word_1_133' title='bbox 172 2412 178 2429; x_wconf 81' lang='grc'><em>“</em></span> <span class='ocrx_word' id='word_1_134' title='bbox 292 2438 463 2506; x_wconf 88' lang='lat' dir='ltr'>scoporum</span> <span class='ocrx_word' id='word_1_135' title='bbox 479 2428 575 2488; x_wconf 84' lang='lat' dir='ltr'>extra</span> <span class='ocrx_word' id='word_1_136' title='bbox 590 2423 716 2488; x_wconf 87' lang='lat' dir='ltr'>ltaliam</span> <span class='ocrx_word' id='word_1_137' title='bbox 740 2425 852 2491; x_wconf 89' lang='lat' dir='ltr'>statuit</span> <span class='ocrx_word' id='word_1_138' title='bbox 866 2425 919 2489; x_wconf 92' lang='lat' dir='ltr'>cit.</span> <span class='ocrx_word' id='word_1_139' title='bbox 937 2424 1121 2489; x_wconf 89' lang='lat' dir='ltr'>Instructio:</span> <span class='ocrx_word' id='word_1_140' title='bbox 1140 2444 1159 2486; x_wconf 77' lang='lat' dir='ltr'>c</span> <span class='ocrx_word' id='word_1_141' title='bbox 1176 2422 1209 2489; x_wconf 91' lang='lat' dir='ltr'>Si</span> <span class='ocrx_word' id='word_1_142' title='bbox 1233 2442 1404 2509; x_wconf 86' lang='lat' dir='ltr'>processus</span> <span class='ocrx_word' id='word_1_143' title='bbox 1423 2422 1471 2485; x_wconf 93' lang='lat' dir='ltr'>in·</span> 
     </span>
    </p>
   </div>
   <div class='ocr_carea' id='block_1_5' title="bbox 281 2544 1519 4504">
    <p class='ocr_par' dir='ltr' id='par_1_6' title="bbox 281 2544 1519 4504">
     <span class='ocr_line' id='line_1_19' title="bbox 291 2544 1469 2636; baseline 0.002 -27"><span class='ocrx_word' id='word_1_144' title='bbox 291 2545 470 2629; x_wconf 89' lang='lat' dir='ltr'>quisitionis</span> <span class='ocrx_word' id='word_1_145' title='bbox 486 2544 702 2613; x_wconf 83' lang='lat' dir='ltr'>condolendus</span> <span class='ocrx_word' id='word_1_146' title='bbox 725 2550 766 2614; x_wconf 88' lang='lat' dir='ltr'>sit</span> <span class='ocrx_word' id='word_1_147' title='bbox 789 2553 884 2614; x_wconf 81' lang='lat' dir='ltr'>extra</span> <span class='ocrx_word' id='word_1_148' title='bbox 907 2549 1087 2615; x_wconf 87' lang='lat' dir='ltr'>Romanam</span> <span class='ocrx_word' id='word_1_149' title='bbox 1111 2549 1240 2636; x_wconf 84' lang='lat' dir='ltr'>Curiam</span> <span class='ocrx_word' id='word_1_150' title='bbox 1262 2548 1327 2614; x_wconf 90' lang='lat' dir='ltr'>hoc</span> <span class='ocrx_word' id='word_1_151' title='bbox 1350 2566 1469 2612; x_wconf 91' lang='lat' dir='ltr'>munus</span> 
     </span>
     <span class='ocr_line' id='line_1_20' title="bbox 290 2671 1469 2757; baseline 0.001 -23"><span class='ocrx_word' id='word_1_152' title='bbox 290 2674 416 2755; x_wconf 87' lang='lat' dir='ltr'>spectat</span> <span class='ocrx_word' id='word_1_153' title='bbox 445 2671 484 2735; x_wconf 92' lang='lat' dir='ltr'>ad</span> <span class='ocrx_word' id='word_1_154' title='bbox 515 2671 653 2757; x_wconf 88' lang='lat' dir='ltr'>Legatos</span> <span class='ocrx_word' id='word_1_155' title='bbox 677 2672 767 2737; x_wconf 90' lang='lat' dir='ltr'>Sedis</span> <span class='ocrx_word' id='word_1_156' title='bbox 790 2673 996 2757; x_wconf 85' lang='lat' dir='ltr'>Apostolioae</span> <span class='ocrx_word' id='word_1_157' title='bbox 1017 2674 1072 2739; x_wconf 91' lang='lat' dir='ltr'>vel</span> <span class='ocrx_word' id='word_1_158' title='bbox 1102 2673 1143 2739; x_wconf 89' lang='lat' dir='ltr'>ad</span> <span class='ocrx_word' id='word_1_159' title='bbox 1175 2674 1310 2738; x_wconf 91' lang='lat' dir='ltr'>Nuntios</span> <span class='ocrx_word' id='word_1_160' title='bbox 1333 2671 1469 2755; x_wconf 92' lang='lat' dir='ltr'>provin·</span> 
     </span>
     <span class='ocr_line' id='line_1_21' title="bbox 291 2793 1469 2883; baseline 0.004 -26"><span class='ocrx_word' id='word_1_161' title='bbox 291 2793 414 2858; x_wconf 88' lang='lat' dir='ltr'>ciarum</span> <span class='ocrx_word' id='word_1_162' title='bbox 438 2796 469 2859; x_wconf 96' lang='lat' dir='ltr'>in</span> <span class='ocrx_word' id='word_1_163' title='bbox 493 2795 572 2861; x_wconf 90' lang='lat' dir='ltr'>locis</span> <span class='ocrx_word' id='word_1_164' title='bbox 595 2796 628 2861; x_wconf 95' lang='lat' dir='ltr'>in</span> <span class='ocrx_word' id='word_1_165' title='bbox 653 2797 766 2880; x_wconf 88' lang='lat' dir='ltr'>quibus</span> <span class='ocrx_word' id='word_1_166' title='bbox 796 2802 1055 2874; x_wconf 89' lang='lat' dir='ltr'>commorantur;</span> <span class='ocrx_word' id='word_1_167' title='bbox 1078 2799 1105 2862; x_wconf 91' lang='lat' dir='ltr'>si</span> <span class='ocrx_word' id='word_1_168' title='bbox 1128 2816 1193 2863; x_wconf 95' lang='lat' dir='ltr'>non</span> <span class='ocrx_word' id='word_1_169' title='bbox 1217 2796 1324 2865; x_wconf 89' lang='lat' dir='ltr'>adsint</span> <span class='ocrx_word' id='word_1_170' title='bbox 1352 2796 1469 2883; x_wconf 87' lang='lat' dir='ltr'>Legati</span> 
     </span>
     <span class='ocr_line' id='line_1_22' title="bbox 289 2922 1519 3011; baseline 0.002 -27"><span class='ocrx_word' id='word_1_171' title='bbox 289 2939 392 3005; x_wconf 91' lang='lat' dir='ltr'>neque</span> <span class='ocrx_word' id='word_1_172' title='bbox 407 2922 516 2987; x_wconf 89' lang='lat' dir='ltr'>Nuntii</span> <span class='ocrx_word' id='word_1_173' title='bbox 532 2927 655 3008; x_wconf 88' lang='lat' dir='ltr'>spectat</span> <span class='ocrx_word' id='word_1_174' title='bbox 670 2923 711 2988; x_wconf 91' lang='lat' dir='ltr'>ad</span> <span class='ocrx_word' id='word_1_175' title='bbox 724 2923 916 2989; x_wconf 88' lang='lat' dir='ltr'>Ordinarios</span> <span class='ocrx_word' id='word_1_176' title='bbox 931 2945 1143 3011; x_wconf 88' lang='lat' dir='ltr'>personarum</span> <span class='ocrx_word' id='word_1_177' title='bbox 1159 2924 1465 3011; x_wconf 81' lang='lat' dir='ltr'>promovendamm,</span> <span class='ocrx_word' id='word_1_178' title='bbox 1514 2975 1519 2986; x_wconf 89' lang='lat'>.</span> 
     </span>
     <span class='ocr_line' id='line_1_23' title="bbox 289 3044 1467 3133; baseline 0.001 -22"><span class='ocrx_word' id='word_1_179' title='bbox 289 3050 322 3112; x_wconf 90' lang='lat' dir='ltr'>et</span> <span class='ocrx_word' id='word_1_180' title='bbox 352 3046 428 3131; x_wconf 90' lang='lat' dir='ltr'>ipsis</span> <span class='ocrx_word' id='word_1_181' title='bbox 459 3044 679 3121; x_wconf 82' lang='lat' dir='ltr'>deficientibus</span> <span class='ocrx_word' id='word_1_182' title='bbox 709 3048 749 3112; x_wconf 92' lang='lat' dir='ltr'>ad</span> <span class='ocrx_word' id='word_1_183' title='bbox 774 3047 966 3115; x_wconf 89' lang='lat' dir='ltr'>Ordiuarios</span> <span class='ocrx_word' id='word_1_184' title='bbox 989 3050 1180 3125; x_wconf 89' lang='lat' dir='ltr'>viciniores,</span> <span class='ocrx_word' id='word_1_185' title='bbox 1204 3050 1258 3133; x_wconf 91' lang='lat' dir='ltr'>qui</span> <span class='ocrx_word' id='word_1_186' title='bbox 1282 3047 1362 3113; x_wconf 92' lang='lat' dir='ltr'>ordo</span> <span class='ocrx_word' id='word_1_187' title='bbox 1388 3067 1467 3133; x_wconf 85' lang='lat' dir='ltr'>gra·</span> 
     </span>
     <span class='ocr_line' id='line_1_24' title="bbox 289 3171 1469 3256; baseline -0.003 -19"><span class='ocrx_word' id='word_1_188' title='bbox 289 3173 387 3238; x_wconf 89' lang='lat' dir='ltr'>datim</span> <span class='ocrx_word' id='word_1_189' title='bbox 409 3171 589 3237; x_wconf 87' lang='lat' dir='ltr'>servandus</span> <span class='ocrx_word' id='word_1_190' title='bbox 612 3176 660 3236; x_wconf 90' lang='lat' dir='ltr'>est</span> <span class='ocrx_word' id='word_1_191' title='bbox 683 3191 744 3236; x_wconf 90' lang='lat' dir='ltr'>nec</span> <span class='ocrx_word' id='word_1_192' title='bbox 767 3173 933 3256; x_wconf 88' lang='lat' dir='ltr'>quisquam</span> <span class='ocrx_word' id='word_1_193' title='bbox 949 3172 1044 3238; x_wconf 89' lang='lat' dir='ltr'>debet</span> <span class='ocrx_word' id='word_1_194' title='bbox 1066 3172 1125 3237; x_wconf 90' lang='lat' dir='ltr'>sibi</span> <span class='ocrx_word' id='word_1_195' title='bbox 1148 3173 1212 3237; x_wconf 87' lang='lat' dir='ltr'>hoo</span> <span class='ocrx_word' id='word_1_196' title='bbox 1235 3191 1352 3236; x_wconf 90' lang='lat' dir='ltr'>munus</span> <span class='ocrx_word' id='word_1_197' title='bbox 1374 3190 1469 3235; x_wconf 89' lang='lat' dir='ltr'>arro·</span> 
     </span>
     <span class='ocr_line' id='line_1_25' title="bbox 287 3292 1465 3380; baseline 0.001 -23"><span class='ocrx_word' id='word_1_198' title='bbox 287 3313 368 3380; x_wconf 85' lang='lat' dir='ltr'>gare</span> <span class='ocrx_word' id='word_1_199' title='bbox 391 3298 522 3379; x_wconf 88' lang='lat' dir='ltr'>praeter</span> <span class='ocrx_word' id='word_1_200' title='bbox 545 3294 692 3359; x_wconf 91' lang='lat' dir='ltr'>ordinem</span> <span class='ocrx_word' id='word_1_201' title='bbox 715 3293 943 3378; x_wconf 88' lang='lat' dir='ltr'>supradictum,</span> <span class='ocrx_word' id='word_1_202' title='bbox 968 3296 1029 3360; x_wconf 91' lang='lat' dir='ltr'>nisi</span> <span class='ocrx_word' id='word_1_203' title='bbox 1057 3297 1203 3361; x_wconf 85' lang='lat' dir='ltr'>Romano</span> <span class='ocrx_word' id='word_1_204' title='bbox 1228 3292 1380 3361; x_wconf 84' lang='lat' dir='ltr'>Pontifici</span> <span class='ocrx_word' id='word_1_205' title='bbox 1403 3313 1465 3380; x_wconf 91' lang='lat' dir='ltr'>per</span> 
     </span>
     <span class='ocr_line' id='line_1_26' title="bbox 287 3406 1466 3505; baseline -0.001 -22"><span class='ocrx_word' id='word_1_206' title='bbox 287 3418 426 3504; x_wconf 87' lang='lat' dir='ltr'>speciale</span> <span class='ocrx_word' id='word_1_207' title='bbox 443 3406 628 3483; x_wconf 87' lang='lat' dir='ltr'>mandatum</span> <span class='ocrx_word' id='word_1_208' title='bbox 651 3418 748 3483; x_wconf 91' lang='lat' dir='ltr'>alicui</span> <span class='ocrx_word' id='word_1_209' title='bbox 772 3418 867 3484; x_wconf 89' lang='lat' dir='ltr'>alteri</span> <span class='ocrx_word' id='word_1_210' title='bbox 890 3418 969 3484; x_wconf 92' lang='lat' dir='ltr'>illud</span> <span class='ocrx_word' id='word_1_211' title='bbox 993 3419 1188 3485; x_wconf 87' lang='lat' dir='ltr'>demandare</span> <span class='ocrx_word' id='word_1_212' title='bbox 1211 3420 1381 3505; x_wconf 76' lang='lat' dir='ltr'>placuerit,</span> <span class='ocrx_word' id='word_1_213' title='bbox 1399 3438 1466 3503; x_wconf 90' lang='lat' dir='ltr'>quo</span> 
     </span>
     <span class='ocr_line' id='line_1_27' title="bbox 285 3541 1464 3628; baseline 0 -23"><span class='ocrx_word' id='word_1_214' title='bbox 285 3541 320 3606; x_wconf 93' lang='lat' dir='ltr'>in</span> <span class='ocrx_word' id='word_1_215' title='bbox 343 3560 419 3607; x_wconf 88' lang='lat' dir='ltr'>casu</span> <span class='ocrx_word' id='word_1_216' title='bbox 445 3561 605 3627; x_wconf 90' lang='lat' dir='ltr'>apparere</span> <span class='ocrx_word' id='word_1_217' title='bbox 633 3541 729 3608; x_wconf 90' lang='lat' dir='ltr'>debet</span> <span class='ocrx_word' id='word_1_218' title='bbox 751 3542 791 3607; x_wconf 92' lang='lat' dir='ltr'>de</span> <span class='ocrx_word' id='word_1_219' title='bbox 814 3542 964 3608; x_wconf 90' lang='lat' dir='ltr'>mandato</span> <span class='ocrx_word' id='word_1_220' title='bbox 992 3544 1123 3628; x_wconf 90' lang='lat' dir='ltr'>speciali</span> <span class='ocrx_word' id='word_1_221' title='bbox 1146 3544 1179 3607; x_wconf 93' lang='lat' dir='ltr'>in</span> <span class='ocrx_word' id='word_1_222' title='bbox 1202 3543 1361 3627; x_wconf 87' lang='lat' dir='ltr'>principio</span> <span class='ocrx_word' id='word_1_223' title='bbox 1384 3560 1464 3628; x_wconf 80' lang='lat' dir='ltr'>pro·</span> 
     </span>
     <span class='ocr_line' id='line_1_28' title="bbox 286 3666 1466 3755; baseline 0 -23"><span class='ocrx_word' id='word_1_224' title='bbox 286 3687 396 3733; x_wconf 87' lang='lat' dir='ltr'>cessus</span> <span class='ocrx_word' id='word_1_225' title='bbox 495 3667 628 3742; x_wconf 83' lang='lat' dir='ltr'>Quando</span> <span class='ocrx_word' id='word_1_226' title='bbox 652 3670 819 3755; x_wconf 90' lang='lat' dir='ltr'>contingat</span> <span class='ocrx_word' id='word_1_227' title='bbox 841 3688 1027 3753; x_wconf 86' lang='lat' dir='ltr'>processum</span> <span class='ocrx_word' id='word_1_228' title='bbox 1050 3666 1163 3733; x_wconf 89' lang='lat' dir='ltr'>confici</span> <span class='ocrx_word' id='word_1_229' title='bbox 1188 3668 1308 3734; x_wconf 88' lang='lat' dir='ltr'>debere</span> <span class='ocrx_word' id='word_1_230' title='bbox 1327 3666 1367 3733; x_wconf 90' lang='lat' dir='ltr'>de</span> <span class='ocrx_word' id='word_1_231' title='bbox 1388 3686 1466 3751; x_wconf 91' lang='lat' dir='ltr'>qua-</span> 
     </span>
     <span class='ocr_line' id='line_1_29' title="bbox 284 3790 1463 3878; baseline -0.001 -23"><span class='ocrx_word' id='word_1_232' title='bbox 284 3790 427 3855; x_wconf 89' lang='lat' dir='ltr'>litatibus</span> <span class='ocrx_word' id='word_1_233' title='bbox 457 3791 703 3878; x_wconf 85' lang='lat' dir='ltr'>Archiepiscopi</span> <span class='ocrx_word' id='word_1_234' title='bbox 733 3793 785 3857; x_wconf 91' lang='lat' dir='ltr'>vel</span> <span class='ocrx_word' id='word_1_235' title='bbox 817 3793 969 3878; x_wconf 88' lang='lat' dir='ltr'>Episcopi</span> <span class='ocrx_word' id='word_1_236' title='bbox 1000 3798 1096 3858; x_wconf 86' lang='lat' dir='ltr'>extra</span> <span class='ocrx_word' id='word_1_237' title='bbox 1126 3794 1307 3857; x_wconf 89' lang='lat' dir='ltr'>Romanam</span> <span class='ocrx_word' id='word_1_238' title='bbox 1330 3791 1463 3857; x_wconf 83' lang='lat' dir='ltr'>Curiam</span> 
     </span>
     <span class='ocr_line' id='line_1_30' title="bbox 284 3916 1462 4003; baseline -0.001 -19"><span class='ocrx_word' id='word_1_239' title='bbox 284 3917 430 4003; x_wconf 89' lang='lat' dir='ltr'>degentis</span> <span class='ocrx_word' id='word_1_240' title='bbox 455 3919 509 4001; x_wconf 90' lang='lat' dir='ltr'>qui</span> <span class='ocrx_word' id='word_1_241' title='bbox 535 3916 575 3982; x_wconf 90' lang='lat' dir='ltr'>ab</span> <span class='ocrx_word' id='word_1_242' title='bbox 603 3937 667 3982; x_wconf 89' lang='lat' dir='ltr'>una</span> <span class='ocrx_word' id='word_1_243' title='bbox 693 3918 733 3983; x_wconf 90' lang='lat' dir='ltr'>ad</span> <span class='ocrx_word' id='word_1_244' title='bbox 761 3920 898 3984; x_wconf 89' lang='lat' dir='ltr'>alteram</span> <span class='ocrx_word' id='word_1_245' title='bbox 922 3920 1103 3984; x_wconf 88' lang='lat' dir='ltr'>Ecclesiam</span> <span class='ocrx_word' id='word_1_246' title='bbox 1127 3921 1168 3984; x_wconf 91' lang='lat' dir='ltr'>sit</span> <span class='ocrx_word' id='word_1_247' title='bbox 1193 3918 1462 4001; x_wconf 85' lang='lat' dir='ltr'>transferendus,</span> 
     </span>
     <span class='ocr_line' id='line_1_31' title="bbox 283 4040 1464 4129; baseline 0.001 -23"><span class='ocrx_word' id='word_1_248' title='bbox 283 4042 347 4106; x_wconf 92' lang='lat' dir='ltr'>hoc</span> <span class='ocrx_word' id='word_1_249' title='bbox 369 4062 485 4106; x_wconf 90' lang='lat' dir='ltr'>munus</span> <span class='ocrx_word' id='word_1_250' title='bbox 509 4040 677 4107; x_wconf 89' lang='lat' dir='ltr'>deficiente</span> <span class='ocrx_word' id='word_1_251' title='bbox 701 4042 825 4128; x_wconf 91' lang='lat' dir='ltr'>Legato</span> <span class='ocrx_word' id='word_1_252' title='bbox 848 4043 899 4107; x_wconf 90' lang='lat' dir='ltr'>vel</span> <span class='ocrx_word' id='word_1_253' title='bbox 925 4044 1045 4108; x_wconf 88' lang='lat' dir='ltr'>Nuntio</span> <span class='ocrx_word' id='word_1_254' title='bbox 1068 4043 1253 4129; x_wconf 86' lang='lat' dir='ltr'>Apostolioo</span> <span class='ocrx_word' id='word_1_255' title='bbox 1277 4043 1365 4108; x_wconf 90' lang='lat' dir='ltr'>illius</span> <span class='ocrx_word' id='word_1_256' title='bbox 1388 4062 1464 4129; x_wconf 92' lang='lat' dir='ltr'>pro·</span> 
     </span>
     <span class='ocr_line' id='line_1_32' title="bbox 283 4165 1461 4252; baseline 0 -21"><span class='ocrx_word' id='word_1_257' title='bbox 283 4166 409 4231; x_wconf 88' lang='lat' dir='ltr'>vinciae</span> <span class='ocrx_word' id='word_1_258' title='bbox 433 4166 485 4231; x_wconf 90' lang='lat' dir='ltr'>vel</span> <span class='ocrx_word' id='word_1_259' title='bbox 509 4168 612 4250; x_wconf 88' lang='lat' dir='ltr'>regni,</span> <span class='ocrx_word' id='word_1_260' title='bbox 637 4165 690 4231; x_wconf 93' lang='lat' dir='ltr'>ubi</span> <span class='ocrx_word' id='word_1_261' title='bbox 714 4169 775 4233; x_wconf 85' lang='lat' dir='ltr'>sita</span> <span class='ocrx_word' id='word_1_262' title='bbox 798 4172 847 4234; x_wconf 90' lang='lat' dir='ltr'>est</span> <span class='ocrx_word' id='word_1_263' title='bbox 870 4168 1027 4241; x_wconf 88' lang='lat' dir='ltr'>Ecclesia,</span> <span class='ocrx_word' id='word_1_264' title='bbox 1051 4188 1071 4232; x_wconf 90' lang='lat' dir='ltr'>a</span> <span class='ocrx_word' id='word_1_265' title='bbox 1094 4188 1157 4251; x_wconf 91' lang='lat' dir='ltr'>qua</span> <span class='ocrx_word' id='word_1_266' title='bbox 1180 4168 1294 4252; x_wconf 91' lang='lat' dir='ltr'>aliquis</span> <span class='ocrx_word' id='word_1_267' title='bbox 1317 4167 1461 4233; x_wconf 89' lang='lat' dir='ltr'>transfe-</span> 
     </span>
     <span class='ocr_line' id='line_1_33' title="bbox 283 4290 1462 4378; baseline 0 -21"><span class='ocrx_word' id='word_1_268' title='bbox 283 4291 403 4357; x_wconf 90' lang='lat' dir='ltr'>rendus</span> <span class='ocrx_word' id='word_1_269' title='bbox 419 4291 490 4365; x_wconf 87' lang='lat' dir='ltr'>erit,</span> <span class='ocrx_word' id='word_1_270' title='bbox 508 4295 632 4376; x_wconf 86' lang='lat' dir='ltr'>spectat</span> <span class='ocrx_word' id='word_1_271' title='bbox 646 4290 687 4356; x_wconf 87' lang='lat' dir='ltr'>ad</span> <span class='ocrx_word' id='word_1_272' title='bbox 711 4292 1006 4378; x_wconf 90' lang='lat' dir='ltr'>Metropolitanum,</span> <span class='ocrx_word' id='word_1_273' title='bbox 1023 4294 1049 4357; x_wconf 93' lang='lat' dir='ltr'>si</span> <span class='ocrx_word' id='word_1_274' title='bbox 1070 4312 1210 4378; x_wconf 90' lang='lat' dir='ltr'>persona</span> <span class='ocrx_word' id='word_1_275' title='bbox 1228 4290 1462 4358; x_wconf 88' lang='lat' dir='ltr'>transferenda</span> 
     </span>
     <span class='ocr_line' id='line_1_34' title="bbox 281 4417 1461 4504; baseline 0 -21"><span class='ocrx_word' id='word_1_276' title='bbox 281 4418 325 4485; x_wconf 88' lang='lat' dir='ltr'>sit</span> <span class='ocrx_word' id='word_1_277' title='bbox 346 4418 533 4503; x_wconf 88' lang='lat' dir='ltr'>Episcopus,</span> <span class='ocrx_word' id='word_1_278' title='bbox 551 4418 577 4481; x_wconf 87' lang='lat' dir='ltr'>si</span> <span class='ocrx_word' id='word_1_279' title='bbox 593 4436 673 4482; x_wconf 91' lang='lat' dir='ltr'>vero</span> <span class='ocrx_word' id='word_1_280' title='bbox 692 4422 741 4483; x_wconf 88' lang='lat' dir='ltr'>ast</span> <span class='ocrx_word' id='word_1_281' title='bbox 764 4418 1042 4504; x_wconf 84' lang='lat' dir='ltr'>Metropolitanus,</span> <span class='ocrx_word' id='word_1_282' title='bbox 1058 4422 1184 4503; x_wconf 91' lang='lat' dir='ltr'>spectat</span> <span class='ocrx_word' id='word_1_283' title='bbox 1197 4417 1239 4483; x_wconf 89' lang='lat' dir='ltr'>ad</span> <span class='ocrx_word' id='word_1_284' title='bbox 1262 4418 1461 4504; x_wconf 90' lang='lat' dir='ltr'>Episcopum</span> 
     </span>
    </p>
   </div>
   <div class='ocr_carea' id='block_1_6' title="bbox 0 0 1650 5109">
    <p class='ocr_par' dir='ltr' id='par_1_7' title="bbox 0 0 1650 5109">
     <span class='ocr_line' id='line_1_35' title="bbox 0 0 1650 5109; baseline 0 7"><span class='ocrx_word' id='word_1_285' title='bbox 0 0 1650 5109; x_wconf 95' lang='lat' dir='ltr'> </span> 
     </span>
    </p>
   </div>
  </div>
 </body>
</html>
