3292 5109
298 289 367 357 272
828 306 912 352 rans
936 305 973 350 ιι.

299 433 428 502 Exinde
451 436 537 499 omni
560 434 766 499 distinctione
790 452 808 497 e
832 432 937 497 medio
961 430 1088 497 sublata
1111 451 1176 496 non
1199 437 1268 495 tres
1291 427 1489 497 cardinales

298 564 424 625 tantum
446 556 502 624 sed
525 559 636 643 plures
651 558 728 623 huic
745 557 845 642 (long.
861 556 1106 631 adscribuntur;
1131 561 1164 621 et
1188 556 1272 622 haec
1295 574 1401 639 neque
1421 554 1489 620 Ge-

299 684 422 749 neralis
445 702 549 767 neque
574 682 786 748 Particularis
811 701 928 746 nomen
953 682 1047 767 gerit.

390 810 465 877 224.
492 808 577 874 Huic
602 809 851 895 Congregationi
869 807 987 873 Curiae
1008 808 1099 871 Rom.
1125 806 1297 871 Praelatus
1320 802 1489 869 addicitur

300 932 347 997 uti
378 930 596 1004 Secretarins‚
621 929 769 1013 idemque
802 949 845 994 ex
872 929 1044 995 canonicis
1075 927 1186 994 Sancti
1217 928 1309 991 Petri
1340 924 1483 1011 eligitur.

303 1054 466 1122 Officialas
489 1076 569 1120 vero
592 1054 688 1120 huius
712 1053 982 1140 congregationis
1003 1073 1064 1139 pro
1088 1052 1185 1117 rebus
1216 1050 1487 1116 administrativis

302 1178 489 1245 dividuntur
510 1180 544 1244 in
573 1180 718 1245 diversas
748 1180 909 1245 sectiones
936 1178 977 1243 ob
1000 1177 1164 1243 diversam
1194 1178 1400 1261 negotiorum
1423 1194 1486 1239 na-

299 1310 417 1370 turam.
442 1304 543 1370 Adest
567 1305 751 1371 Secretaria
767 1304 1000 1370 Ecclesiastica
1019 1322 1078 1388 pro
1101 1302 1240 1389 negotiis
1263 1298 1486 1386 spiritualibus

302 1424 520 1511 expediendis,
545 1426 619 1491 dein
643 1425 783 1491 habetur
806 1426 914 1492 Sectio
935 1422 1220 1489 Adminhtrativa
1244 1424 1296 1487 cui
1319 1422 1488 1507 pertinent

301 1546 376 1610 laici
411 1566 470 1631 pro
502 1546 678 1612 rationibus
713 1546 885 1611 reddendis
919 1564 1137 1631 expensarum
1164 1546 1198 1609 in
1223 1544 1381 1610 Basilicae
1412 1563 1486 1608 ser-

301 1644 416 1734 vitium
440 1674 473 1735 et
495 1670 773 1736 conservationem
797 1669 970 1734 factarum.
994 1669 1146 1752 Sequitur
1162 1667 1270 1735 Sectio
1286 1666 1424 1753 Lepalis
1443 1664 1486 1730 ad
1510 1742 1513 1746 .

304 1792 488 1859 enodandas
518 1790 671 1881 suffragio
703 1795 883 1860 consultivo
913 1794 1117 1878 quaestiones
1139 1792 1263 1878 legales
1294 1797 1427 1857 excitas
1451 1793 1487 1855 in

303 1920 582 1987 administratione
611 1921 769 1987 bonorum
800 1926 834 1987 et
863 1923 1053 2006 praesertim
1078 1922 1112 1983 in
1135 1919 1327 1985 executione
1357 1919 1488 2004 piarum

302 2048 517 2113 voluntatum.
534 2047 678 2130 Denique
694 2046 785 2112 adest
801 2047 897 2112 etiam
915 2027 1028 2113 Sectio
1041 2045 1192 2111 technica
1206 2044 1488 2130 comprehendens

304 2175 475 2259 magistros
499 2191 633 2258 operum
657 2173 839 2247 muralium,
856 2192 914 2238 seu
929 2172 1137 2237 architectos.
1163 2172 1248 2236 Huic
1263 2171 1399 2236 sectioni
1415 2190 1489 2256 per-

304 2297 386 2362 tinet
409 2293 539 2361 celebre
557 2294 676 2364 Studz'o
700 2297 754 2363 dcl
770 2296 926 2363 Mosaico
942 2316 963 2361 a
978 2297 1070 2363 Sixto
1085 2296 1119 2362 V
1139 2296 1319 2361 institutum
1334 2294 1376 2359 ad
1392 2314 1487 2359 exor-

305 2416 444 2482 nandam
475 2418 646 2483 Basilicam
678 2418 789 2484 Sancti
825 2419 933 2500 Petri,
957 2438 1020 2503 quo
1050 2437 1094 2483 ex
1125 2417 1229 2483 studio
1259 2420 1432 2483 innumera
1454 2419 1489 2479 et

305 2544 401 2629 plane
425 2544 507 2607 mira
529 2544 563 2608 in
587 2546 773 2609 universum
802 2544 914 2610 orbem
938 2544 1033 2609 huius
1056 2545 1137 2610 artis
1160 2564 1261 2630 opera
1283 2543 1484 2629 prodierunt.

395 2668 470 2733 225.
489 2668 531 2732 Ut
543 2687 687 2753 congrue
703 2668 846 2733 dicamus
860 2668 899 2732 de
912 2669 1127 2753 competentia
1139 2668 1234 2733 huius
1245 2668 1344 2754 (long.
1359 2672 1489 2754 oportet

306 2792 455 2856 recolere
479 2812 560 2874 quae
583 2791 644 2857 fuit
669 2792 846 2875 antiquitus
872 2793 1088 2877 competentia
1112 2791 1380 2878 Congregationis
1405 2793 1485 2857 Rev.

228 2958 231 2965 -
306 2912 463 2979 Fabricae
486 2934 581 2997 quam
605 2916 650 2978 ita
672 2914 826 2979 describit
848 2914 888 2979 cl.
913 2915 959 2979 De
979 2915 1077 2987 Luca,
1102 2932 1156 2997 op.
1180 2914 1234 2980 cit.
1257 2915 1295 2980 in
1317 2914 1407 2981 Diae.
1424 2914 1483 2989 20,

306 3058 341 3103 n.
358 3038 382 3104 6
396 3058 445 3124 sq.
466 3038 620 3106 «Primo
636 3060 751 3125 nempe
767 3042 857 3105 circa
879 3041 999 3106 dictum
1017 3039 1144 3126 (munus
1159 3041 1323 3127 versatur)
1347 3060 1488 3124 exequu-

306 3167 386 3229 toris
410 3170 442 3229 et
465 3167 625 3231 curatoris
649 3166 888 3252 dispositionum
905 3188 988 3251 quae
1004 3168 1043 3232 ad
1069 3169 1137 3253 pias
1152 3188 1268 3232 causas
1289 3166 1398 3233 factae
1421 3166 1488 3230 fue

307 3293 384 3353 runt
407 3293 442 3353 ut
457 3309 548 3353 suum
572 3290 749 3355 sortiantur
773 3286 932 3365 effectum,
958 3290 1083 3355 fructus
1106 3289 1261 3355 decursos
1283 3288 1486 3376 applicando,

307 3416 344 3477 ut
366 3410 450 3475 istud
474 3410 631 3475 Fabricae
655 3430 743 3495 opus.
760 3410 833 3476 loco
856 3412 988 3475 illarum
1011 3430 1145 3495 operum
1169 3410 1222 3475 vel
1246 3406 1488 3497 suffragiorum,

308 3556 390 3621 quae
413 3534 484 3600 fieri
511 3534 754 3633 debebant‚·eq
778 3537 998 3602 Ecclesiastici
1027 3536 1172 3603 thesauri
1203 3536 1301 3622 plena
1328 3541 1490 3621 potestate

309 3656 483 3741 apostolica
514 3657 674 3723 succedat.
701 3656 874 3733 Secundo,
898 3664 934 3723 ut
957 3658 1068 3743 exigat
1097 3658 1220 3741 sibique
1251 3656 1393 3742 applicet
1419 3657 1491 3741 pias

309 3780 532 3865 dispositiones
556 3781 699 3847 incertas
730 3782 798 3846 sive
821 3780 862 3846 ad
885 3782 1012 3848 incerta
1034 3783 1087 3867 pia
1109 3801 1209 3867 opera
1231 3782 1345 3846 factas.
1375 3779 1489 3845 Tertio

309 3905 344 3967 ut
367 3902 491 3986 pariter
514 3901 634 3987 exigat,
660 3900 719 3965 sibi
743 3903 883 3987 applicet
905 3902 962 3967 illa
984 3903 1093 3987 legata
1120 3922 1202 3987 quae
1227 3902 1315 3968 facta
1341 3904 1407 3969 sint
1429 3920 1491 3987 pro

310 4032 400 4093 certo
431 4046 530 4111 opere
561 4026 724 4092 individuo
752 4048 811 4112 pro
843 4048 906 4113 quo
928 4028 1014 4094 bona
1035 4029 1153 4093 relicta
1174 4049 1238 4093 non
1262 4028 1491 4095 sufficiantne

310 4154 390 4219 allas
414 4174 485 4219 cum
510 4152 649 4219 indebito
673 4152 825 4220 haeredis
856 4154 949 4218 lucro
976 4154 1061 4239 apud
1084 4174 1157 4219 eum
1180 4156 1264 4221 bona
1287 4159 1490 4222 remaneant.

310 4280 353 4345 Et
375 4284 498 4365 quarto
523 4279 606 4364 quod
630 4278 684 4344 ubi
711 4280 879 4345 Ecclesiae
903 4300 961 4344 seu
984 4280 1056 4345 loca
1078 4285 1133 4345 aut
1163 4301 1323 4366 personae
1354 4301 1492 4365 quarum

310 4404 425 4470 favore
448 4404 610 4489 dispositio
634 4404 722 4470 facta
745 4404 786 4468 sit
801 4422 845 4469 ex
860 4404 1005 4469 instituto
1028 4405 1199 4487 incapaces
1218 4405 1369 4486 existant,
1386 4408 1422 4470 ut
1438 4424 1491 4470 ex.
