3292 5109
832 609 945 678 Gneur
965 608 1026 676 III.

391 822 436 879 DE
455 822 657 879 TRIBUNALI
678 821 858 879 GAMERAE
878 823 1128 880 APOSTOLIGAE
1152 825 1197 880 E’l'
1217 824 1263 880 DE
1282 824 1474 881 AUDl'l'ORE

744 928 906 984 EIUSDEM
929 928 1118 985 GAMERAE.

343 1138 559 1197 summarium.
583 1170 619 1183 -
642 1142 685 1198 81.
705 1142 841 1197 Tribunal
868 1142 973 1197 Plenas
993 1142 1127 1197 Gamerae
1151 1148 1262 1197 constat
1280 1159 1315 1198 ex
1333 1143 1451 1199 clericis
1468 1142 1527 1197 Ga·

432 1267 533 1305 merae.
553 1280 586 1291 -
606 1250 648 1304 82.
668 1250 719 1305 Est
737 1249 861 1305 tribunal
881 1251 993 1321 proprie
1010 1250 1190 1305 ordinarium.
1209 1278 1248 1293 -
1265 1250 1309 1306 83.
1329 1250 1415 1305 Plura
1432 1250 1528 1304 officia

432 1352 478 1407 vsl
497 1352 663 1423 gravissima
684 1370 755 1424 qliae
774 1352 893 1407 Glericls
911 1353 1045 1409 Gamerae
1071 1354 1278 1421 attribuuntur,
1296 1369 1424 1425 quasque
1448 1352 1528 1407 ordi·

433 1458 512 1511 naria
532 1462 562 1513 st
579 1458 706 1512 seiuncta
724 1475 741 1511 a
760 1456 879 1512 Gamera
902 1458 1077 1513 constituunt
1103 1458 1264 1513 tribunalia.
1283 1488 1317 1501 -
1336 1457 1379 1513 84.
1399 1458 1439 1514 De
1459 1473 1528 1529 pro·

433 1564 547 1617 cedendi
565 1564 683 1618 ratione.
700 1592 738 1606 -
755 1564 798 1619 85.
811 1563 931 1618 Auditor
950 1564 1083 1619 Gamerae
1095 1565 1193 1635 Apost.
1205 1570 1249 1619 est
1266 1564 1349 1621 iudex
1367 1564 1529 1620 ordinarius

433 1688 468 1727 ex
481 1672 540 1727 iure
554 1670 692 1725 communi
705 1672 733 1725 in
747 1652 906 1725 universam
916 1671 1079 1726 Ecclesiam.
1097 1700 1135 1714 -
1152 1672 1195 1727 86.
1210 1671 1250 1727 lle
1262 1672 1324 1728 eius
1337 1645 1528 1727 tribunali..-

434 1779 476 1833 87.
497 1778 564 1832 Eius
583 1778 778 1848 competentia.
798 1808 833 1821 ··
851 1778 895 1832 88.
915 1778 981 1831 Eius
1000 1780 1165 1848 procedendi
1184 1781 1265 1836 ratio.

435 2009 487 2073 81.
513 2006 691 2075 Gerdiualis
714 2007 939 2089 Camerarius,
964 2010 1132 2075 Ecclesiae
1156 2030 1311 2076 romanae
1333 2012 1532 2096 patrimonio

345 2130 597 2197 adrninietrando
614 2132 659 2217 (l)
675 2134 887 2217 praepositus,
902 2134 999 2202 etiam
1015 2138 1125 2218 partes
1138 2134 1250 2199 iudicis
1266 2133 1375 2199 debuit
1391 2134 1531 2219 explere

346 2256 491 2344 pluribus
521 2260 554 2321 iu
584 2259 721 2343 negotiis
752 2259 961 2324 contentiosis
990 2258 1077 2324 hanc
1106 2279 1176 2325 rem
1207 2258 1446 2345 spectantibus3
1471 2258 1529 2325 scd

346 2399 462 2444 munus
484 2385 551 2447 tum
575 2380 816 2445 administrandi
840 2386 909 2448 tum
932 2381 1093 2447 iudicandi
1111 2382 1145 2446 in
1162 2382 1352 2447 immensum
1377 2383 1531 2447 excrevit

346 2506 473 2591 quando
496 2506 578 2571 aliae
601 2506 759 2591 plurimae
780 2507 986 2591 quaestiones
1002 2528 1067 2572 non
1083 2505 1292 2593 pecuniariae
1308 2507 1365 2573 sed
1380 2509 1529 2592 regimen

347 2631 600 2697 ecclesiasticum
635 2633 846 2717 respicientes
881 2634 949 2699 eius
983 2633 1136 2698 tribunali
1172 2632 1347 2699 attributae
1381 2632 1527 2699 fuerunt.

439 2897 478 2968 (Ι)
498 2894 610 2967 Sylvius
629 2896 843 2963 Piccolominus,
856 2901 952 2967 postea
971 2898 1100 2953 Pontifex
1120 2898 1231 2952 nomine
1248 2897 1292 2951 Pii
1305 2897 1376 2964 ll,in
1394 2898 1530 2968 apolopia

349 3004 387 3058 ad
405 3004 438 3057 D.
451 3004 606 3057 Martinam
618 3004 726 3071 Mayer,
741 3002 781 3056 ait
799 3003 834 3058 de
852 3004 943 3058 officio
962 3003 1113 3059 Gamerarii
1133 3022 1195 3059 esse
1212 3004 1410 3061 «Patansana
1426 3006 1530 3061 Eccle-

349 3113 408 3167 siae
426 3128 524 3191 curam
543 3125 649 3180 gerere,
667 3114 697 3165 et
714 3127 810 3165 omnes
829 3109 917 3166 Urbis
935 3110 1151 3181 Magistratuum
1170 3118 1251 3167 actus
1267 3114 1414 3183 inspicere,
1433 3115 1530 3183 provi-

350 3216 469 3286 derequs
481 3232 516 3269 ne
529 3214 594 3285 quid
613 3214 782 3285 Respublica
799 3215 960 3270 detrimenti
978 3215 1109 3285 patiatur,
1125 3216 1280 3286 armigeros
1299 3215 1441 3273 Ecclesiae
1454 3217 1529 3271 tueri

350 3326 381 3378 et
398 3320 465 3378 belli
484 3338 582 3375 causas
605 3324 739 3389 tractare,
757 3321 875 3391 pacique
898 3320 1045 3376 consulere
1063 3326 1092 3376 et
1110 3323 1158 3392 qui
1177 3322 1256 3377 nervi
1282 3322 1466 3391 Reipublicae
1483 3321 1530 3377 di-

351 3432 461 3494 cuntur,
473 3427 652 3496 pecuniarum
665 3426 767 3483 habere
780 3444 875 3495 curam
887 3442 913 3485 a.
933 3427 992 3483 Hac
1010 3428 1044 3482 de
1057 3444 1088 3483 re
1101 3428 1210 3483 consuli
1223 3434 1339 3498 possunt
1351 3457 1366 3471 -
1376 3427 1506 3485 Vestrius
1515 3458 1530 3471 -

350 3534 565 3591 lurisconsultus
586 3534 840 3590 Forocorneliensis
858 3535 887 3589 in
906 3535 1010 3590 celebri
1023 3550 1108 3605 opere
1120 3564 1155 3579 -
1169 3536 1298 3591 Practica
1316 3538 1347 3590 ia
1362 3536 1464 3592 Cariae
1482 3553 1531 3590 ro·
1626 3543 1628 3548 ’

351 3658 450 3696 manaa
462 3644 606 3696 actionem.
620 3669 654 3682 -
667 3640 767 3707 Marte,
786 3641 934 3695 Tractatio
945 3643 981 3696 de
993 3642 1183 3697 tribunalibus
1195 3644 1276 3697 urbis
1294 3654 1322 3698 et
1336 3660 1434 3697 eoram
1442 3660 1533 3714 prae-

350 3750 531 3805 sumtionibus.
555 3777 592 3791 -
615 3748 695 3802 Gard.
720 3749 818 3815 Petra,
843 3752 873 3802 in
898 3752 1106 3804 commentariis
1130 3754 1168 3805 ad
1193 3752 1313 3804 Bullam
1338 3750 1461 3823 Eaasnii
1486 3753 1506 3805 1
1511 3752 1537 3801 V

352 3883 366 3897 ·
386 3855 464 3909 later
483 3864 594 3909 caetera
611 3883 633 3922 ·‚
654 3859 721 3909 tom.
742 3852 786 3908 lV.
807 3884 841 3897 -
860 3854 1053 3925 Ridolphinus,
1077 3871 1123 3926 op.
1142 3859 1186 3911 cit.
1206 3885 1241 3898 -
1260 3856 1404 3911 baltassar
1421 3856 1532 3926 Gomes,

351 3964 382 4015 in
400 3960 611 4021 Commentariis
629 3962 667 4014 ad
685 3970 769 4015 const.
790 3960 865 4014 Gam.
881 3963 987 4031 Apum,
1005 3960 1072 4015 edit.
1092 3959 1216 4028 Parisiis,
1232 3962 1308 4017 1546.
1322 3991 1357 4006 -
1373 3960 1534 4033 Alpheusus

352 4066 449 4133 Zottm'
462 4069 492 4121 in
513 4066 724 4121 Commentariis
741 4071 779 4122 ad
797 4077 882 4122 cona.
904 4068 977 4122 Cam.
998 4069 1102 4139 Apost,
1126 4066 1191 4122 edit.
1211 4068 1317 4123 Romae
1340 4067 1416 4123 1846.
1435 4096 1471 4109 -
1489 4067 1533 4121 Si·

353 4172 515 4243 sismundus
539 4171 661 4238 Smecia,
685 4172 727 4226 De
751 4172 873 4226 iudiciis.
899 4200 934 4213 -
957 4169 1109 4237 Gohellius,
1133 4170 1242 4226 Notitia
1270 4172 1476 4226 Gardiaalctus.
1497 4199 1532 4213 ·-

355 4275 458 4344 Vitale,
475 4279 612 4332 Mentoris
631 4280 750 4332 rtomcba
768 4280 816 4331 dei
839 4279 981 4331 Tesorisri
1000 4276 1135 4333 Generali
1152 4278 1289 4349 Pontifici.
1309 4304 1344 4319 -
1364 4277 1484 4346 Momm,
1503 4280 1534 4332 in

355 4383 518 4437 dictionario
536 4384 594 4436 iam
612 4384 665 4447 cit,
683 4382 759 4438 edito
779 4382 912 4437 venetiis.
931 4410 966 4423 -
985 4381 1140 4449 Lunador0,
1159 4399 1245 4454 opera
1264 4385 1321 4437 iam
1340 4386 1430 4438 citato.
