3292 5109
463 292 507 339 na
531 289 671 337 runicus
695 287 961 336 nccnnsrnsrrcrs
1256 268 1301 335 89

136 412 170 475 ad
191 417 312 477 rectum
336 412 528 476 exercitium
552 412 708 493 cuiusque
737 411 882 474 muneris
912 407 1058 493 publicae
1089 406 1300 474 auctoritatis.

137 535 215 601 Unde
237 535 278 599 ab
299 536 361 601 hac
383 534 509 620 epocha
533 533 627 619 plura
650 530 826 598 tribunalia
848 530 966 597 abolita
997 536 1072 595 sunt
1095 537 1128 596 et
1149 532 1302 597 universa

135 660 162 720 in
182 662 263 722 statu
291 656 378 721 civili
401 655 626 721 reformationi
653 655 794 720 obnoxia
825 652 960 720 fuerunt
989 654 1080 719 iuxta
1110 654 1301 739 principium

135 780 215 845 modo
241 782 447 867 explicatum.
1169 856 1174 865 ¹

212 910 256 973 At
268 907 302 971 in
317 906 464 971 Ecclesia
476 925 531 970 res
542 902 649 970 adhuc
663 906 694 969 in
708 924 745 968 eo
761 908 848 968 statu
860 908 1058 988 perseverat,
1067 903 1143 985 quia
1153 900 1303 985 Spiritus

136 1034 270 1101 Sanctus
289 1033 404 1117 posuit
420 1033 606 1115 Episcopos
628 1050 748 1117 repere
764 1029 951 1096 Ecclesiam
971 1028 1043 1103 Dei,
1069 1028 1129 1093 llle
1150 1026 1234 1093 idem
1248 1027 1301 1111 qai

134 1159 262 1223 consulit
278 1163 312 1225 et
333 1160 488 1243 praestat,
502 1160 536 1221 01
559 1160 649 1221 tanta
665 1159 805 1241 potestas
828 1175 893 1219 non
917 1157 951 1219 in
972 1152 1222 1221 destructionem
1245 1150 1301 1217 sed

134 1285 162 1347 in
183 1280 435 1349 aedificationem
466 1279 569 1347 cedat.
598 1280 708 1355 Quare
741 1279 890 1365 Episcopi
923 1284 997 1344 sunt
1026 1285 1060 1343 et
1084 1298 1183 1362 nsque
1207 1281 1304 1342 erunt

135 1406 244 1483 iudices
262 1406 417 1470 ordinarii
436 1425 512 1471 suae
528 1403 693 1485 dioecesis,
710 1410 909 1487 exequentes
923 1402 1013 1488 leges
1030 1402 1110 1467 iuris
1126 1400 1303 1467 communis

134 1538 161 1595 et
181 1531 338 1616 speciales
361 1552 381 1595 a
404 1550 439 1597 00
462 1532 553 1597 latas.

212 1658 266 1723 90.
291 1657 409 1722 Mirum
435 1660 484 1721 est
506 1660 626 1739 quanta
657 1654 873 1721 sollicitudine
897 1651 1070 1719 Pontifices
1093 1671 1193 1735 usque
1217 1653 1304 1719 incu-

135 1780 254 1847 buerint
276 1782 308 1845 in
334 1780 597 1847 reformationem
620 1778 839 1849 tribunalium,
863 1780 939 1861 quin
962 1783 1069 1844 tamen
1097 1775 1304 1861 indulgerent

135 1904 291 1988 systemati
316 1902 410 1967 modo
437 1904 626 1975 enunciata,
652 1901 777 1966 scilicet
811 1900 972 1966 dividendi
1002 1901 1193 1965 exercitium
1217 1904 1304 1985 pote

135 2028 216 2091 statis
244 2025 444 2111 legislativae
474 2032 530 2091 ant
560 2025 837 2091 administrativae
861 2044 882 2089 a
905 2022 1063 2099 iudiciali;
1087 2024 1119 2087 in
1143 2022 1175 2086 id
1198 2026 1304 2088 autem

134 2148 237 2213 sedulo
253 2148 465 2220 intendentes,
483 2166 524 2211 ne
545 2146 584 2212 ob
600 2147 836 2213 multitudinem
861 2146 1068 2212 tribunalium
1087 2147 1183 2213 nimis
1205 2147 1303 2233 impli·

135 2280 258 2339 caretur
291 2274 541 2356 uniuscuiusque
576 2271 688 2338 iudicis
723 2274 956 2358 competentia;
988 2284 1021 2337 et
1048 2292 1089 2336 ne
1113 2271 1152 2337 ob
1175 2273 1305 2339 facilem

134 2402 297 2483 optionem,
311 2420 393 2485 quae
417 2398 553 2464 dabatur
583 2398 793 2483 litigantibus,
821 2400 907 2463 inter
929 2399 1039 2484 plures
1069 2399 1191 2465 iudices
1221 2420 1304 2465 com·

135 2530 291 2606 petentes,
315 2542 398 2588 unus
420 2520 518 2587 index
541 2520 637 2587 alteri
660 2527 919 2607 praeponeretur
942 2522 983 2586 ad
1009 2528 1134 2587 rectum
1166 2523 1304 2587 iustitiae

136 2664 257 2709 cursum
272 2642 543 2730 praepediendum
561 2640 617 2729 (1).
644 2678 662 2693 -
687 2644 726 2709 In
743 2646 836 2709 curia
853 2644 994 2709 maxime
1017 2651 1237 2711 excreverunt
1251 2646 1305 2710 tri-

135 2766 256 2833 bunalia
286 2768 344 2834 sub
376 2768 506 2834 saeculo
530 2767 780 2854 decimoquarto,
802 2773 968 2855 postquam
994 2771 1128 2835 Romam
1159 2768 1199 2834 ab
1223 2769 1304 2835 Ave

135 2892 225 2955 nione
247 2894 394 2959 restituta
416 2892 510 2965 Sede,
531 2912 596 2957 una
623 2907 697 2957 cum
721 2892 951 2959 ecclesiasticis
974 2891 1086 2958 officiis
1109 2913 1305 2979 magnopere

137 3013 235 3079 evolvi
250 3020 283 3081 et
305 3014 456 3099 distingui
472 3019 651 3099 coeperunt
667 3017 777 3080 munia
792 3016 911 3087 civilia,
928 3021 961 3080 et
976 3016 1053 3080 hinc
1068 3015 1189 3081 iudices
1205 3016 1307 3082 01101-

138 3136 265 3205 bunalia.
283 3174 301 3189 -
318 3141 530 3226 Explicantes
554 3138 657 3205 Rotae
680 3145 713 3205 et
734 3142 891 3206 Gamerae
906 3128 1019 3226 apost.
1036 3140 1304 3214 constitutionem,

138 3265 298 3349 innuimus,
315 3267 502 3334 eorumdem
525 3274 720 3355 postremam
745 3268 981 3333 ordinationem
997 3268 1037 3332 ad
1060 3268 1143 3333 haec
1159 3274 1306 3353 tempora

138 3390 259 3458 referri.
283 3393 333 3458 Ab
356 3394 419 3460 hac
443 3394 568 3481 epocha
589 3391 776 3459 Pontificiae
793 3395 1041 3460 Constitutiones
1064 3396 1306 3460 incontinenter

138 3514 194 3580 sibi
214 3519 387 3585 succedunt
409 3519 450 3585 ad
474 3518 650 3585 curandam
673 3520 882 3585 tribunalium
906 3519 1179 3584 reformationem.

219 3764 256 3833 (l)
275 3766 305 3819 ln
325 3767 451 3836 pluribus
479 3766 549 3822 10010
577 3766 658 3820 card.
688 3766 726 3821 De
748 3768 837 3833 Luca,
861 3786 904 3836 op.
925 3771 979 3832 cit,
1003 3772 1082 3820 notat
1110 3766 1161 3821 hoc
1186 3768 1307 3821 studium

138 3869 241 3923 omnino
259 3871 407 3941 peculiare,
426 3872 565 3927 insuetum
586 3870 615 3926 in
634 3872 697 3925 aliie
721 3873 901 3941 principibus,
911 3872 983 3941 quod
1007 3873 1140 3926 fovebant
1158 3871 1308 3926 Pontifices

139 3969 166 4023 in
184 3974 400 4030 reformationem
427 3976 529 4041 curiae,
549 3992 603 4031 non
631 3982 741 4031 tantum
768 3976 948 4047 repetendum
968 3993 1028 4030 esse
1046 3978 1081 4029 ab
1101 3977 1186 4029 animi
1206 3977 1309 4032 eximia

141 4080 268 4144 probitate
285 4082 333 4138 sed
349 4083 470 4141 maxime
482 4084 518 4136 ab
531 4081 707 4151 experientia
719 4083 771 4136 sibi
786 4087 948 4152 comparata
961 4090 1154 4151 percurrentes
1166 4085 1308 4139 universos

141 4184 194 4241 fere
208 4188 306 4256 gradus
325 4190 419 4243 curiae
439 4160 531 4259 osque¹
544 4188 578 4243 ad
596 4190 742 4260 fastigium
761 4190 883 4257 supremi
903 4189 1095 4242 Pontificatus.
1115 4189 1146 4243 ln
1168 4188 1219 4244 hoc
1241 4206 1308 4244 sana

143 4304 260 4349 romanae
280 4294 357 4351 Sedis
382 4296 545 4349 constitutio
567 4297 656 4350 amice
681 4296 814 4349 conciliat
839 4294 977 4348 utilitates
1001 4312 1019 4348 a
1044 4296 1168 4365 principe
1190 4298 1307 4350 electiva

144 4400 322 4462 provenientes
341 4418 404 4457 cum
422 4404 573 4457 securitate
591 4408 621 4458 et
639 4402 795 4458 stabilitate
815 4403 987 4473 principatus
1004 4388 1183 4457 hereditariis
