3292 5109
318 188 385 252 440
846 208 930 257 raas
955 207 990 254 11.

318 349 503 413 concessas,
517 330 609 415 sacto
624 331 726 399 aerbo
741 352 820 398 cum
834 331 942 399 SStiro
955 353 985 396 a.
1004 330 1217 417 Subsequenti
1231 330 1374 399 Sabbato
1389 332 1443 398 dle
1459 332 1501 399 25

316 456 460 523 eiusdem
489 458 610 523 mensis
632 456 698 523 Leo
721 458 806 524 XIII
837 456 1067 525 resolutionem
1094 458 1253 523 limorum
1278 458 1420 523 Patrnm
1446 457 1501 523 ad-

317 581 477 669 probarit.

408 704 449 768 Vi
469 706 564 771 huius
579 704 709 771 Decreti
725 704 896 773 facultates
920 708 1016 773 etlam
1032 708 1199 793 Episcopis
1223 707 1411 795 delegatae,
1429 712 1501 773 ante

316 831 414 898 huius
436 832 567 899 Decreti
590 832 772 909 editionem,
795 838 971 901 censentur
994 836 1184 899 commissae
1217 833 1422 901 ordinariis
1444 835 1502 905 La:

318 976 448 1038 caturia,
471 959 563 1023 iuxta
584 954 851 1044 significationem
874 959 937 1022 iam
961 956 1156 1043 explicatam
1186 956 1226 1023 ab
1258 958 1331 1043 ipsa
1359 959 1394 1025 S.
1420 956 1500 1025 Gon-
1613 1030 1614 1045 χ

317 1082 518 1167 gregatione.

652 1388 728 1469 §L
752 1386 804 1452 De
835 1384 961 1451 Vicart'i
986 1384 1165 1451 Generalis

412 1518 485 1579 tum
508 1512 719 1597 Episcopalis
741 1518 814 1578 mm
833 1510 1143 1595 Arcbiepiscopalit
1166 1510 1410 1595 competentia.

315 1772 532 1831 summarium.
551 1804 586 1817 -
604 1774 666 1829 337.
685 1774 849 1845 Explicatur
874 1774 972 1843 regula
995 1773 1213 1829 fundamentalis
1238 1792 1295 1845 qua
1322 1780 1499 1831 mensuratur

406 1882 512 1935 Vicarii
531 1879 675 1935 Generalis
693 1880 889 1954 competentia.
908 1908 943 1921 -
961 1878 1022 1933 338.
1042 1878 1146 1951 Inque
1165 1878 1277 1935 differat
1297 1880 1433 1936 vicarius
1450 1882 1500 1937 Ge·

407 1988 510 2044 neralis
528 2005 546 2042 a
565 1988 678 2042 Vicario
695 1987 859 2058 capitulari.
878 2016 915 2029 —
933 1986 993 2041 ³39.
1014 1986 1044 2041 ln
1063 2004 1119 2059 quo
1136 1987 1256 2053 differat,
1275 1988 1332 2043 hae
1351 1988 1388 2044 de
1406 2007 1445 2055 re,
1458 1988 1499 2041 tu-

406 2096 498 2149 carius
517 2094 644 2164 Episcopi
658 2112 676 2147 a
688 2093 801 2149 VicarIo
814 2092 1031 2163 archiepiscopi.
1043 2122 1077 2135 -
1091 2092 1151 2147 340.
1165 2093 1307 2153 Quaedam
1323 2094 1496 2165 explicantur

405 2202 439 2257 da
463 2201 652 2271 competentia
673 2199 779 2254 Vicarii
805 2198 951 2280 Generalis
975 2200 1005 2253 in
1030 2200 1123 2269 specie
1148 2217 1198 2255 seu
1222 2218 1259 2255 aa
1284 2201 1313 2255 ei
1340 2205 1493 2271 competunt

407 2326 508 2363 cauma
525 2309 692 2364 criminales.
706 2338 740 2351 -
752 2307 815 2362 341.
830 2308 986 2377 Exponitur
998 2307 1105 2378 regula,
1117 2325 1174 2361 nou
1191 2308 1258 2361 dari
1275 2310 1493 2379 appellationem

405 2439 423 2475 a
447 2422 557 2474 vicario
577 2418 713 2474 Genea-cti
729 2418 767 2471 ad
786 2417 964 2487 Episcopum,
978 2421 1007 2471 et
1024 2433 1060 2471 an
1079 2420 1109 2471 et
1126 2416 1265 2487 quomodo
1282 2415 1369 2472 detur
1388 2416 1492 2488 suppli·

407 2530 486 2592 catio,
505 2526 622 2596 querela
640 2526 793 2589 nullitatis,
810 2524 948 2578 restitutio
967 2526 996 2576 iu
1014 2526 1155 2593 astaci-um
1175 2523 1309 2577 adversus
1328 2523 1492 2578 sententiam

406 2633 466 2688 Vlc.
480 2632 631 2687 Generalis.
644 2660 681 2673 —
692 2629 754 2685 342.
768 2632 813 2684 Aa
833 2635 961 2684 recusato
980 2628 1115 2699 Episcopo
1134 2628 1175 2683 uti
1194 2634 1335 2699 suspecto,
1349 2634 1495 2684 censeatur

405 2742 550 2807 suspectus
567 2736 652 2790 etiam
671 2736 730 2789 eius
751 2732 810 2788 Vic.
823 2732 982 2794 Generalis:
1003 2736 1032 2787 et
1050 2734 1111 2788 vice
1131 2750 1221 2798 versa,
1234 2750 1269 2786 an
1289 2740 1424 2788 recussto
1441 2732 1495 2787 lie.

405 2845 473 2899 Gan.
491 2842 555 2898 iude
574 2846 718 2912 suspectus
736 2840 873 2895 habeatur
892 2840 977 2894 etiam
999 2838 1160 2909 Episcopus.
1180 2868 1216 2883 -
1234 2838 1296 2893 343.
1317 2838 1422 2895 Coram
1446 2856 1495 2913 quo

404 2950 535 3020 cognosci
546 2949 648 3005 debeat
659 2947 787 3018 exceptio
799 2948 965 3015 suspicionis
977 2946 1108 3001 adversus
1123 2946 1183 3001 Vic.
1196 2946 1366 3002 Generalem
1380 2948 1495 3002 obiecta

405 3087 440 3100 -
459 3056 520 3110 344.
540 3056 667 3110 Vicarius
685 3055 801 3109 duarum
826 3052 982 3108 dioecesum
1001 3053 1029 3106 in
1048 3068 1103 3125 quo
1123 3052 1184 3108 Ioco
1206 3070 1378 3123 cognoscere
1398 3054 1494 3109 debeat

406 3180 512 3219 cauma
528 3192 563 3205 -
581 3162 641 3215 345.
660 3163 705 3215 Au
724 3160 854 3215 vicarias
873 3158 1016 3215 Generalis
1034 3158 1130 3214 valeat
1147 3160 1201 3213 sibi
1221 3159 1287 3213 dare
1307 3160 1496 3215 Substitutnm

405 3287 454 3325 san
473 3268 705 3338 Vicespereatem,
717 3268 823 3336 absque
841 3264 956 3334 speciali
974 3263 1105 3319 mandato
1124 3264 1271 3334 Episcopi3
1289 3268 1320 3319 et
1339 3281 1377 3318 an
1391 3272 1422 3321 et
1434 3281 1498 3338 quo·

406 3373 487 3428 modo
503 3372 598 3427 ualeat
615 3370 668 3425 sibi
688 3371 857 3425 constituere
876 3368 1042 3438 delegatum.
1062 3396 1097 3411 -
1115 3368 1177 3423 346.
1197 3370 1241 3423 An
1261 3375 1290 3424 et
1310 3370 1437 3441 qualiter
1454 3386 1496 3426 re-

405 3478 546 3549 quirentia
569 3476 690 3547 speciale
712 3476 882 3542 mandatum,
901 3476 960 3531 siue
984 3492 1019 3531 eo
1043 3481 1123 3545 gesta
1147 3494 1164 3529 a
1186 3476 1316 3543 Vicario,
1335 3478 1493 3535 retinebere

406 3585 493 3655 possit
512 3582 673 3654 Episcopus.

405 3814 482 3880 337.
506 3814 759 3881 Fundamentum
776 3813 828 3878 cui
847 3813 995 3881 innititur
1011 3810 1083 3878 Via.
1101 3812 1182 3880 Gen.
1200 3818 1430 3900 competentia,
1447 3820 1490 3881 est

317 3941 430 4007 eadem
453 3941 601 4027 Episcopi
625 3938 812 4012 iurisdictio,
837 3957 931 4023 qnam
954 3938 1013 4004 iste
1037 3939 1210 4024 participat
1237 3945 1272 4005 et
1303 3960 1369 4025 qua
1400 3940 1493 4027 pollet

315 4066 349 4131 vi
372 4065 559 4133 vicariatus
582 4064 769 4140 GeneraIIs;
793 4062 868 4129 inde
891 4082 990 4129 unum
1015 4070 1047 4130 et
1070 4062 1154 4129 idem
1178 4070 1228 4130 est
1251 4066 1422 4151 utrInsqne
1443 4068 1492 4131 tti-

316 4190 424 4257 buual.
449 4189 511 4256 Sed
543 4189 616 4275 quia
646 4188 802 4255 dioecesis
830 4186 1010 4254 haberetur
1033 4188 1133 4272 quasi
1154 4194 1353 4255 monstrum
1375 4192 1405 4257 si
1426 4208 1489 4259 tuta

313 4311 501 4398 cademque
516 4312 633 4379 civitas
648 4331 709 4379 seu
723 4311 885 4379 dioecesis
902 4310 1053 4378 diversos
1066 4308 1247 4397 Pontifices
1265 4312 1398 4389 habeat,
1414 4320 1490 4383 tant·
