3292 5109
245 251 314 317 364
768 271 853 319 rans
876 272 913 317 11.

246 396 310 462 Die
331 394 383 461 30
404 396 486 462 Iulii
508 395 602 461 1652
616 415 636 460 e
652 395 912 481 Congregetione
935 397 1083 482 generali
1107 395 1219 463 habita
1240 416 1352 462 coram
1376 396 1444 479 lug

246 520 398 586 nocentia
414 522 447 587 X
463 522 525 587 hoc
541 521 661 606 prodiit
683 520 867 588 decretum:
894 541 911 584 s
931 522 1108 588 Referente
1123 521 1206 586 Eme
1222 518 1316 586 Gard.
1333 518 1426 585 Cesie

246 642 373 707 litteras
403 644 428 707 F
431 664 457 708 r.
483 644 616 709 Antonii
644 664 664 709 a
690 640 724 707 S.
749 642 855 709 Maria
882 642 963 709 Ord.
991 642 1165 707 strictioris
1195 640 1424 707 observantiae

245 763 278 828 S.
304 765 469 830 Francisci
494 770 526 831 et
551 766 717 831 Praefecti
748 764 911 831 Missionis
938 764 1090 830 Sinarnm
1121 762 1255 830 Ordinis
1282 760 1424 826 eiusdem

244 884 417 953 scribentis
440 887 480 953 ab
503 887 616 953 insulis
640 889 842 975 Philippinis,
867 908 939 954 esse
962 886 1004 952 ibi
1027 886 1152 970 aliquos
1175 886 1356 970 Religiosos
1371 882 1424 966 qui

245 1014 516 1099 parvipendentes
546 1014 679 1081 decreta
709 1016 877 1100 praefatae
900 1013 933 1081 S.
958 1011 1227 1097 Congregatronis
1257 1008 1297 1074 de
1325 1010 1423 1095 Prop.

246 1136 324 1203 Fide
355 1158 428 1203 cum
458 1140 598 1204 maximo
629 1140 811 1204 animarum
842 1137 1039 1223 praeiudicio
1070 1138 1229 1221 spargunt
1259 1153 1319 1219 per
1348 1134 1423 1199 illas

245 1267 354 1347 partes
370 1264 582 1331 resolutiones
599 1271 633 1332 et
646 1264 780 1332 decreta
796 1264 964 1349 praefatae
980 1262 1012 1329 S.
1030 1261 1298 1348 congregationis
1312 1260 1425 1325 facere

245 1393 368 1451 tantum
391 1388 573 1473 opinionem
597 1388 812 1474 probabilem,
838 1389 884 1454 uti
914 1408 1030 1474 puram
1053 1393 1086 1452 et
1108 1386 1285 1471 simplicem
1309 1384 1424 1450 Cardi-

245 1516 365 1580 nalium
389 1516 657 1589 declarationem,
682 1516 766 1581 unde
795 1535 889 1601 posse
920 1518 1016 1580 etiam
1047 1515 1248 1579 contrarium
1275 1510 1423 1590 delendi,

245 1640 361 1708 SSriins
385 1643 420 1705 D.
445 1643 483 1706 N.
509 1640 730 1726 (Innocentius
753 1640 798 1725 X)
822 1638 1026 1707 confirmavit
1056 1638 1223 1704 decretum
1246 1659 1271 1703 s.
1296 1658 1338 1703 m.
1364 1637 1421 1702 Ur·

243 1940 362 1995 dioecesi
381 1942 488 2010 digredi
507 1946 537 1996 et
549 1944 578 1997 in
594 1942 650 1996 alia
668 1942 721 1996 eibi
740 1941 833 1996 sedem
852 1941 1022 1995 constituere
1041 1940 1240 2005 desiderarent,
1259 1938 1423 1997 excordina·

245 2045 358 2111 tionem,
377 2062 460 2117 qnam
479 2051 589 2114 vocant,
606 2048 634 2101 id
653 2052 696 2102 est
715 2046 826 2117 plenam
844 2053 874 2102 et
893 2050 1055 2116 perpetuam
1074 2044 1262 2099 dimissionem
1274 2061 1292 2098 a
1304 2060 1354 2098 sno
1374 2043 1424 2096 Or·

242 2151 353 2206 dinario
372 2158 507 2223 peterent;
526 2171 615 2225 eaque
637 2156 724 2210 innixi
745 2156 773 2209 in
798 2154 855 2209 alia
878 2153 998 2208 dioecesi
1024 2153 1273 2207 incardinationem
1297 2169 1347 2207 seu
1372 2151 1423 2207 ad-

244 2258 422 2327 scriptionem
446 2258 636 2328 implorareut:
654 2277 710 2331 qna
728 2262 854 2324 obtenta,
873 2276 908 2314 eu
932 2260 993 2328 ipso
1017 2264 1049 2313 ut
1073 2260 1178 2328 proprii
1202 2259 1267 2313 novi
1293 2259 1422 2328 Episcopi

243 2365 346 2418 subditi
364 2366 399 2418 sd
413 2366 560 2421 ulteriores
578 2367 688 2422 ordines
700 2368 889 2437 suscipiendos
902 2367 1124 2422 admitterentur.
1138 2368 1214 2428 Qirua
1227 2366 1325 2435 agendi
1341 2367 1422 2430 ratio,

244 2473 290 2525 nbi
310 2478 392 2527 caute
411 2474 615 2546 prudenterque
633 2474 759 2529 adhibita
777 2475 840 2541 snit,
858 2476 964 2546 absque
983 2474 1105 2546 querelis
1124 2475 1267 2543 processit,
1285 2473 1333 2528 sed
1351 2488 1423 2528 uen-

244 2578 329 2633 unllls
346 2580 375 2634 in
390 2579 467 2647 locis,
481 2582 527 2636 ubi
541 2580 698 2637 necessaria
716 2582 810 2635 cautio
828 2582 924 2648 deluit,
944 2581 1141 2636 controversiis
1159 2586 1188 2637 et
1200 2582 1333 2635 abusibus
1345 2581 1419 2635 viam

241 2704 441 2757 saepenumero
460 2690 600 2757 patefecit.

332 2798 505 2868 Quapropter
530 2796 591 2852 nni
610 2798 636 2852 S.
656 2797 685 2850 G,
704 2798 822 2852 Concilii
849 2799 956 2865 Patras,
981 2801 1064 2853 rebus
1082 2800 1211 2852 omnibns
1229 2803 1339 2851 mature
1357 2814 1422 2867 per-

243 2902 344 2971 pensis,
363 2902 502 2971 praesenti
521 2903 646 2971 generali
663 2902 778 2957 decreto
797 2902 866 2957 baec
885 2903 1033 2957 statiieuda
1051 2909 1228 2957 censuerunt:

334 3010 361 3063 l⁰
380 3010 633 3064 encardiuatienem
646 3011 706 3065 fieri
721 3028 775 3064 nou
795 3010 881 3065 licere
899 3010 953 3063 nisi
972 3010 1053 3064 iustis
1065 3009 1100 3063 de
1112 3009 1211 3072 causis,
1228 3026 1279 3063 nec
1291 3010 1420 3063 effectum

242 3116 425 3187 undequaque
449 3116 552 3181 sortiri,
580 3116 632 3170 nisi
658 3116 880 3171 incardinatione
903 3116 932 3169 in
958 3116 1016 3169 alia
1039 3116 1160 3170 dioecesi
1186 3116 1344 3170 executioni
1372 3116 1423 3170 de-

242 3223 381 3277 mandata.

330 3333 360 3385 2⁰
379 3332 628 3386 incardinationem
647 3332 801 3387 faciendam
821 3349 881 3387 esse
894 3333 929 3385 ab
943 3331 1080 3402 Episcopo
1097 3348 1154 3385 nou
1172 3336 1311 3398 oretenus,
1324 3332 1372 3388 sed
1389 3333 1418 3386 in

241 3439 362 3509 scriptis,
381 3440 509 3493 absolute
527 3444 557 3493 et
576 3440 604 3493 in
624 3445 798 3509 perpetuum,
817 3440 844 3494 id
863 3444 906 3494 est
924 3439 1010 3493 nullis
1027 3440 1088 3494 sire
1100 3440 1238 3509 expressis
1250 3440 1312 3495 sire
1326 3440 1422 3494 tacitis

240 3540 457 3599 'limitatiouibns
476 3544 637 3611 obnoxiam3
663 3545 704 3598 ita
729 3550 760 3599 ut
784 3544 903 3599 clericus
927 3560 1016 3599 nevae
1041 3544 1161 3598 dioecesi
1179 3560 1291 3614 prorsus
1312 3546 1420 3598 manci·

242 3654 331 3719 petor,
350 3652 485 3720 praestito
504 3650 538 3703 ad
552 3650 603 3704 boc
621 3650 779 3705 iuramento
791 3650 824 3704 ad
839 3651 928 3704 instar
946 3650 1023 3704 illius
1040 3650 1113 3721 quod
1132 3649 1303 3705 Constitutio
1319 3663 1337 3704 4(
1352 3652 1420 3721 Spe·

240 3756 413 3811 celatores»
432 3772 482 3825 pro
500 3757 642 3811 domicilio
660 3756 829 3827 acquirendo
848 3757 1020 3826 praescribit„

330 3861 360 3915 3ο
378 3862 412 3914 ad
431 3861 504 3915 hauc
522 3862 769 3917 incardinationem
788 3862 913 3917 deveniri
932 3879 986 3916 non
1012 3879 1100 3932 posse,
1118 3862 1172 3915 nisi
1198 3862 1275 3931 prins
1292 3879 1328 3916 ex
1347 3860 1421 3931 legi·

241 3968 311 4021 timo
328 3967 494 4022 documento
513 3970 671 4024 constiterit
689 3969 812 4024 alienum
831 3970 965 4024 clericum
984 3987 1001 4022 a
1019 3987 1069 4023 sua
1081 3970 1201 4023 dioecesi
1213 3969 1300 4025 fuisse
1311 3969 1341 4023 in
1355 3984 1420 4038 per-

241 4076 354 4141 petuum
374 4074 524 4140 dimissum,
544 4079 572 4129 et
590 4075 707 4129 obtenta
725 4076 840 4145 insuper
857 4076 963 4130 fuerint
981 4076 1016 4129 ab
1029 4075 1166 4145 Episcopo
1184 4075 1352 4141 dimittente,
1368 4075 1420 4128 snb

240 4182 358 4245 secrato,
377 4179 400 4232 si
419 4194 488 4247 opus
506 4180 551 4245 sit,
570 4179 604 4234 da
623 4179 683 4234 ains
700 4179 852 4241 'natalibus
871 4180 938 4246 vita,
956 4180 1080 4234 moribus
1098 4196 1132 4234 ac
1143 4180 1243 4233 studiis
1261 4185 1419 4250 opportuna

241 4282 408 4337 testimonia.

331 4392 361 4443 40
380 4390 432 4445 bac
452 4392 559 4446 ratione
578 4391 731 4463 adscriptos
749 4408 830 4463 posse
847 4392 958 4465 quidem
977 4392 1011 4446 ad
1029 4393 1140 4448 ordines
1163 4394 1328 4463 promoveri.
1347 4393 1416 4447 Cum
