3292 5109
802 262 887 309 PARS
911 262 948 309 11.

363 389 459 439 votum
472 384 636 439 Consistorii
655 384 765 450 secreti,
784 383 891 453 publici
910 388 939 439 et
956 382 1142 453 semipublici.
1158 410 1196 425 -
1215 381 1274 437 191.
1291 379 1456 435 Differentia

362 488 436 542 inter
449 488 689 543 Beatidcatiouem
709 493 739 542 et
750 488 1005 543 canonizationem.
1024 516 1059 529 -
1080 488 1139 542 loa
1154 486 1193 541 De
1205 485 1307 541 secreti
1319 484 1385 554 lege
1396 500 1456 539 ser-

361 596 451 649 vanda
463 599 498 649 ab
511 594 563 663 his,
574 597 622 667 qui
635 596 707 665 apud
725 596 798 650 hauc
810 596 838 650 S.
851 595 937 664 cong.
951 596 980 649 in
992 593 1036 648 his
1049 594 1159 649 iudiciis
1171 598 1279 664 partem
1291 594 1405 649 habeut
1417 620 1456 636 -

366 701 425 779 193.
445 702 484 758 De
502 702 666 770 advocatis,
686 703 918 758 Procuratom'bus
937 708 966 757 et
991 702 1229 770 Postuletoribus‚
1247 706 1277 758 et
1298 703 1332 757 de
1351 700 1457 757 litteris

363 808 423 864 sive
441 810 691 865 rmnissiosa'alidus
709 810 768 865 sive
787 810 1062 881 compulsoricls'bus.

330 980 332 984 V
365 1004 439 1070 181.
463 1003 510 1069 De
533 1004 628 1072 hisce.
647 1006 762 1087 causis,
786 1024 871 1089 quae
894 1004 1072 1091 respiciunt
1094 1023 1265 1069 servorum
1286 1002 1346 1068 Dei
1369 1002 1456 1070 Bea-

274 1124 479 1191 tificationem
498 1130 531 1191 et
546 1126 740 1194 Sanctorum
757 1128 1049 1201 Canouizationem
1065 1127 1186 1212 aliquid
1204 1128 1343 1192 inuuere
1357 1144 1457 1211 prae·

274 1256 353 1326 stat,
378 1252 450 1317 tum‘
469 1254 545 1337 quia
567 1272 738 1338 processus
769 1253 942 1320 adhibetur
966 1254 1003 1317 >in
1032 1252 1221 1339 rigorosiori
1252 1251 1359 1315 forma
1380 1267 1458 1314 con·

273 1379 421 1451 tenuosa,
441 1384 509 1445 turn
533 1382 608 1464 quia
630 1382 776 1446 locorum
800 1378 968 1449 Ordinarii
999 1381 1033 1445 iu
1056 1379 1177 1445 eisdem
1201 1398 1267 1443 nou
1289 1376 1456 1442 minimam

273 1506 399 1584 partem
422 1500 554 1567 habent.
580 1504 608 1567 A
633 1502 789 1569 decretali
806 1503 988 1568 Alexandri
1006 1504 1055 1567 lll
1072 1501 1277 1568 Audivimus
1293 1536 1311 1549 ·
1330 1500 1379 1567 De
1394 1498 1457 1567 Re·

274 1623 388 1709 liquiis
404 1629 435 1691 et
455 1625 677 1693 Venerotioue
694 1624 901 1693 Sanctorum
917 1662 936 1675 -
953 1628 986 1692 X
1002 1626 1074 1713 (111,
1092 1624 1148 1712 45)
1165 1626 1261 1691 etiam
1284 1645 1456 1690 servorum

274 1750 333 1815 Dei
356 1748 557 1815 Beatificatio
580 1747 695 1815 effecta
719 1757 769 1818 est
791 1771 890 1816 causa
912 1752 1026 1816 maior.
1062 1753 1198 1835 Inquam
1226 1750 1323 1814 etiam
1346 1748 1457 1813 Beati-

273 1868 395 1953 ficatio,
420 1890 495 1936 nam
524 1871 729 1937 Canonizatio
752 1872 784 1935 vi
817 1892 876 1937 sua
906 1873 1083 1959 importans
1109 1876 1320 1957 praeceptum
1350 1868 1458 1935 cultus

273 1998 369 2063 alicui
405 1999 505 2064 Beato
536 1998 577 2065 ab
607 2000 761 2065 universe
793 2001 943 2065 Ecclesia
976 1998 1151 2065 exhibendi
1177 2005 1237 2065 est
1269 1998 1456 2063 necessario

274 2140 380 2187 causa
402 2120 515 2187 maior
537 2142 594 2187 seu
617 2126 767 2207 spectans
796 2124 962 2187 exclusive
985 2123 1169 2190 auctoritati
1194 2122 1321 2208 Papae;
1346 2121 1456 2188 Beati-

273 2244 380 2310 ficatio
396 2266 476 2311 vero
500 2267 582 2317 cum,
607 2267 667 2332 per
690 2266 734 2321 sc,
759 2247 791 2312 id
815 2245 934 2313 efficiat
956 2253 993 2313 ut
1015 2248 1120 2313 cultus
1142 2247 1231 2312 servi
1252 2247 1311 2311 Dei
1333 2247 1367 2310 in
1390 2264 1458 2311 una

274 2375 329 2435 aut
349 2368 495 2454 pluribus
509 2369 716 2435 Dioecesibus
732 2372 837 2436 autin
853 2390 918 2435 uua
933 2372 1103 2457 provincia
1117 2370 1334 2456 permittatur,
1350 2371 1458 2453 potest

274 2492 405 2557 decerni
431 2512 556 2577 quoque
579 2493 619 2559 ab
642 2495 838 2560 auctoritate
861 2495 1106 2581 Episcoporum,
1130 2494 1238 2580 prouti
1260 2492 1382 2559 lactum
1405 2496 1456 2556 est

273 2621 443 2701 autequam
468 2616 644 2685 Pontifices
667 2619 708 2684 ad
731 2639 766 2685 se
782 2640 913 2685 causam
937 2618 1191 2685 Beatificationis
1215 2620 1454 2684 revocaverint.

326 2822 331 2833 Ι
363 2740 437 2807 182.
462 2741 506 2806 At
529 2762 588 2827 pro
612 2742 663 2807 his
687 2745 792 2809 causis
816 2749 927 2809 certus
949 2743 1012 2811 fuit
1034 2742 1267 2809 determinatus
1280 2762 1454 2829 processus

273 2868 313 2933 ab
336 2869 467 2935 Urbano
491 2868 574 2935 Vlll
608 2869 641 2933 in
665 2871 731 2935 suis
754 2870 977 2936 celeberrimis
1008 2870 1149 2936 decretis
1179 2871 1274 2939 editis
1300 2891 1330 2936 a.
1355 2869 1453 2944 1625,

273 2992 469 3060 confirmatis
503 3014 532 3059 a.
559 2994 663 3071 1634,
689 3015 771 3079 quae
802 3016 868 3061 uon
898 2996 1002 3062 solum
1036 2996 1157 3062 cultum
1182 2995 1375 3063 Sanctorum
1397 2994 1455 3060 sed

273 3120 369 3183 etiam
394 3120 616 3204 Reliquiarum
640 3124 673 3185 et
696 3120 878 3206 Imaginum
900 3122 1145 3186 venerationem
1167 3125 1201 3186 et
1222 3120 1454 3184 miraculorum

273 3241 511 3322 evulgationem
534 3241 594 3308 sub
610 3243 768 3328 peculiari
792 3242 962 3329 disciplina
984 3244 1219 3329 sapientissime
1245 3239 1453 3326 redegerunt

273 3366 400 3431 Abusus
424 3368 508 3430 euim
533 3366 760 3453 quamplurimi
788 3369 993 3454 irrepserant
1016 3366 1057 3432 ob
1078 3366 1244 3433 licentiam
1266 3365 1330 3429 hac
1353 3364 1393 3429 de
1417 3382 1455 3428 re

272 3490 416 3554 inolitam
433 3492 466 3555 iu
486 3491 603 3576 populo
627 3492 814 3566 christiano,
833 3493 918 3558 unde
941 3494 1162 3559 necessarium
1185 3492 1247 3557 fuit
1269 3490 1342 3556 illos
1365 3510 1454 3555 com-

272 3632 406 3698 pescere
430 3620 463 3678 et
485 3634 613 3687 arcere,
634 3614 836 3701 prohibendo
858 3635 1077 3700 quoscumque
1100 3620 1193 3681 actus
1215 3614 1323 3680 cultus
1346 3618 1379 3678 et
1401 3632 1456 3677 ve

271 3741 449 3805 uenationis
465 3740 611 3827 publicos
627 3761 691 3806 nou
714 3741 908 3828 adprobatos
924 3742 1056 3810 decreto
1080 3742 1291 3827 competentis
1305 3739 1455 3827 publicae

271 3862 483 3928 auctoritatis.

364 3986 438 4051 183.
455 3986 581 4053 Verum
595 3988 744 4054 Urbanus
756 3989 822 4055 Vll
828 3990 852 4063 1,
865 3989 980 4055 volens
995 3988 1149 4055 radicitus
1165 3987 1348 4053 reformare
1364 3985 1455 4052 disci·

271 4108 390 4193 pliuam
407 4108 512 4174 cultus
526 4108 728 4183 Sanctorum,
742 4112 861 4184 statuit,
880 4110 970 4194 quasi
985 4109 1228 4175 fundamentalc
1248 4109 1452 4195 principium,

272 4234 452 4299 Ecclesiam
476 4236 613 4319 amplius
628 4236 674 4300 uti
695 4237 810 4301 Beatos
827 4241 860 4301 ot
875 4234 1011 4302 Sanctos
1034 4254 1100 4299 nou
1123 4235 1367 4320 recognituram
1390 4232 1453 4297 uisi

272 4374 351 4441 quos
378 4357 447 4442 ipsa
476 4376 536 4443 per
564 4356 734 4424 Pontificis
768 4361 936 4425 oraculum
970 4359 1160 4425 solemniter
1194 4358 1453 4425 denunciaverit.
