3292 5109
301 299 373 365 244
823 317 908 365 raus
932 317 969 363 11.

305 444 444 524 iudicio,
457 442 633 525 conforme
643 448 829 527 repertum,
841 445 981 529 imprimi
996 463 1091 530 posse
1106 448 1140 508 et
1154 442 1272 526 ubique
1284 442 1487 529 promulgari

299 572 521 655 permittitur.
540 607 558 620 -
575 571 702 637 Daturn
716 570 848 638 Rornae
863 591 909 637 eu
923 569 1117 637 &octono
1128 568 1162 634 S.
1178 571 1283 656 Conp.
1296 570 1487 657 Indumen-

308 698 436 763 tiorurn
459 697 514 762 dic
536 698 553 761 1
576 696 731 763 Deoernb.
754 696 856 763 1866,

394 822 454 889 IV.
478 820 675 887 ‹·Sununoli
690 819 841 903 defectus
856 820 1033 887 cuiuslibet
1045 821 1190 908 pennis,
1207 822 1268 907 qui
1282 821 1490 905 irrepserint

302 946 341 1010 in
363 946 531 1013 erectione
557 943 903 1026 Confraternitatum,
929 944 1075 1029 piarum
1103 944 1274 1012 Unionnrn
1297 950 1357 1011 etc.
1381 945 1487 1011 etiarn

302 1072 341 1137 in
364 1092 486 1138 eorum
509 1072 755 1159 aggregatione
777 1071 825 1137 ad
839 1069 1252 1152 Archiconfroternitates,
1275 1069 1483 1145 Primarius,

303 1196 643 1264 Primo-Primariae
658 1204 720 1263 etc.
739 1217 757 1262 r
776 1196 861 1271 Quia
876 1195 1186 1264 confraternitatum
1201 1202 1235 1264 st
1249 1198 1374 1283 piarum
1388 1198 1488 1265 Unio·

303 1337 381 1382 num
406 1319 480 1382 iura
502 1320 702 1403 potissimum
726 1319 906 1384 consistunt
923 1320 957 1381 in
973 1318 1187 1403 indulgentiis
1201 1323 1234 1383 et
1256 1320 1370 1404 gratiis
1393 1321 1487 1405 spiri·

302 1444 442 1510 tualibus
464 1445 630 1511 lucrandis
646 1450 679 1510 et
694 1444 912 1528 acquirendis,
928 1444 1007 1509 hinc
1027 1447 1242 1531 competentia
1263 1446 1358 1511 huius
1382 1448 1487 1532 (long.

302 1590 367 1635 nou
391 1589 457 1635 uno
473 1590 515 1635 ex
531 1572 637 1655 capite
660 1570 702 1636 ad
723 1570 784 1635 has
808 1572 879 1656 pias
900 1572 1071 1637 societates
1093 1592 1129 1636 se
1151 1571 1306 1637 ostendii.
1330 1573 1405 1636 -In
1428 1574 1485 1638 cit.

302 1695 440 1759 articulo
463 1697 582 1760 mentIo
599 1693 635 1761 fit
651 1695 690 1760 de
705 1696 871 1761 erectione
894 1695 1214 1768 confraternitatum,
1238 1698 1365 1781 piarum
1389 1700 1488 1765 Unio-

303 1839 391 1901 num,
416 1823 449 1886 et
471 1818 511 1883 de
534 1820 766 1904 aggregatione
790 1818 831 1883 ad
853 1819 1262 1896 Archiconfraternitates,
1288 1822 1482 1894 Primariae,

303 1943 632 2019 Primo-Primarias;
657 1941 813 2026 siquidem
837 1943 910 2007 iura
932 1943 1112 2028 spiritualia
1126 1943 1398 2029 indulgentiarum
1418 1966 1486 2011 nou

302 2069 526 2152 acquiruntur,
552 2069 613 2133 nisi
640 2068 703 2133 hae
726 2068 898 2133 societates
921 2069 1077 2134 canonice
1109 2069 1175 2133 sint
1207 2076 1354 2144 erectam
1390 2070 1488 2156 large

302 2212 382 2258 vero
407 2194 606 2278 permittitur
627 2193 888 2278 prioitepiorum
916 2194 1191 2269 communicatio,
1216 2215 1297 2279 quae
1319 2194 1488 2263 obtinetur
1508 2189 1513 2200 '

302 2339 363 2404 per
380 2320 647 2405 aggregationem
663 2319 703 2384 ad
728 2319 808 2383 alias
832 2320 1002 2385 societates
1025 2319 1213 2405 iampridem
1235 2326 1362 2387 erectas
1378 2328 1411 2386 et
1434 2325 1485 2388 In·

302 2442 476 2528 dulgentiis
499 2448 532 2507 et
557 2444 671 2527 gratiis
694 2441 890 2508 honestatos.
926 2444 1014 2508 Hinc
1035 2444 1428 2510 Archiconfraternitates
1452 2452 1487 2509 et

303 2570 446 2637 Uniones
474 2570 657 2634 Primariae
682 2568 737 2633 vel
772 2568 1084 2634 Primo-Primariae
1118 2569 1323 2655 appellantur
1356 2570 1488 2634 ratione

302 2693 477 2779 privilegii,
499 2712 560 2776 quo
584 2690 738 2757 fruuntur
760 2692 822 2757 sibi
844 2693 1056 2779 aggregandi,
1081 2695 1271 2779 respective,
1294 2692 1374 2757 alias
1399 2693 1486 2759 Gon·

301 2817 527 2884 fraternitates
557 2818 699 2883 eiusdem
723 2820 859 2903 speciei,
883 2823 917 2883 et
940 2819 1019 2883 alias
1041 2820 1111 2905 pias
1135 2820 1292 2892 Uniones,
1316 2818 1403 2883 unde
1426 2839 1483 2903 ag-

301 2946 458 3026 gregatus
482 2939 693 3025 Indulgentiis
721 2944 754 3004 et
783 2941 897 3024 gratiis
918 2941 1091 3025 participat
1121 2942 1341 3025 aggregantis.
1373 2940 1489 3015 Quare

302 3066 404 3149 ipsum
421 3084 549 3146 nomeu,
563 3069 676 3150 utputa
688 3064 1071 3148 Archioonfraternitas,
1084 3066 1137 3130 vel
1149 3065 1337 3140 Friuolaria,
1350 3066 1483 3134 Primo·

301 3185 500 3262 Prirnariu,
525 3186 758 3271 praelationem
793 3187 946 3270 exprimit
976 3188 1138 3252 societatis
1167 3178 1376 3272 aggregantis
1403 3208 1485 3273 prae

300 3312 496 3397 aggregatis.
514 3346 533 3359 -
550 3309 700 3377 Clemens
711 3311 796 3376 VIII
814 3310 921 3377 const.
937 3311 1183 3396 Quaecumque,
1196 3311 1251 3377 die
1265 3312 1485 3379 tueamur

301 3432 400 3501 edidit
431 3453 492 3520 pro
517 3436 681 3501 erectione
706 3439 740 3499 et
760 3436 992 3520 aggregatione
1015 3435 1132 3499 harum
1159 3428 1348 3501 societatum
1371 3436 1482 3501 mods·

301 3557 404 3621 randa
426 3555 483 3644 (l).

391 3682 584 3747 Huiusmodi
597 3678 845 3769 [associationes
866 3681 1012 3768 pluribus
1035 3686 1215 3751 nominibus
1231 3677 1485 3769 distinguuntur?

300 3812 462 3875 vocantur
498 3810 583 3874 enim
618 3806 939 3890 confraternitates,
971 3808 1157 3887 Sodatitia,
1192 3808 1480 3885 Consociationes,

390 4020 429 4092 (l)
452 4020 492 4075 cf.
512 4022 778 4075 Animadversiones
796 4020 932 4076 inconst.
951 4022 1146 4093 Quaecumque
1162 4022 1248 4076 Ciem.
1265 4022 1336 4075 VIII
1353 4032 1379 4076 et
1394 4038 1481 4091 prae·

300 4128 399 4181 sertim
418 4142 505 4197 super
523 4128 617 4193 dubio,
635 4144 672 4180 an
690 4126 830 4197 quaelibet
843 4128 895 4197 pia
913 4129 981 4182 Unio
1000 4130 1051 4183 sub
1068 4130 1120 4183 lruc
1139 4127 1334 4183 Constitutione
1354 4145 1480 4199 compre-

300 4233 451 4297 hendatur,
470 4232 596 4302 digestae
615 4233 649 4285 ab
667 4233 788 4302 Agapito
801 4230 900 4286 Punici
919 4234 945 4286 S.
962 4232 1046 4303 Conp.
1065 4233 1254 4304 indulgentiis
1267 4234 1415 4304 Sacrisque
1427 4234 1483 4287 Re·

301 4336 397 4407 li'quiis
411 4338 592 4407 praepositae
613 4338 779 4391 secretaria
798 4337 905 4393 Rornae
923 4354 961 4393 eu
978 4340 1167 4409 Tipopraphio
1182 4338 1341 4411 Polyplotta
1361 4340 1387 4393 S.
1405 4338 1432 4393 C.
1445 4339 1485 4391 de

300 4446 386 4517 Frop.
406 4444 479 4501 Fide
498 4464 541 4499 on.
562 4445 651 4499 1879.
