<?xml version="1.0" encoding="UTF-8"?>
<!DOCTYPE html PUBLIC "-//W3C//DTD XHTML 1.0 Transitional//EN"
    "http://www.w3.org/TR/xhtml1/DTD/xhtml1-transitional.dtd">
<html xmlns="http://www.w3.org/1999/xhtml" xml:lang="en" lang="en">
 <head>
  <title>
</title>
<meta http-equiv="Content-Type" content="text/html;charset=utf-8" />
  <meta name='ocr-system' content='tesseract 3.04.00' />
  <meta name='ocr-capabilities' content='ocr_page ocr_carea ocr_par ocr_line ocrx_word'/>
</head>
<body>
  <div class='ocr_page' id='page_1' title='image "./praelectionesin03legagoog_0330.png"; bbox 0 0 3292 5109; ppageno 0'>
   <div class='ocr_carea' id='block_1_1' title="bbox 260 261 936 327">
    <p class='ocr_par' dir='ltr' id='par_1_1' title="bbox 260 261 936 327">
     <span class='ocr_line' id='line_1_1' title="bbox 260 261 936 327; baseline 0 -2"><span class='ocrx_word' id='word_1_1' title='bbox 260 261 329 327; x_wconf 80' lang='lat'>324</span> <span class='ocrx_word' id='word_1_2' title='bbox 790 280 874 327; x_wconf 79' lang='lat' dir='ltr'>rans</span> <span class='ocrx_word' id='word_1_3' title='bbox 898 281 936 327; x_wconf 91' lang='lat'>11.</span> 
     </span>
    </p>
   </div>
   <div class='ocr_carea' id='block_1_2' title="bbox 260 402 1452 2719">
    <p class='ocr_par' dir='ltr' id='par_1_2' title="bbox 262 402 1452 841">
     <span class='ocr_line' id='line_1_2' title="bbox 397 402 1452 489; baseline 0.002 -20"><span class='ocrx_word' id='word_1_4' title='bbox 397 402 431 489; x_wconf 83' lang='lat'>3)</span> <span class='ocrx_word' id='word_1_5' title='bbox 456 403 621 469; x_wconf 85' lang='lat' dir='ltr'>Concessit</span> <span class='ocrx_word' id='word_1_6' title='bbox 639 403 827 468; x_wconf 83' lang='lat' dir='ltr'>facultatem</span> <span class='ocrx_word' id='word_1_7' title='bbox 844 404 1071 470; x_wconf 87' lang='lat' dir='ltr'>convalidandi</span> <span class='ocrx_word' id='word_1_8' title='bbox 1085 406 1196 473; x_wconf 88' lang='lat' dir='ltr'>titulos</span> <span class='ocrx_word' id='word_1_9' title='bbox 1209 404 1452 472; x_wconf 87' lang='lat' dir='ltr'>beneficiorum.</span> 
     </span>
     <span class='ocr_line' id='line_1_3' title="bbox 262 523 1444 609; baseline 0.002 -20"><span class='ocrx_word' id='word_1_10' title='bbox 262 544 335 589; x_wconf 92' lang='lat' dir='ltr'>cum</span> <span class='ocrx_word' id='word_1_11' title='bbox 366 525 494 590; x_wconf 87' lang='lat' dir='ltr'>occulta</span> <span class='ocrx_word' id='word_1_12' title='bbox 525 524 727 590; x_wconf 79' lang='lat' dir='ltr'>inhabilitate</span> <span class='ocrx_word' id='word_1_13' title='bbox 750 523 803 588; x_wconf 87' lang='lat' dir='ltr'>vel</span> <span class='ocrx_word' id='word_1_14' title='bbox 831 524 896 589; x_wconf 88' lang='lat' dir='ltr'>alio</span> <span class='ocrx_word' id='word_1_15' title='bbox 919 527 997 591; x_wconf 89' lang='lat' dir='ltr'>vitio</span> <span class='ocrx_word' id='word_1_16' title='bbox 1021 528 1162 609; x_wconf 86' lang='lat' dir='ltr'>occulto,</span> <span class='ocrx_word' id='word_1_17' title='bbox 1188 529 1284 593; x_wconf 87' lang='lat' dir='ltr'>etiam</span> <span class='ocrx_word' id='word_1_18' title='bbox 1307 529 1341 593; x_wconf 92' lang='lat' dir='ltr'>in</span> <span class='ocrx_word' id='word_1_19' title='bbox 1364 548 1444 593; x_wconf 90' lang='lat' dir='ltr'>con·</span> 
     </span>
     <span class='ocr_line' id='line_1_4' title="bbox 262 648 1442 739; baseline 0.003 -22"><span class='ocrx_word' id='word_1_20' title='bbox 262 670 373 723; x_wconf 84' lang='lat' dir='ltr'>cursu,</span> <span class='ocrx_word' id='word_1_21' title='bbox 398 650 483 714; x_wconf 90' lang='lat' dir='ltr'>male</span> <span class='ocrx_word' id='word_1_22' title='bbox 506 648 721 715; x_wconf 88' lang='lat' dir='ltr'>obtentorum.</span> <span class='ocrx_word' id='word_1_23' title='bbox 758 652 898 737; x_wconf 79' lang='lat' dir='ltr'>Excepit</span> <span class='ocrx_word' id='word_1_24' title='bbox 919 654 1091 719; x_wconf 89' lang='lat' dir='ltr'>nonnullos</span> <span class='ocrx_word' id='word_1_25' title='bbox 1115 674 1226 734; x_wconf 86' lang='lat' dir='ltr'>casus,</span> <span class='ocrx_word' id='word_1_26' title='bbox 1248 656 1442 739; x_wconf 90' lang='lat' dir='ltr'>praesertim</span> 
     </span>
     <span class='ocr_line' id='line_1_5' title="bbox 262 774 923 841; baseline 0.003 -3"><span class='ocrx_word' id='word_1_27' title='bbox 262 774 416 839; x_wconf 79' lang='lat' dir='ltr'>simoniae</span> <span class='ocrx_word' id='word_1_28' title='bbox 440 774 537 839; x_wconf 89' lang='lat' dir='ltr'>realis</span> <span class='ocrx_word' id='word_1_29' title='bbox 560 776 702 840; x_wconf 77' lang='lat' dir='ltr'>scienter</span> <span class='ocrx_word' id='word_1_30' title='bbox 725 779 923 841; x_wconf 86' lang='lat' dir='ltr'>contractae.</span> 
     </span>
    </p>

    <p class='ocr_par' dir='ltr' id='par_1_3' title="bbox 261 896 1445 1229">
     <span class='ocr_line' id='line_1_6' title="bbox 397 896 1445 985; baseline 0.004 -24"><span class='ocrx_word' id='word_1_31' title='bbox 397 896 430 983; x_wconf 88' lang='lat'>4)</span> <span class='ocrx_word' id='word_1_32' title='bbox 455 897 620 963; x_wconf 87' lang='lat' dir='ltr'>Concessit</span> <span class='ocrx_word' id='word_1_33' title='bbox 636 898 823 963; x_wconf 79' lang='lat' dir='ltr'>facultatem</span> <span class='ocrx_word' id='word_1_34' title='bbox 840 899 1040 964; x_wconf 90' lang='lat' dir='ltr'>condonandi</span> <span class='ocrx_word' id='word_1_35' title='bbox 1057 899 1110 963; x_wconf 87' lang='lat' dir='ltr'>vel</span> <span class='ocrx_word' id='word_1_36' title='bbox 1126 900 1321 974; x_wconf 89' lang='lat' dir='ltr'>remittendi,</span> <span class='ocrx_word' id='word_1_37' title='bbox 1338 900 1445 985; x_wconf 88' lang='lat' dir='ltr'>quoad</span> 
     </span>
     <span class='ocr_line' id='line_1_7' title="bbox 261 1010 1445 1111; baseline 0.005 -26"><span class='ocrx_word' id='word_1_38' title='bbox 261 1022 347 1086; x_wconf 92' lang='lat' dir='ltr'>male</span> <span class='ocrx_word' id='word_1_39' title='bbox 378 1022 485 1087; x_wconf 91' lang='lat' dir='ltr'>ablata</span> <span class='ocrx_word' id='word_1_40' title='bbox 507 1022 559 1087; x_wconf 85' lang='lat' dir='ltr'>vel</span> <span class='ocrx_word' id='word_1_41' title='bbox 583 1028 724 1097; x_wconf 86' lang='lat' dir='ltr'>retenta,</span> <span class='ocrx_word' id='word_1_42' title='bbox 754 1010 880 1109; x_wconf 79' lang='lat' dir='ltr'>partem</span> <span class='ocrx_word' id='word_1_43' title='bbox 910 1024 1051 1107; x_wconf 87' lang='lat' dir='ltr'>aliquam</span> <span class='ocrx_word' id='word_1_44' title='bbox 1086 1024 1344 1110; x_wconf 88' lang='lat' dir='ltr'>delinquentibus</span> <span class='ocrx_word' id='word_1_45' title='bbox 1367 1045 1445 1111; x_wconf 90' lang='lat' dir='ltr'>pau-</span> 
     </span>
     <span class='ocr_line' id='line_1_8' title="bbox 261 1143 1282 1229; baseline 0 -20"><span class='ocrx_word' id='word_1_46' title='bbox 261 1144 402 1229; x_wconf 89' lang='lat' dir='ltr'>peribus,</span> <span class='ocrx_word' id='word_1_47' title='bbox 427 1144 554 1228; x_wconf 90' lang='lat' dir='ltr'>quando</span> <span class='ocrx_word' id='word_1_48' title='bbox 578 1143 709 1210; x_wconf 82' lang='lat' dir='ltr'>domini</span> <span class='ocrx_word' id='word_1_49' title='bbox 732 1144 852 1211; x_wconf 80' lang='lat' dir='ltr'>incerti</span> <span class='ocrx_word' id='word_1_50' title='bbox 875 1149 954 1209; x_wconf 80' lang='lat' dir='ltr'>sunt</span> <span class='ocrx_word' id='word_1_51' title='bbox 975 1149 1007 1209; x_wconf 84' lang='lat' dir='ltr'>at</span> <span class='ocrx_word' id='word_1_52' title='bbox 1030 1164 1129 1211; x_wconf 70' lang='lat' dir='ltr'>canas</span> <span class='ocrx_word' id='word_1_53' title='bbox 1152 1146 1282 1211; x_wconf 81' lang='lat' dir='ltr'>occulti.</span> 
     </span>
    </p>

    <p class='ocr_par' dir='ltr' id='par_1_4' title="bbox 262 1267 1444 1725">
     <span class='ocr_line' id='line_1_9' title="bbox 396 1267 1444 1355; baseline 0.002 -22"><span class='ocrx_word' id='word_1_54' title='bbox 396 1267 430 1352; x_wconf 83' lang='lat'>5)</span> <span class='ocrx_word' id='word_1_55' title='bbox 453 1267 548 1333; x_wconf 90' lang='lat' dir='ltr'>Dedit</span> <span class='ocrx_word' id='word_1_56' title='bbox 570 1268 667 1333; x_wconf 89' lang='lat' dir='ltr'>etiam</span> <span class='ocrx_word' id='word_1_57' title='bbox 690 1267 879 1333; x_wconf 85' lang='lat' dir='ltr'>facultatem</span> <span class='ocrx_word' id='word_1_58' title='bbox 903 1267 1076 1333; x_wconf 82' lang='lat' dir='ltr'>relaxandi</span> <span class='ocrx_word' id='word_1_59' title='bbox 1098 1290 1158 1355; x_wconf 89' lang='lat' dir='ltr'>pro</span> <span class='ocrx_word' id='word_1_60' title='bbox 1181 1270 1255 1335; x_wconf 84' lang='lat' dir='ltr'>loro</span> <span class='ocrx_word' id='word_1_61' title='bbox 1278 1271 1444 1335; x_wconf 90' lang='lat' dir='ltr'>couscien-</span> 
     </span>
     <span class='ocr_line' id='line_1_10' title="bbox 262 1390 1444 1477; baseline 0.002 -22"><span class='ocrx_word' id='word_1_62' title='bbox 262 1392 326 1455; x_wconf 90' lang='lat' dir='ltr'>tiae</span> <span class='ocrx_word' id='word_1_63' title='bbox 350 1391 533 1455; x_wconf 87' lang='lat' dir='ltr'>iuramenta</span> <span class='ocrx_word' id='word_1_64' title='bbox 565 1409 786 1474; x_wconf 87' lang='lat' dir='ltr'>quaecumque</span> <span class='ocrx_word' id='word_1_65' title='bbox 808 1391 843 1455; x_wconf 92' lang='lat' dir='ltr'>in</span> <span class='ocrx_word' id='word_1_66' title='bbox 873 1390 987 1475; x_wconf 90' lang='lat' dir='ltr'>quibus</span> <span class='ocrx_word' id='word_1_67' title='bbox 1014 1392 1217 1477; x_wconf 82' lang='lat' dir='ltr'>exploratum</span> <span class='ocrx_word' id='word_1_68' title='bbox 1249 1396 1291 1459; x_wconf 91' lang='lat' dir='ltr'>sit</span> <span class='ocrx_word' id='word_1_69' title='bbox 1318 1393 1444 1458; x_wconf 90' lang='lat' dir='ltr'>nullum</span> 
     </span>
     <span class='ocr_line' id='line_1_11' title="bbox 262 1513 1444 1610; baseline 0.003 -30"><span class='ocrx_word' id='word_1_70' title='bbox 262 1515 449 1610; x_wconf 88' lang='lat' dir='ltr'>cuiusquam</span> <span class='ocrx_word' id='word_1_71' title='bbox 463 1514 517 1599; x_wconf 87' lang='lat' dir='ltr'>agi</span> <span class='ocrx_word' id='word_1_72' title='bbox 532 1513 783 1599; x_wconf 68' lang='lat' dir='ltr'>praeiudicium</span> <span class='ocrx_word' id='word_1_73' title='bbox 809 1518 885 1581; x_wconf 89' lang='lat' dir='ltr'>item</span> <span class='ocrx_word' id='word_1_74' title='bbox 906 1517 1110 1602; x_wconf 89' lang='lat' dir='ltr'>dispensandi</span> <span class='ocrx_word' id='word_1_75' title='bbox 1127 1518 1352 1583; x_wconf 90' lang='lat' dir='ltr'>commutando</span> <span class='ocrx_word' id='word_1_76' title='bbox 1366 1521 1444 1583; x_wconf 80' lang='lat' dir='ltr'>vota</span> 
     </span>
     <span class='ocr_line' id='line_1_12' title="bbox 262 1629 1179 1725; baseline 0.003 -21"><span class='ocrx_word' id='word_1_77' title='bbox 262 1639 419 1725; x_wconf 88' lang='lat' dir='ltr'>simplicia</span> <span class='ocrx_word' id='word_1_78' title='bbox 442 1640 539 1704; x_wconf 89' lang='lat' dir='ltr'>etiam</span> <span class='ocrx_word' id='word_1_79' title='bbox 563 1645 739 1713; x_wconf 84' lang='lat' dir='ltr'>reservata,</span> <span class='ocrx_word' id='word_1_80' title='bbox 764 1648 797 1705; x_wconf 91' lang='lat' dir='ltr'>et</span> <span class='ocrx_word' id='word_1_81' title='bbox 821 1641 929 1706; x_wconf 88' lang='lat' dir='ltr'>Horas</span> <span class='ocrx_word' id='word_1_82' title='bbox 952 1644 1135 1707; x_wconf 87' lang='lat' dir='ltr'>canonicas.</span> <span class='ocrx_word' id='word_1_83' title='bbox 1174 1629 1179 1639; x_wconf 74' lang='grc'>’</span> 
     </span>
    </p>

    <p class='ocr_par' dir='ltr' id='par_1_5' title="bbox 262 1760 1445 2079">
     <span class='ocr_line' id='line_1_13' title="bbox 396 1760 1445 1849; baseline 0.001 -22"><span class='ocrx_word' id='word_1_84' title='bbox 396 1760 429 1848; x_wconf 86' lang='grc'>6)</span> <span class='ocrx_word' id='word_1_85' title='bbox 454 1761 609 1847; x_wconf 89' lang='lat' dir='ltr'>Specialis</span> <span class='ocrx_word' id='word_1_86' title='bbox 625 1762 914 1827; x_wconf 83' lang='lat' dir='ltr'>animadversionis</span> <span class='ocrx_word' id='word_1_87' title='bbox 936 1763 1052 1849; x_wconf 84' lang='lat' dir='ltr'>dignae</span> <span class='ocrx_word' id='word_1_88' title='bbox 1075 1769 1150 1829; x_wconf 90' lang='lat' dir='ltr'>sunt</span> <span class='ocrx_word' id='word_1_89' title='bbox 1173 1766 1399 1830; x_wconf 88' lang='lat' dir='ltr'>concessiones</span> <span class='ocrx_word' id='word_1_90' title='bbox 1421 1785 1445 1828; x_wconf 93' lang='lat' dir='ltr'>a</span> 
     </span>
     <span class='ocr_line' id='line_1_14' title="bbox 263 1884 1443 1974; baseline 0.001 -23"><span class='ocrx_word' id='word_1_91' title='bbox 263 1884 423 1953; x_wconf 85' lang='lat' dir='ltr'>Pontifice</span> <span class='ocrx_word' id='word_1_92' title='bbox 451 1887 558 1953; x_wconf 85' lang='lat' dir='ltr'>iactae</span> <span class='ocrx_word' id='word_1_93' title='bbox 582 1888 855 1954; x_wconf 89' lang='lat' dir='ltr'>Poenitentiariae</span> <span class='ocrx_word' id='word_1_94' title='bbox 886 1890 976 1954; x_wconf 89' lang='lat' dir='ltr'>circa</span> <span class='ocrx_word' id='word_1_95' title='bbox 998 1888 1443 1974; x_wconf 85' lang='lat' dir='ltr'>dispensationes‘matrimo-</span> 
     </span>
     <span class='ocr_line' id='line_1_15' title="bbox 262 2015 375 2079; baseline 0.009 -1"><span class='ocrx_word' id='word_1_96' title='bbox 262 2015 375 2079; x_wconf 82' lang='lat' dir='ltr'>niales</span> 
     </span>
    </p>

    <p class='ocr_par' dir='ltr' id='par_1_6' title="bbox 260 2140 1444 2719">
     <span class='ocr_line' id='line_1_16' title="bbox 353 2140 1442 2226; baseline 0.001 -23"><span class='ocrx_word' id='word_1_97' title='bbox 353 2141 391 2203; x_wconf 94' lang='lat' dir='ltr'>ln</span> <span class='ocrx_word' id='word_1_98' title='bbox 422 2140 504 2223; x_wconf 91' lang='lat' dir='ltr'>quod</span> <span class='ocrx_word' id='word_1_99' title='bbox 537 2142 734 2226; x_wconf 89' lang='lat' dir='ltr'>propositum</span> <span class='ocrx_word' id='word_1_100' title='bbox 766 2142 849 2208; x_wconf 88' lang='lat' dir='ltr'>scitu</span> <span class='ocrx_word' id='word_1_101' title='bbox 878 2141 1049 2207; x_wconf 85' lang='lat' dir='ltr'>admodum</span> <span class='ocrx_word' id='word_1_102' title='bbox 1076 2143 1154 2207; x_wconf 87' lang='lat' dir='ltr'>utile</span> <span class='ocrx_word' id='word_1_103' title='bbox 1184 2147 1250 2214; x_wconf 80' lang='lat' dir='ltr'>est,</span> <span class='ocrx_word' id='word_1_104' title='bbox 1283 2160 1442 2226; x_wconf 90' lang='lat' dir='ltr'>quaenam</span> 
     </span>
     <span class='ocr_line' id='line_1_17' title="bbox 262 2258 1443 2347; baseline 0.001 -24"><span class='ocrx_word' id='word_1_105' title='bbox 262 2260 349 2324; x_wconf 87' lang='lat' dir='ltr'>inter</span> <span class='ocrx_word' id='word_1_106' title='bbox 372 2260 488 2325; x_wconf 81' lang='lat' dir='ltr'>Curiae</span> <span class='ocrx_word' id='word_1_107' title='bbox 513 2258 630 2326; x_wconf 84' lang='lat' dir='ltr'>Officia</span> <span class='ocrx_word' id='word_1_108' title='bbox 653 2260 692 2325; x_wconf 90' lang='lat' dir='ltr'>de</span> <span class='ocrx_word' id='word_1_109' title='bbox 716 2261 779 2326; x_wconf 92' lang='lat' dir='ltr'>hoc</span> <span class='ocrx_word' id='word_1_110' title='bbox 802 2266 901 2346; x_wconf 85' lang='lat' dir='ltr'>agant</span> <span class='ocrx_word' id='word_1_111' title='bbox 927 2264 1056 2347; x_wconf 92' lang='lat' dir='ltr'>negotio</span> <span class='ocrx_word' id='word_1_112' title='bbox 1080 2268 1274 2347; x_wconf 85' lang='lat' dir='ltr'>etquenam</span> <span class='ocrx_word' id='word_1_113' title='bbox 1304 2262 1443 2325; x_wconf 85' lang='lat' dir='ltr'>ratione.</span> 
     </span>
     <span class='ocr_line' id='line_1_18' title="bbox 263 2364 1444 2469; baseline -0.002 -20"><span class='ocrx_word' id='word_1_114' title='bbox 263 2385 413 2449; x_wconf 88' lang='lat' dir='ltr'>Iamvero</span> <span class='ocrx_word' id='word_1_115' title='bbox 426 2404 486 2469; x_wconf 88' lang='lat' dir='ltr'>per</span> <span class='ocrx_word' id='word_1_116' title='bbox 499 2364 728 2450; x_wconf 74' lang='lat' dir='ltr'>secretarium</span> <span class='ocrx_word' id='word_1_117' title='bbox 740 2385 902 2450; x_wconf 81' lang='lat' dir='ltr'>Breviam</span> <span class='ocrx_word' id='word_1_118' title='bbox 916 2386 986 2451; x_wconf 87' lang='lat' dir='ltr'>Sec.</span> <span class='ocrx_word' id='word_1_119' title='bbox 1001 2385 1135 2451; x_wconf 89' lang='lat' dir='ltr'>concedi</span> <span class='ocrx_word' id='word_1_120' title='bbox 1154 2384 1258 2449; x_wconf 84' lang='lat' dir='ltr'>solent</span> <span class='ocrx_word' id='word_1_121' title='bbox 1274 2383 1444 2469; x_wconf 88' lang='lat' dir='ltr'>dispensa-</span> 
     </span>
     <span class='ocr_line' id='line_1_19' title="bbox 260 2508 1443 2593; baseline -0.001 -19"><span class='ocrx_word' id='word_1_122' title='bbox 260 2510 364 2574; x_wconf 89' lang='lat' dir='ltr'>tiones</span> <span class='ocrx_word' id='word_1_123' title='bbox 380 2509 538 2593; x_wconf 79' lang='lat' dir='ltr'>supremis</span> <span class='ocrx_word' id='word_1_124' title='bbox 552 2508 755 2592; x_wconf 83' lang='lat' dir='ltr'>Principibus</span> <span class='ocrx_word' id='word_1_125' title='bbox 772 2515 804 2574; x_wconf 90' lang='lat' dir='ltr'>et</span> <span class='ocrx_word' id='word_1_126' title='bbox 818 2508 935 2573; x_wconf 87' lang='lat' dir='ltr'>literae</span> <span class='ocrx_word' id='word_1_127' title='bbox 951 2508 1200 2574; x_wconf 87' lang='lat' dir='ltr'>revalidatoriae</span> <span class='ocrx_word' id='word_1_128' title='bbox 1216 2528 1273 2573; x_wconf 87' lang='lat' dir='ltr'>seu</span> <span class='ocrx_word' id='word_1_129' title='bbox 1290 2527 1443 2573; x_wconf 72' lang='lat' dir='ltr'>anninus</span> 
     </span>
     <span class='ocr_line' id='line_1_20' title="bbox 261 2610 1443 2719; baseline -0.003 -19"><span class='ocrx_word' id='word_1_130' title='bbox 261 2654 397 2701; x_wconf 80' lang='lat' dir='ltr'>vanans</span> <span class='ocrx_word' id='word_1_131' title='bbox 420 2634 478 2719; x_wconf 88' lang='lat' dir='ltr'>(ita</span> <span class='ocrx_word' id='word_1_132' title='bbox 499 2633 605 2699; x_wconf 88' lang='lat' dir='ltr'>dictae</span> <span class='ocrx_word' id='word_1_133' title='bbox 628 2634 703 2718; x_wconf 90' lang='lat' dir='ltr'>quia</span> <span class='ocrx_word' id='word_1_134' title='bbox 729 2635 913 2699; x_wconf 87' lang='lat' dir='ltr'>sanationes</span> <span class='ocrx_word' id='word_1_135' title='bbox 935 2635 1094 2700; x_wconf 78' lang='lat' dir='ltr'>valebunt</span> <span class='ocrx_word' id='word_1_136' title='bbox 1113 2633 1260 2717; x_wconf 78' lang='lat' dir='ltr'>perinde</span> <span class='ocrx_word' id='word_1_137' title='bbox 1287 2610 1326 2697; x_wconf 87' lang='lat' dir='ltr'>ac</span> <span class='ocrx_word' id='word_1_138' title='bbox 1349 2634 1376 2697; x_wconf 90' lang='lat' dir='ltr'>si</span> <span class='ocrx_word' id='word_1_139' title='bbox 1400 2632 1443 2697; x_wconf 91' lang='lat' dir='ltr'>ab</span> 
     </span>
    </p>
   </div>
   <div class='ocr_carea' id='block_1_3' title="bbox 154 2755 1443 2847">
    <p class='ocr_par' dir='ltr' id='par_1_7' title="bbox 154 2755 1443 2847">
     <span class='ocr_line' id='line_1_21' title="bbox 154 2755 1443 2847; baseline -0.002 -24"><span class='ocrx_word' id='word_1_140' title='bbox 154 2843 155 2847; x_wconf 7' lang='grc' dir='ltr'><strong>Ἰ</strong></span> <span class='ocrx_word' id='word_1_141' title='bbox 260 2759 351 2823; x_wconf 91' lang='lat' dir='ltr'>initio</span> <span class='ocrx_word' id='word_1_142' title='bbox 372 2778 467 2823; x_wconf 89' lang='lat' dir='ltr'>error</span> <span class='ocrx_word' id='word_1_143' title='bbox 483 2778 547 2821; x_wconf 93' lang='lat' dir='ltr'>non</span> <span class='ocrx_word' id='word_1_144' title='bbox 563 2757 744 2842; x_wconf 76' lang='lat' dir='ltr'>obrepserit</span> <span class='ocrx_word' id='word_1_145' title='bbox 759 2778 819 2822; x_wconf 93' lang='lat' dir='ltr'>nec</span> <span class='ocrx_word' id='word_1_146' title='bbox 836 2759 900 2822; x_wconf 89' lang='lat' dir='ltr'>alia</span> <span class='ocrx_word' id='word_1_147' title='bbox 918 2757 1060 2823; x_wconf 85' lang='lat' dir='ltr'>adfuerit</span> <span class='ocrx_word' id='word_1_148' title='bbox 1074 2778 1171 2823; x_wconf 88' lang='lat' dir='ltr'>causa</span> <span class='ocrx_word' id='word_1_149' title='bbox 1194 2756 1364 2844; x_wconf 84' lang='lat' dir='ltr'>nullitatis)</span> <span class='ocrx_word' id='word_1_150' title='bbox 1382 2755 1443 2843; x_wconf 90' lang='lat' dir='ltr'>(l);</span> 
     </span>
    </p>
   </div>
   <div class='ocr_carea' id='block_1_4' title="bbox 261 2882 1468 3972">
    <p class='ocr_par' dir='ltr' id='par_1_8' title="bbox 261 2882 1468 3972">
     <span class='ocr_line' id='line_1_22' title="bbox 261 2882 1443 2969; baseline -0.004 -18"><span class='ocrx_word' id='word_1_151' title='bbox 261 2903 407 2969; x_wconf 90' lang='lat' dir='ltr'>quaeque</span> <span class='ocrx_word' id='word_1_152' title='bbox 441 2885 556 2949; x_wconf 89' lang='lat' dir='ltr'>literae</span> <span class='ocrx_word' id='word_1_153' title='bbox 591 2883 779 2948; x_wconf 91' lang='lat' dir='ltr'>obtinentur</span> <span class='ocrx_word' id='word_1_154' title='bbox 813 2884 854 2947; x_wconf 88' lang='lat' dir='ltr'>ad</span> <span class='ocrx_word' id='word_1_155' title='bbox 889 2884 1032 2948; x_wconf 89' lang='lat' dir='ltr'>sananda</span> <span class='ocrx_word' id='word_1_156' title='bbox 1067 2882 1339 2969; x_wconf 89' lang='lat' dir='ltr'>dispensationum</span> <span class='ocrx_word' id='word_1_157' title='bbox 1361 2883 1443 2947; x_wconf 88' lang='lat' dir='ltr'>vitia</span> 
     </span>
     <span class='ocr_line' id='line_1_23' title="bbox 261 3004 1441 3092; baseline -0.001 -20"><span class='ocrx_word' id='word_1_158' title='bbox 261 3028 360 3092; x_wconf 87' lang='lat' dir='ltr'>super</span> <span class='ocrx_word' id='word_1_159' title='bbox 383 3006 541 3072; x_wconf 87' lang='lat' dir='ltr'>Brevibue</span> <span class='ocrx_word' id='word_1_160' title='bbox 556 3006 596 3070; x_wconf 93' lang='lat' dir='ltr'>ab</span> <span class='ocrx_word' id='word_1_161' title='bbox 614 3006 725 3072; x_wconf 90' lang='lat' dir='ltr'>eadem</span> <span class='ocrx_word' id='word_1_162' title='bbox 750 3008 936 3073; x_wconf 87' lang='lat' dir='ltr'>Secretaria</span> <span class='ocrx_word' id='word_1_163' title='bbox 960 3010 1126 3073; x_wconf 90' lang='lat' dir='ltr'>emanatis.</span> <span class='ocrx_word' id='word_1_164' title='bbox 1145 3043 1163 3055; x_wconf 95' lang='lat'><em>-</em></span> <span class='ocrx_word' id='word_1_165' title='bbox 1180 3007 1212 3073; x_wconf 89' lang='lat' dir='ltr'>S.</span> <span class='ocrx_word' id='word_1_166' title='bbox 1230 3008 1264 3073; x_wconf 82' lang='lat' dir='ltr'>O.</span> <span class='ocrx_word' id='word_1_167' title='bbox 1281 3007 1312 3072; x_wconf 90' lang='lat' dir='ltr'>S.</span> <span class='ocrx_word' id='word_1_168' title='bbox 1331 3004 1441 3072; x_wconf 88' lang='lat' dir='ltr'>Officii</span> 
     </span>
     <span class='ocr_line' id='line_1_24' title="bbox 262 3130 1441 3216; baseline -0.001 -20"><span class='ocrx_word' id='word_1_169' title='bbox 262 3130 424 3216; x_wconf 87' lang='lat' dir='ltr'>dispensat</span> <span class='ocrx_word' id='word_1_170' title='bbox 446 3132 480 3195; x_wconf 90' lang='lat' dir='ltr'>in</span> <span class='ocrx_word' id='word_1_171' title='bbox 496 3131 731 3216; x_wconf 90' lang='lat' dir='ltr'>impedimentis</span> <span class='ocrx_word' id='word_1_172' title='bbox 745 3132 1009 3215; x_wconf 88' lang='lat' dir='ltr'>provenientibus</span> <span class='ocrx_word' id='word_1_173' title='bbox 1031 3132 1136 3215; x_wconf 90' lang='lat' dir='ltr'>aliquo</span> <span class='ocrx_word' id='word_1_174' title='bbox 1160 3152 1203 3197; x_wconf 80' lang='lat' dir='ltr'>ex</span> <span class='ocrx_word' id='word_1_175' title='bbox 1225 3132 1313 3196; x_wconf 90' lang='lat' dir='ltr'>sacto</span> <span class='ocrx_word' id='word_1_176' title='bbox 1329 3130 1441 3196; x_wconf 91' lang='lat' dir='ltr'>Fidem</span> 
     </span>
     <span class='ocr_line' id='line_1_25' title="bbox 262 3256 1442 3343; baseline -0.002 -22"><span class='ocrx_word' id='word_1_177' title='bbox 262 3258 449 3341; x_wconf 85' lang='lat' dir='ltr'>attingente,</span> <span class='ocrx_word' id='word_1_178' title='bbox 466 3258 499 3321; x_wconf 94' lang='lat' dir='ltr'>in</span> <span class='ocrx_word' id='word_1_179' title='bbox 515 3256 598 3342; x_wconf 93' lang='lat' dir='ltr'>quod</span> <span class='ocrx_word' id='word_1_180' title='bbox 624 3256 664 3320; x_wconf 87' lang='lat' dir='ltr'>H.</span> <span class='ocrx_word' id='word_1_181' title='bbox 687 3256 718 3321; x_wconf 88' lang='lat' dir='ltr'>S.</span> <span class='ocrx_word' id='word_1_182' title='bbox 736 3258 836 3342; x_wconf 86' lang='lat' dir='ltr'>Cong.</span> <span class='ocrx_word' id='word_1_183' title='bbox 860 3262 909 3323; x_wconf 87' lang='lat' dir='ltr'>est</span> <span class='ocrx_word' id='word_1_184' title='bbox 932 3263 1127 3343; x_wconf 83' lang='lat' dir='ltr'>competens,</span> <span class='ocrx_word' id='word_1_185' title='bbox 1152 3262 1265 3342; x_wconf 88' lang='lat' dir='ltr'>utputa</span> <span class='ocrx_word' id='word_1_186' title='bbox 1288 3258 1322 3320; x_wconf 92' lang='lat' dir='ltr'>iu</span> <span class='ocrx_word' id='word_1_187' title='bbox 1345 3258 1442 3340; x_wconf 91' lang='lat' dir='ltr'>impe-</span> 
     </span>
     <span class='ocr_line' id='line_1_26' title="bbox 263 3378 1441 3465; baseline -0.003 -19"><span class='ocrx_word' id='word_1_188' title='bbox 263 3382 403 3447; x_wconf 87' lang='lat' dir='ltr'>dimento</span> <span class='ocrx_word' id='word_1_189' title='bbox 427 3382 548 3448; x_wconf 80' lang='lat' dir='ltr'>mixtae</span> <span class='ocrx_word' id='word_1_190' title='bbox 573 3381 761 3465; x_wconf 80' lang='lat' dir='ltr'>Religionis,</span> <span class='ocrx_word' id='word_1_191' title='bbox 786 3380 983 3465; x_wconf 85' lang='lat' dir='ltr'>disparitatis</span> <span class='ocrx_word' id='word_1_192' title='bbox 1010 3380 1115 3445; x_wconf 92' lang='lat' dir='ltr'>cultus</span> <span class='ocrx_word' id='word_1_193' title='bbox 1138 3379 1191 3445; x_wconf 90' lang='lat' dir='ltr'>vel</span> <span class='ocrx_word' id='word_1_194' title='bbox 1214 3378 1341 3465; x_wconf 89' lang='lat' dir='ltr'>quando</span> <span class='ocrx_word' id='word_1_195' title='bbox 1365 3378 1441 3444; x_wconf 93' lang='lat' dir='ltr'>deli·</span> 
     </span>
     <span class='ocr_line' id='line_1_27' title="bbox 262 3504 1441 3590; baseline -0.003 -19"><span class='ocrx_word' id='word_1_196' title='bbox 262 3512 350 3572; x_wconf 90' lang='lat' dir='ltr'>ctum</span> <span class='ocrx_word' id='word_1_197' title='bbox 374 3510 423 3571; x_wconf 90' lang='lat' dir='ltr'>est</span> <span class='ocrx_word' id='word_1_198' title='bbox 446 3510 590 3571; x_wconf 89' lang='lat' dir='ltr'>notatum</span> <span class='ocrx_word' id='word_1_199' title='bbox 615 3506 794 3589; x_wconf 89' lang='lat' dir='ltr'>suspicione</span> <span class='ocrx_word' id='word_1_200' title='bbox 817 3505 973 3579; x_wconf 86' lang='lat' dir='ltr'>haeresis,</span> <span class='ocrx_word' id='word_1_201' title='bbox 991 3505 1091 3569; x_wconf 90' lang='lat' dir='ltr'>veluti</span> <span class='ocrx_word' id='word_1_202' title='bbox 1113 3504 1298 3590; x_wconf 87' lang='lat' dir='ltr'>polygamia</span> <span class='ocrx_word' id='word_1_203' title='bbox 1316 3508 1373 3569; x_wconf 89' lang='lat' dir='ltr'>aut</span> <span class='ocrx_word' id='word_1_204' title='bbox 1386 3523 1441 3589; x_wconf 92' lang='lat' dir='ltr'>po·</span> 
     </span>
     <span class='ocr_line' id='line_1_28' title="bbox 262 3627 1441 3717; baseline -0.001 -23"><span class='ocrx_word' id='word_1_205' title='bbox 262 3628 423 3717; x_wconf 82' lang='lat' dir='ltr'>lyandria.</span> <span class='ocrx_word' id='word_1_206' title='bbox 441 3664 459 3677; x_wconf 94' lang='lat'><strong>·</strong></span> <span class='ocrx_word' id='word_1_207' title='bbox 478 3630 544 3693; x_wconf 91' lang='lat' dir='ltr'>Pro</span> <span class='ocrx_word' id='word_1_208' title='bbox 564 3630 644 3693; x_wconf 91' lang='lat' dir='ltr'>locis</span> <span class='ocrx_word' id='word_1_209' title='bbox 659 3630 857 3698; x_wconf 81' lang='lat' dir='ltr'>Missionum.</span> <span class='ocrx_word' id='word_1_210' title='bbox 874 3630 1128 3715; x_wconf 87' lang='lat' dir='ltr'>dispensationes</span> <span class='ocrx_word' id='word_1_211' title='bbox 1151 3631 1184 3693; x_wconf 91' lang='lat' dir='ltr'>in</span> <span class='ocrx_word' id='word_1_212' title='bbox 1209 3634 1345 3713; x_wconf 90' lang='lat' dir='ltr'>utroque</span> <span class='ocrx_word' id='word_1_213' title='bbox 1367 3627 1441 3693; x_wconf 84' lang='lat' dir='ltr'>foro</span> 
     </span>
     <span class='ocr_line' id='line_1_29' title="bbox 262 3750 1441 3841; baseline -0.004 -21"><span class='ocrx_word' id='word_1_214' title='bbox 262 3753 470 3841; x_wconf 79' lang='lat' dir='ltr'>regulariter</span> <span class='ocrx_word' id='word_1_215' title='bbox 493 3753 714 3819; x_wconf 89' lang='lat' dir='ltr'>conceduntur</span> <span class='ocrx_word' id='word_1_216' title='bbox 736 3774 796 3839; x_wconf 89' lang='lat' dir='ltr'>per</span> <span class='ocrx_word' id='word_1_217' title='bbox 818 3775 976 3839; x_wconf 87' lang='lat' dir='ltr'>organum</span> <span class='ocrx_word' id='word_1_218' title='bbox 1000 3754 1031 3819; x_wconf 91' lang='lat' dir='ltr'>S.</span> <span class='ocrx_word' id='word_1_219' title='bbox 1049 3754 1082 3819; x_wconf 81' lang='lat'>0.</span> <span class='ocrx_word' id='word_1_220' title='bbox 1107 3754 1154 3817; x_wconf 92' lang='lat' dir='ltr'>De</span> <span class='ocrx_word' id='word_1_221' title='bbox 1171 3753 1268 3837; x_wconf 91' lang='lat' dir='ltr'>Prop.</span> <span class='ocrx_word' id='word_1_222' title='bbox 1294 3750 1383 3822; x_wconf 84' lang='lat' dir='ltr'>Fide.</span> <span class='ocrx_word' id='word_1_223' title='bbox 1407 3753 1441 3815; x_wconf 89' lang='lat' dir='ltr'>et</span> 
     </span>
     <span class='ocr_line' id='line_1_30' title="bbox 263 3872 1468 3972; baseline -0.002 -30"><span class='ocrx_word' id='word_1_224' title='bbox 263 3878 454 3965; x_wconf 88' lang='lat' dir='ltr'>respective,</span> <span class='ocrx_word' id='word_1_225' title='bbox 480 3877 585 3962; x_wconf 91' lang='lat' dir='ltr'>quoad</span> <span class='ocrx_word' id='word_1_226' title='bbox 609 3879 759 3963; x_wconf 86' lang='lat' dir='ltr'>regiones</span> <span class='ocrx_word' id='word_1_227' title='bbox 783 3879 811 3941; x_wconf 91' lang='lat' dir='ltr'>ei</span> <span class='ocrx_word' id='word_1_228' title='bbox 836 3877 1005 3950; x_wconf 87' lang='lat' dir='ltr'>subiectas,</span> <span class='ocrx_word' id='word_1_229' title='bbox 1030 3896 1090 3963; x_wconf 92' lang='lat' dir='ltr'>per</span> <span class='ocrx_word' id='word_1_230' title='bbox 1106 3876 1140 3943; x_wconf 78' lang='lat' dir='ltr'>S.</span> <span class='ocrx_word' id='word_1_231' title='bbox 1162 3873 1264 3962; x_wconf 80' lang='lat' dir='ltr'>Coup.</span> <span class='ocrx_word' id='word_1_232' title='bbox 1288 3872 1441 3960; x_wconf 77' lang='lat' dir='ltr'>Negotiis</span> <span class='ocrx_word' id='word_1_233' title='bbox 1465 3968 1468 3972; x_wconf 63' lang='lat'>,</span> 
     </span>
    </p>
   </div>
   <div class='ocr_carea' id='block_1_5' title="bbox 264 4167 1441 4347">
    <p class='ocr_par' dir='ltr' id='par_1_9' title="bbox 264 4167 1441 4347">
     <span class='ocr_line' id='line_1_31' title="bbox 352 4167 1441 4244; baseline -0.007 -18"><span class='ocrx_word' id='word_1_234' title='bbox 352 4172 390 4244; x_wconf 91' lang='lat' dir='ltr'>(l)</span> <span class='ocrx_word' id='word_1_235' title='bbox 409 4172 567 4228; x_wconf 85' lang='lat' dir='ltr'>Secretaria</span> <span class='ocrx_word' id='word_1_236' title='bbox 586 4171 716 4226; x_wconf 88' lang='lat' dir='ltr'>Brevium</span> <span class='ocrx_word' id='word_1_237' title='bbox 735 4171 784 4226; x_wconf 89' lang='lat' dir='ltr'>dat</span> <span class='ocrx_word' id='word_1_238' title='bbox 801 4172 912 4225; x_wconf 84' lang='lat' dir='ltr'>litteras</span> <span class='ocrx_word' id='word_1_239' title='bbox 927 4171 1049 4242; x_wconf 82' lang='lat' dir='ltr'>perinde</span> <span class='ocrx_word' id='word_1_240' title='bbox 1067 4171 1164 4225; x_wconf 82' lang='lat' dir='ltr'>valere</span> <span class='ocrx_word' id='word_1_241' title='bbox 1190 4170 1224 4223; x_wconf 85' lang='lat' dir='ltr'>ad</span> <span class='ocrx_word' id='word_1_242' title='bbox 1249 4167 1373 4223; x_wconf 81' lang='lat' dir='ltr'>sananda</span> <span class='ocrx_word' id='word_1_243' title='bbox 1390 4181 1441 4219; x_wconf 79' lang='lat' dir='ltr'>sua</span> 
     </span>
     <span class='ocr_line' id='line_1_32' title="bbox 264 4272 1441 4347; baseline -0.008 -14"><span class='ocrx_word' id='word_1_244' title='bbox 264 4278 377 4344; x_wconf 86' lang='lat' dir='ltr'>Brevia;</span> <span class='ocrx_word' id='word_1_245' title='bbox 396 4278 453 4331; x_wconf 86' lang='lat' dir='ltr'>alia</span> <span class='ocrx_word' id='word_1_246' title='bbox 466 4276 638 4347; x_wconf 82' lang='lat' dir='ltr'>Dycasteria‚</span> <span class='ocrx_word' id='word_1_247' title='bbox 653 4276 742 4331; x_wconf 90' lang='lat' dir='ltr'>veluti</span> <span class='ocrx_word' id='word_1_248' title='bbox 755 4276 985 4345; x_wconf 78' lang='lat' dir='ltr'>Paenitentiaria,</span> <span class='ocrx_word' id='word_1_249' title='bbox 1003 4276 1089 4331; x_wconf 89' lang='lat' dir='ltr'>etiam</span> <span class='ocrx_word' id='word_1_250' title='bbox 1108 4276 1175 4330; x_wconf 83' lang='lat' dir='ltr'>dant</span> <span class='ocrx_word' id='word_1_251' title='bbox 1193 4275 1304 4329; x_wconf 86' lang='lat' dir='ltr'>litteras</span> <span class='ocrx_word' id='word_1_252' title='bbox 1318 4272 1441 4342; x_wconf 71' lang='lat' dir='ltr'>perinde</span> 
     </span>
    </p>
   </div>
   <div class='ocr_carea' id='block_1_6' title="bbox 261 4384 1028 4453">
    <p class='ocr_par' dir='ltr' id='par_1_10' title="bbox 261 4384 1028 4453">
     <span class='ocr_line' id='line_1_33' title="bbox 261 4384 1028 4453; baseline -0.004 -14"><span class='ocrx_word' id='word_1_253' title='bbox 261 4387 369 4453; x_wconf 84' lang='lat' dir='ltr'>valere,</span> <span class='ocrx_word' id='word_1_254' title='bbox 388 4385 423 4439; x_wconf 87' lang='lat' dir='ltr'>ad</span> <span class='ocrx_word' id='word_1_255' title='bbox 441 4384 578 4439; x_wconf 86' lang='lat' dir='ltr'>sanandas</span> <span class='ocrx_word' id='word_1_256' title='bbox 596 4402 660 4438; x_wconf 87' lang='lat' dir='ltr'>suas</span> <span class='ocrx_word' id='word_1_257' title='bbox 678 4384 789 4439; x_wconf 89' lang='lat' dir='ltr'>litteras</span> <span class='ocrx_word' id='word_1_258' title='bbox 808 4384 1028 4453; x_wconf 88' lang='lat' dir='ltr'>dispensationis.</span> 
     </span>
    </p>
   </div>
   <div class='ocr_carea' id='block_1_7' title="bbox 0 0 1650 5109">
    <p class='ocr_par' dir='ltr' id='par_1_11' title="bbox 0 0 1650 5109">
     <span class='ocr_line' id='line_1_34' title="bbox 0 0 1650 5109; baseline 0 0"><span class='ocrx_word' id='word_1_259' title='bbox 0 0 1650 5109; x_wconf 95' lang='lat' dir='ltr'> </span> 
     </span>
    </p>
   </div>
  </div>
 </body>
</html>
