3292 5109
287 248 334 316 36
807 270 892 317 rans
916 270 953 317 n.

287 389 416 473 quaudo
430 389 472 455 ab
488 391 537 456 Εο
553 410 708 478 expresse
724 390 940 467 indicebatur;
957 392 1129 477 omniaque
1143 392 1278 460 decreta
1292 394 1370 461 Eius
1385 402 1468 464 nutu

287 516 468 584 edebantur
490 520 523 583 et
551 536 648 581 manu
674 516 897 602 signabantur.
927 518 996 582 lam
1018 522 1165 603 tempore
1187 516 1283 585 caru.
1308 519 1354 585 De
1376 520 1471 587 Luca

286 642 468 709 huiusmodi
488 641 705 729 congregatio
728 643 837 708 rarius
859 642 976 709 haberi
990 642 1115 709 solebat
1129 648 1163 709 et
1177 643 1218 710 de
1232 644 1296 712 boc
1311 666 1403 713 more
1417 646 1468 737 (1)

374 876 414 944 (l)
434 874 485 929 llic
498 876 605 929 Auctor
616 891 660 945 op.
674 876 717 929 cit.
732 874 751 927 l.
765 892 788 929 c.
801 892 829 929 n.
842 876 887 929 36
899 876 1001 931 asserit
1018 874 1197 947 signaturam
1209 875 1324 933 Gratiae
1341 880 1466 935 maxims

283 1001 347 1039 oum
371 984 495 1039 utilitate
519 981 617 1037 baberi
635 996 701 1038 «....
714 986 773 1036 tum
792 984 829 1036 ob
847 982 1067 1038 consolationem
1085 982 1268 1053 litigantium,
1283 984 1331 1055 qui
1350 1002 1380 1041 se
1400 1001 1467 1054 gra-

283 1097 364 1146 vatos
382 1090 427 1147 vel
445 1106 590 1160 oppressos
608 1088 732 1156 credunt,
751 1087 871 1143 habendi
890 1087 965 1143 bunc
985 1105 1127 1145 recursum
1146 1090 1180 1144 ad
1198 1089 1363 1160 Supremum
1380 1092 1463 1146 Prin-

283 1195 373 1265 cipem
387 1194 434 1265 qui
453 1194 494 1247 ita
514 1190 624 1262 publice
642 1196 672 1247 et
689 1191 853 1247 solemniter
871 1207 968 1246 eorum
986 1192 1048 1246 iura
1067 1193 1163 1247 audiat
1180 1199 1209 1249 et
1227 1195 1381 1260 examinet,
1401 1200 1464 1251 tum

279 1300 369 1381 etiam
388 1298 429 1369 (et
447 1299 558 1365 fortius)
577 1296 708 1368 quoniam
726 1296 800 1351 istud
819 1304 863 1352 est
882 1298 1007 1351 omnium
1034 1295 1156 1352 iudicum
1175 1301 1203 1353 et
1221 1298 1382 1354 officialium
1400 1317 1464 1355 ma·

282 1423 368 1476 gnum
392 1404 518 1461 fraenum
537 1402 572 1457 sd
591 1401 728 1457 iustitiam
746 1404 817 1458 bene
842 1402 1089 1458 administrandam
1113 1403 1225 1475 aliaque
1243 1404 1315 1460 bene
1340 1408 1465 1476 gerenda

281 1528 354 1583 quae
375 1511 486 1581 proprio
505 1508 612 1564 muneri
638 1509 816 1573 incumbunt;
835 1507 899 1562 dum
918 1509 960 1562 ita
980 1510 1073 1563 sciunt
1091 1525 1121 1564 se
1138 1510 1301 1581 frequenter
1319 1511 1464 1581 expositos

280 1634 342 1673 esse
361 1617 430 1672 adeo
448 1616 560 1686 publico
584 1614 748 1687 synducatui
774 1613 803 1667 in
822 1629 878 1684 quo
896 1612 931 1667 de
949 1630 1046 1667 eorum
1070 1614 1158 1682 gestis
1182 1615 1320 1671 rationem
1345 1616 1463 1673 reddere

278 1722 382 1779 debent
397 1698 490 1777 coram
503 1721 633 1791 Principe
652 1720 680 1774 in
699 1718 768 1774 adeo
786 1718 905 1774 solemni
923 1722 1005 1773 coetu
1018 1716 1206 1773 cardinalium
1219 1735 1252 1773 ac
1265 1719 1460 1775 Praelatorum

278 1827 454 1899 aliorumque
477 1824 650 1891 officialium
671 1840 704 1878 ac
722 1824 806 1879 etiam
826 1824 863 1877 ob
881 1822 985 1877 multas
1010 1822 1221 1878 informationes
1244 1840 1314 1893 quas
1338 1824 1461 1905 prudens

277 1937 308 1989 et
325 1934 454 1989 oculatus
472 1932 604 2001 Princeps
623 1934 766 2001 reportare
784 1934 876 1999 potest
894 1945 927 1982 ac
944 1928 1018 1983 solet
1035 1946 1053 1983 a
1069 1928 1221 1984 curielibus
1235 1934 1265 1984 et
1277 1931 1312 2009 ab
1331 1931 1462 2000 ipsismet

277 2042 403 2111 partibus
423 2041 597 2096 interessetis
615 2040 761 2093 occasione
779 2037 931 2109 recipiendi
949 2036 1107 2108 singulares
1119 2041 1149 2091 et
1160 2036 1361 2108 quodammodo
1379 2040 1457 2093 auri-

276 2146 387 2201 culsres
406 2146 617 2200 informationes
637 2144 740 2215 absque
758 2143 878 2197 alicuius
899 2142 1072 2209 assistentia,
1091 2142 1160 2197 adeo
1178 2156 1210 2197 ut
1228 2142 1317 2198 libere
1335 2143 1390 2198 dici
1408 2160 1460 2199 ra·

275 2252 335 2309 leat
347 2253 413 2323 quid
432 2253 484 2306 sibi
504 2252 645 2317 videatur3
665 2250 807 2321 potissime
826 2250 974 2320 quiscum
993 2264 1049 2303 uno
1062 2253 1091 2304 et
1104 2249 1269 2321 quandoque
1287 2250 1373 2304 etiam
1392 2267 1456 2305 cum

274 2359 382 2413 duobus
402 2358 554 2413 curialibus
572 2356 763 2412 defensoribus
786 2356 897 2409 admitti
916 2354 989 2408 solet
1007 2354 1042 2408 ad
1060 2354 1230 2410 audientiam
1249 2356 1310 2424 ipsa
1327 2372 1392 2425 pars
1409 2357 1457 2411 in·

274 2472 413 2523 teressata
431 2484 502 2539 quae
521 2468 610 2536 magis
629 2466 717 2519 libere
735 2480 783 2518 seu
803 2463 895 2517 minue
921 2463 1121 2533 circumspecte
1146 2466 1267 2531 exponat
1290 2464 1458 2531 gravamina

273 2588 345 2643 quae
364 2572 417 2627 sibi
437 2577 465 2628 et
485 2571 548 2627 aliis
566 2573 601 2627 ab
621 2587 655 2627 eo
674 2569 807 2626 tribunali
826 2569 872 2624 vel
896 2568 1009 2623 officiali
1035 2568 1131 2623 inferri
1149 2567 1256 2633 credat,
1275 2567 1392 2639 ideoque
1410 2573 1457 2624 est

271 2682 379 2751 optima
397 2688 426 2738 et
444 2687 601 2752 opportuna
619 2681 703 2734 ianua
725 2696 773 2749 per
792 2695 876 2750 quam
899 2678 994 2732 licitus
1015 2676 1145 2733 reddatur
1163 2677 1305 2746 ingressus
1324 2678 1454 2745 ueritati,

271 2806 343 2861 quae
363 2791 478 2844 nimium
499 2805 562 2843 raro
581 2788 661 2843 illum
680 2787 765 2842 babet
782 2788 812 2841 iu
831 2788 903 2841 aulis
922 2786 1098 2856 Principum,
1116 2801 1150 2839 ac
1168 2784 1284 2838 nimium
1309 2801 1454 2841 commen·

270 2893 363 2949 debile
388 2892 534 2949 dicendum
553 2896 597 2947 eet
615 2892 775 2946 institutum
800 2890 873 2962 quod
891 2887 981 2958 magis
1004 2889 1176 2960 frequentari
1201 2887 1329 2953 deberet,
1347 2904 1403 2943 nou
1420 2890 1451 2943 iu

269 2996 330 3051 sola
349 2997 459 3051 ratione
478 2993 635 3066 explicandi
648 2992 700 3047 illa
713 2993 827 3064 negotiu
845 3009 917 3064 quae
936 2990 1086 3047 omniarel
1105 3006 1155 3061 pro
1166 2990 1265 3045 maiori
1284 2995 1364 3061 parte
1376 3006 1452 3047 com·

269 3101 348 3157 mode
367 3100 501 3173 explicari
522 3103 634 3170 possent
645 3099 674 3152 in
688 3114 808 3162 camera,
821 3098 869 3153 sed
882 3114 932 3168 pro
945 3098 1020 3153 dicto
1032 3097 1089 3151 alio
1100 3097 1186 3152 etiam
1199 3096 1314 3167 politico
1331 3098 1387 3154 fine
1405 3115 1454 3155 re·

268 3210 381 3279 giminis
401 3208 504 3281 publici
527 3208 669 3279 utriusque
683 3206 900 3277 principatus-s.
920 3207 950 3259 ln
969 3206 1041 3261 idem
1054 3206 1225 3275 propositum
1239 3208 1325 3261 refert
1338 3206 1449 3262 Moroni

267 3318 442 3383 (Disiunorio
456 3317 486 3369 di
500 3314 665 3369 eruditione
678 3316 729 3367 etc.
743 3314 794 3366 sub
814 3314 843 3365 V.
860 3312 1021 3379 Audienda)
1031 3311 1181 3365 Pontifices
1193 3310 1291 3365 solitos
1302 3313 1388 3368 fuisse
1398 3330 1450 3382 pu·

266 3420 355 3476 blicas
373 3422 523 3477 concedere
537 3420 693 3474 audientiae
712 3424 743 3473 ut
762 3418 796 3472 ad
815 3419 918 3473 Eorum
932 3435 1014 3473 aures
1026 3418 1166 3474 deferrent
1178 3418 1282 3471 subditi
1295 3436 1360 3473 suus
1377 3420 1450 3489 peti·

266 3528 356 3581 tiones
369 3531 398 3581 et
410 3526 546 3597 querelas.
556 3524 712 3585 -Quenta
722 3523 911 3578 sollicitudine
924 3529 954 3577 et
968 3523 1114 3594 prudentia
1127 3522 1179 3577 hoc
1191 3524 1296 3577 factum
1310 3524 1355 3589 sit,
1365 3524 1449 3584 docet

265 3631 386 3685 invictus
411 3648 488 3685 amor
513 3647 568 3703 quo
593 3646 680 3700 usque
699 3629 817 3700 populus
837 3630 978 3683 Romanus
1002 3629 1184 3683 Pontificibus
1209 3627 1359 3683 adstrictus
1375 3632 1447 3700 fuit,

264 3742 399 3807 quantum
419 3752 485 3791 vero
499 3742 576 3791 recta
590 3735 714 3790 iustitiae
734 3733 940 3789 administratio
958 3734 1052 3789 valeat
1070 3734 1104 3788 ad
1120 3734 1255 3804 regendos
1267 3736 1384 3805 imperio
1397 3754 1449 3807 pos

265 3838 353 3907 pulos,
364 3840 466 3894 diserte
481 3841 575 3893 monet
587 3836 706 3892 historia
718 3836 826 3892 mediae
835 3838 945 3904 aetatis,
955 3837 1066 3908 quando
1076 3838 1226 3891 Pontifices
1236 3837 1342 3894 iudices
1350 3840 1445 3896 effecti

263 3950 329 4000 suut
343 3946 463 4000 universi
477 3944 560 4012 orbis,
575 3943 647 3999 unde
657 3944 785 3999 certatim
800 3949 899 4012 gentes
912 3961 963 3997 ena
972 3960 1058 4014 regna
1067 3943 1220 3998 reddebant
1228 3959 1359 4000 romanae
1370 3946 1446 4001 sedis

262 4052 421 4123 vectigalia.
434 4079 469 4094 -
483 4051 560 4114 Quod
579 4056 673 4105 autem
692 4050 800 4105 romani
815 4050 966 4105 Pontifices
984 4066 1039 4105 non
1052 4050 1268 4120 dedignarentur
1288 4051 1444 4106 sententias

262 4160 376 4215 reddere
395 4158 539 4214 iudiciales
558 4160 588 4213 in
607 4158 804 4213 controversiis
823 4157 995 4227 privatorum
1008 4158 1142 4228 cuiusque
1154 4158 1258 4212 ordinis
1271 4158 1382 4223 civium,
1395 4174 1442 4212 re·

260 4264 355 4320 ferunt
375 4240 534 4317 Decretales
552 4277 670 4333 quarum
689 4260 775 4316 codex
794 4264 838 4315 est
855 4260 994 4329 insignius
1014 4261 1139 4317 iustitiae
1164 4267 1381 4317 monumentum.
1400 4262 1444 4320 De

260 4372 339 4441 praxi
352 4372 520 4442 Signatum
533 4370 655 4438 Gratiae,
667 4368 747 4440 plura
756 4369 869 4425 disserit
879 4368 1001 4435 Villetti,
1010 4368 1124 4423 Pratica
1132 4370 1212 4425 delia
1221 4372 1301 4425 curia
1312 4386 1441 4425 romanu.
