3292 5109
727 582 908 653 TITULUS
931 586 991 653 XI.

484 838 528 884 DE
552 838 578 885 S.
604 840 636 886 lt.
662 838 975 887 conenneffloauu
997 837 1230 886 economum:

425 960 486 1008 SEU
511 962 554 1009 DE
578 962 616 1009 Vl
640 961 735 1016 QUAM
759 962 895 1009 HABENT
918 963 1109 1010 EARUMDEM
1133 961 1297 1015 DEGRETA,

602 1086 807 1141 nemsIottlts,
834 1086 1119 1134 DECLARATIONES.

269 1292 484 1351 summarium.
499 1324 533 1337 -
552 1298 613 1351 282.
628 1297 713 1351 Valor
727 1303 807 1351 ectus
823 1297 1039 1352 administrativi
1052 1301 1230 1352 mensuratur
1242 1297 1331 1365 primo
1343 1313 1362 1348 α
1374 1312 1447 1349 com-

354 1408 486 1472 petentia,
499 1403 562 1458 dein
583 1406 617 1458 ab
630 1409 795 1459 auctoritate
808 1422 863 1476 qua
877 1405 965 1475 pollet
977 1404 1161 1475 Magistratus
1173 1403 1218 1458 vel
1231 1403 1396 1472 Collegium.
1411 1430 1447 1444 -

356 1510 417 1563 283.
437 1510 532 1571 Quoad
552 1517 630 1565 actus
645 1530 720 1583 pure
740 1515 899 1569 executioos
917 1512 961 1568 vel
978 1530 1052 1583 pure
1070 1513 1219 1567 iudiciales
1231 1511 1384 1565 auctoritas
1402 1510 1448 1567 de·

357 1619 476 1673 sumitur
494 1636 528 1674 ex
548 1622 608 1689 ipsa
626 1625 728 1673 nature
746 1625 833 1673 actus
853 1649 887 1661 -
906 1620 967 1673 284.
990 1619 1116 1682 Decreta,
1136 1619 1299 1684 decisiones,
1319 1617 1447 1672 declara-

356 1727 447 1782 tiones
465 1726 615 1797 aliquando
633 1728 752 1782 eduntur
770 1745 788 1781 a
806 1727 832 1780 S.
847 1728 992 1793 Pontifice,
1005 1726 1170 1797 praehabito
1188 1731 1297 1781 tantum
1317 1724 1446 1780 consultu

356 1830 475 1885 alicuius
488 1832 514 1885 S.
528 1833 768 1903 congregationis.
783 1862 817 1874 -
830 1834 893 1887 285.
907 1832 1070 1887 Huiusmodi
1089 1836 1152 1886 acta
1166 1830 1315 1903 aliquando
1327 1830 1449 1886 eduntur

357 1956 374 1993 a
393 1938 418 1991 S.
439 1938 672 2011 Congregalione,
685 1940 733 1996 sed
752 1940 903 1997 accedente
921 1940 1132 1995 confirmatione
1145 1939 1174 1992 io
1193 1942 1288 2009 forma
1306 1939 1449 1991 communi

357 2044 402 2099 vel
421 2047 550 2116 specifica
575 2064 706 2117 expressa
723 2066 741 2103 e
759 2047 785 2101 S.
805 2047 951 2103 Pontifice.
970 2076 1004 2089 -
1023 2047 1084 2100 286.
1106 2046 1264 2117 Aliquando
1289 2044 1447 2102 huiusmodi

357 2149 427 2200 actis
446 2148 524 2203 nulla
543 2150 650 2205 secedit
675 2150 859 2205 confirmatio.
878 2148 985 2204 Exinde
1008 2148 1088 2203 valor
1113 2153 1240 2217 actorum
1264 2149 1448 2204 diversimodo

357 2254 536 2323 perpenditur
564 2257 591 2309 in
620 2256 696 2311 hisce
724 2258 814 2311 tribus
849 2257 1007 2327 generibus
1038 2284 1073 2297 -
1105 2258 1166 2311 287.
1191 2256 1316 2317 Quatuor
1342 2272 1448 2326 genera

357 2366 482 2417 actorum
495 2382 566 2436 quae
579 2365 755 2419 distinximus
768 2370 877 2420 ratione
895 2369 1016 2436 semeae,
1029 2382 1129 2435 nempe
1144 2364 1265 2429 decreta,
1280 2365 1448 2430 sententiae,

357 2467 505 2536 rescripta,
524 2467 667 2537 epistolae,
689 2486 723 2524 ex
743 2469 848 2539 regulis
867 2486 951 2538 snpra
968 2467 1103 2538 expositis
1122 2468 1329 2539 perpenduntur
1347 2468 1377 2522 in
1395 2482 1448 2521 suo

357 2572 465 2638 valore;
485 2576 587 2645 quippe
611 2579 719 2631 ratione
743 2577 916 2631 auctoritatis
938 2576 1108 2630 reducuntur
1132 2574 1166 2628 ed
1190 2592 1278 2628 riuum
1301 2592 1336 2628 ex
1355 2574 1446 2629 tribus

357 2679 506 2747 generibus
525 2678 577 2734 hoc
596 2681 708 2736 nomine
726 2680 874 2736 distinctis.
890 2709 928 2723 -
945 2680 1006 2734 288.
1026 2680 1079 2735 Sed
1098 2684 1161 2733 eota
1179 2679 1377 2750 cuiuscumque
1394 2696 1448 2747 ge·

357 2784 431 2839 neris
450 2801 521 2855 quae
540 2784 660 2840 eduntur
678 2804 695 2839 s
713 2786 740 2839 S.
760 2786 1032 2857 congregationibus
1055 2786 1205 2855 specialem
1230 2786 1283 2839 sibi
1305 2784 1449 2839 vindicant

357 2891 553 2945 auctoritatem
573 2896 710 2961 quatenus
728 2892 812 2945 dubia
831 2892 900 2946 iuris
918 2892 1148 2962 interpretantur.

357 3122 432 3187 282.
460 3124 496 3187 ln
520 3142 642 3209 genere
672 3130 705 3189 et
730 3126 762 3187 in
785 3126 893 3210 specie
916 3124 956 3189 de
979 3123 1290 3210 congregationibus
1312 3127 1447 3211 egimus,

268 3270 380 3315 earum
404 3250 561 3335 originem
585 3256 618 3315 et
641 3257 790 3317 naturam
811 3250 1021 3336 explicantes,
1046 3250 1215 3316 enucleata
1235 3269 1361 3334 quoque
1377 3251 1445 3315 Tri·

267 3373 429 3439 bonolium
454 3378 487 3437 et
511 3371 701 3439 Officiorum
725 3374 970 3450 constitutione;
994 3373 1080 3438 unde
1096 3374 1216 3440 clarius
1233 3374 1446 3459 potuitquae

268 3518 341 3563 nam
365 3504 450 3563 esset
473 3499 610 3562 istarum
634 3498 757 3564 indoles
781 3504 814 3565 et
837 3500 1002 3564 institutio.
1028 3498 1124 3564 Modo
1147 3497 1307 3583 agendum
1330 3497 1371 3563 de
1386 3518 1446 3563 au·

267 3624 417 3688 ctoritate
441 3622 471 3689 S.
499 3606 802 3709 Congregationum‚
820 3623 860 3689 de
884 3644 948 3707 que
969 3626 1140 3710 perspicue
1164 3630 1198 3692 et
1220 3630 1336 3691 exacte
1357 3624 1445 3708 loqui

266 3767 331 3812 non
363 3746 413 3813 fes
444 3753 515 3813 erat
545 3749 606 3813 nisi
634 3748 749 3813 harum
781 3753 916 3821 natura,
948 3751 1035 3813 omni
1066 3769 1109 3814 ex
1140 3753 1251 3834 parte,
1283 3748 1447 3833 explicata

267 3872 389 3937 luisset.
415 3872 495 3937 Nom
519 3872 694 3937 auctoritas
725 3877 775 3937 est
805 3871 943 3955 qualitas
967 3872 1011 3936 ita
1037 3870 1181 3938 subiecto
1211 3872 1388 3936 inhaerens
1411 3876 1448 3935 ut

267 3998 329 4063 hoc
360 4017 424 4061 non
455 3998 600 4083 apprime
631 3998 758 4082 cognito
791 4002 823 4061 et
853 4003 1023 4082 perspecto
1051 4017 1156 4081 neque
1180 3996 1237 4061 illa
1267 3996 1448 4082 adaequate

267 4121 497 4207 comprehendi
521 4123 628 4207 possit.
648 4121 836 4187 -ceterum
858 4120 1043 4187 disserimus
1066 4120 1106 4186 de
1129 4123 1321 4189 auctoritate
1337 4126 1372 4188 ut
1387 4122 1445 4188 de-

266 4243 423 4319 finiamus,
438 4247 565 4331 quinem
582 4247 624 4310 sit
639 4245 732 4311 valor
747 4254 893 4312 actorum
909 4266 991 4330 quae
1006 4266 1027 4311 a
1041 4246 1354 4334 congregationibus
1369 4266 1447 4331 pro-

266 4374 412 4445 manant;
436 4371 529 4434 valor
553 4371 638 4433 enim
658 4369 794 4435 alicuius
814 4369 939 4435 decreti
963 4371 1066 4455 primo
1082 4370 1266 4437 dimetimur
1281 4390 1302 4436 a
1316 4389 1447 4455 compe·
