3292 5109
899 125 909 153 1

631 225 739 272 INDEX
763 225 965 273 SYNOPTICUS

679 470 839 526 TITULUS
858 471 904 525 vt.

418 627 455 666 ott
476 629 715 668 GONGREGATlONE
739 629 840 669 SAGRIS
864 629 975 668 mutetis
994 629 1170 668 Patarostt'a

439 734 476 772 ET
495 735 531 773 ott
551 735 625 774 Attis
647 734 933 774 coneuaoatrotttotts
952 735 981 773 at
1000 734 1149 773 subluteus

207 891 264 949 173.
286 893 315 949 ln
335 895 462 950 Ecclesia
481 901 566 968 usqde
586 899 707 950 maxima
725 896 823 952 habita
842 902 885 952 est
902 895 1061 950 sollicitudo
1074 896 1108 951 de
1120 897 1206 950 sacris
1219 897 1258 950 ri·

310 1007 393 1070 tibus,
407 1006 454 1060 sed
468 1023 563 1060 eorum
582 1023 647 1060 usus
660 1021 715 1060 non
729 1022 838 1075 semper
850 1007 904 1060 fuit
916 1006 1065 1061 conformis
1078 1005 1151 1076 apud
1163 1021 1258 1060 omnes

309 1110 449 1164 Ecclesiae
490 1149 1208 1164 .................
1241 1127 1310 1180 pap.
1329 1110 1383 1163 207

206 1215 263 1269 174.
283 1215 369 1285 Origo
389 1216 621 1286 Congregationis
640 1216 787 1271 Sacrorum
808 1216 924 1270 Rituum
937 1256 1254 1270 ........
1292 1232 1310 1272 t>
1329 1215 1382 1270 208

204 1322 263 1378 175.
282 1323 391 1392 Duplex
409 1341 517 1390 munus,
535 1325 658 1378 alterum
676 1323 752 1377 circa
770 1325 848 1389 ritus,
868 1323 931 1376 iura
944 1322 1148 1392 praelationum
1161 1327 1189 1376 et
1202 1320 1259 1375 alia

309 1425 336 1478 id
355 1442 444 1494 genus
462 1427 491 1480 in
510 1445 531 1479 s.
550 1426 748 1492 functionibus,
760 1427 886 1480 altanum
902 1426 977 1479 circa
995 1442 1094 1479 causas
1107 1425 1256 1479 Beatitica·

309 1531 416 1584 tionum
435 1537 464 1587 et
482 1531 729 1585 Canonizationum
760 1568 1255 1586 .............
1294 1546 1309 1582 a
1329 1529 1383 1582 209

203 1634 262 1688 lte.
283 1634 322 1690 De
341 1635 506 1689 officialibus
524 1635 571 1706 qui
590 1635 619 1689 in
639 1653 723 1689 unum
742 1640 792 1689 aut
810 1635 959 1705 praecipue
972 1635 999 1687 in
1016 1635 1136 1689 alterum
1154 1652 1254 1688 munus

308 1741 456 1796 intendunt
492 1779 1255 1794 ..................
1293 1756 1311 1796 a
1341 1741 1381 1794 ibi

204 1847 261 1899 177.
281 1846 474 1916 competentia
492 1845 574 1900 huius
592 1845 825 1915 Congregationis
844 1886 1252 1901 ..........
1289 1864 1305 1900 a
1325 1848 1374 1901 211

202 1952 261 2006 178.
282 1953 450 2008 Procedendi
470 1954 542 2008 ratio
562 1955 590 2008 in
612 1969 715 2022 genere
751 1991 1161 2006 ..........
1172 1959 1207 2006 ·.
1244 1993 1250 2006 .
1289 1952 1378 2009 »213

204 2059 261 2112 179.
282 2059 321 2114 De
341 2061 425 2113 variis
444 2061 588 2129 speciebus
606 2065 793 2114 conventuum
812 2076 861 2115 seu
881 2059 1129 2129 congregationum
1157 2099 1163 2112 .
1202 2100 1208 2112 .
1246 2101 1252 2112 .
1290 2058 1378 2116 »214

201 2161 260 2218 180.
280 2163 320 2217 De
339 2163 550 2218 collectionibus
568 2163 738 2218 decisionum
757 2161 840 2217 huius
859 2162 885 2216 S.
905 2162 1163 2232 Congregationis.
1201 2202 1207 2214 .
1245 2202 1252 2215 .
1290 2161 1381 2218 »215

395 2395 413 2456 ἕ
435 2391 457 2445 l.
478 2392 520 2445 De
537 2393 664 2445 methodo
684 2408 739 2460 qua
757 2392 952 2444 instaurantur
971 2400 997 2444 et
1009 2391 1182 2458 definiuntur

466 2514 566 2552 caueae
586 2497 828 2567 Beatificationum
846 2508 873 2552 ot
891 2496 1146 2551 denuntiationes.

201 2689 258 2743 181.
281 2690 466 2757 (11110111εωί0,
485 2695 582 2760 suapte
601 2690 638 2756 vi,
658 2695 701 2744 est
719 2707 803 2744 causa
822 2691 911 2744 maior
930 2706 979 2744 eeu
998 2695 1141 2745 reservata
1156 2691 1253 2745 defini·

305 2796 376 2850 tioni
397 2796 475 2851 Rom.
496 2795 654 2862 Pontificie;
674 2797 848 2865 Beatificotio
867 2797 956 2850 serius
981 2797 1081 2850 effecta
1105 2801 1149 2852 est
1171 2814 1255 2851 causa

304 2900 393 2955 maior
394 2939 1201 2955 ...................
1235 2919 1303 2974 pap.
1324 2903 1378 2958 218

199 3003 257 3059 182.
279 3003 408 3058 Urbanus
436 3002 498 3056 Vlll
524 3003 646 3058 celebria
670 3003 756 3058 edidit
783 3003 905 3069 decreta,
929 3004 1031 3074 quibus
1049 3005 1253 3074 sapientissime

303 3111 446 3165 ordinatus
464 3111 519 3190 suit
538 3127 691 3179 processus,
709 3127 805 3165 severe
824 3110 973 3177 iudicialis,
992 3113 1021 3165 in
1040 3111 1084 3165 his
1103 3112 1207 3165 causis.
1245 3151 1252 3164 .
1289 3127 1307 3168 a
1337 3111 1376 3165 ibi

199 3217 257 3274 183.
277 3219 352 3273 Haec
370 3219 484 3272 decreta
507 3217 613 3272 nullam
639 3218 695 3271 uim
720 3217 897 3272 abstulerunt
923 3217 1127 3288 Diplomatibus
1152 3217 1250 3271 Ponti·

302 3327 373 3381 ficiis
391 3326 625 3392 canonizationis,
644 3326 677 3379 ad
697 3342 779 3397 quam
799 3325 970 3396 simpliciore
988 3327 1097 3380 ratione
1115 3324 1252 3380 hactenus

302 3433 450 3486 deventum
468 3434 575 3494 tuerat3
594 3447 684 3502 neque
704 3430 810 3484 cultum
833 3431 1003 3500 derogarunt
1027 3431 1130 3497 Baetis,
1148 3430 1191 3484 uti
1210 3434 1253 3484 ta·

301 3537 384 3604 libus,
403 3555 420 3591 a
438 3539 540 3608 populo
553 3537 673 3593 excultis
684 3538 816 3592 diuturna
834 3537 1041 3593 consuetudine.
1058 3536 1251 3607 0110151131-

302 3646 348 3696 tur
366 3641 400 3696 de
419 3640 575 3696 huiusmodi
594 3641 672 3695 cultu
691 3641 842 3710 probando,
860 3647 927 3696 tunc
953 3657 1098 3710 processus
1121 3641 1183 3694 fieri
1207 3641 1251 3694 di·

301 3747 375 3800 citur
394 3763 442 3816 per
461 3747 533 3802 riam
554 3763 635 3801 casus
654 3749 765 3817 excepti
798 3785 1250 3800 ...........
1287 3763 1306 3803 a
1335 3747 1374 3801 ibi

196 3853 254 3908 184.
276 3853 317 3906 Ex
336 3854 460 3919 adverso,
479 3866 623 3923 processus
641 3853 797 3906 ordinarius
817 3853 918 3906 dicitur
941 3853 1002 3907 lieri
1021 3869 1070 3922 per
1096 3851 1169 3904 viem
1193 3869 1250 3906 non

301 3961 408 4028 cultus,
432 3962 498 4032 quia
523 3961 548 4014 S.
574 3960 659 4014 Sedes
684 3977 795 4014 causam
822 3977 876 4014 non
905 3960 1058 4013 introducit
1085 3960 1138 4012 nisi
1166 3964 1251 4014 antea

300 4068 458 4122 constiterit
476 4069 510 4122 de
527 4068 602 4122 tama
627 4069 784 4122 sanctitatis
810 4067 949 4121 disiuncto
967 4085 984 4119 a
1001 4083 1176 4138 quocumque
1199 4085 1250 4138 pu·

300 4173 373 4228 blico
392 4174 469 4228 cultu
483 4211 1246 4228 ..................
1283 4190 1301 4232 a
1320 4174 1374 4229 219

194 4281 253 4336 185.
273 4281 422 4336 Processus
441 4282 488 4352 qui
506 4283 578 4336 fiunt
597 4283 747 4352 antequem
766 4279 793 4333 S.
813 4280 901 4351 (long.
921 4297 1019 4333 manus
1037 4281 1199 4349 apposuerit
1217 4282 1247 4334 in
