3292 5109
436 292 480 341 on
504 292 644 342 inmens
668 292 934 341 necne-smannens
1219 272 1284 338 137

118 438 172 483 non
192 421 284 506 parvi
309 438 371 485 nec
393 420 487 506 pauci
509 420 573 505 iam
596 420 801 505 irrepserunt
828 438 977 493 errores,
1001 417 1042 483 ad
1071 415 1284 483 auferendum

116 542 325 627 quodcumque
349 544 480 610 unitatis
504 542 715 617 obstaculum,
739 543 907 611 constituit
936 543 1108 631 specialem
1135 542 1284 607 commis-

116 667 236 741 sionem,
253 673 443 753 excerptam
459 687 504 733 ex
518 667 672 733 membris
693 669 955 753 congregationis
969 688 1029 754 pro
1043 667 1181 754 negotiis
1205 666 1286 731 ritus

115 791 280 862 orientalis,
304 790 345 857 ad
367 790 571 859 amisionem
600 796 632 857 et
654 790 898 859 correctionem
925 790 1093 858 librorum
1115 788 1286 857 Ecclesiae

118 914 288 983 (immtatis
311 915 497 981 curandam.
521 916 573 981 En
596 914 780 981 decretum:
801 914 915 980 «Cum
938 920 1044 981 autern
1068 916 1155 981 inter
1177 913 1287 978 omnia

116 1039 276 1103 orientalia
298 1040 436 1126 negotia.
460 1038 537 1105 huic
556 1038 807 1125 Congregationi
831 1058 853 1103 a
868 1038 965 1103 Nobis
988 1037 1166 1110 commissa
1187 1036 1285 1101 conti·

117 1169 225 1229 neatur
238 1167 334 1231 ctiam
350 1164 501 1250 quidquid
515 1164 556 1230 ad
572 1164 714 1231 ciusdem
740 1166 820 1231 ritus
844 1162 1002 1230 librorum
1027 1163 1285 1230 emendationem
1375 1157 1377 1161 ⁴

116 1294 239 1374 spectat.
256 1289 378 1355 idcirco
393 1287 596 1355 declaramus
612 1290 675 1353 iam
692 1308 779 1353 nnnc
794 1289 972 1353 extinctam
988 1288 1285 1373 congregationem,

118 1414 172 1479 hac
188 1415 226 1480 de
240 1435 338 1481 causa
352 1435 373 1479 a
388 1414 487 1481 Olem.
504 1415 552 1481 Xl
570 1416 747 1507 institutam
771 1413 817 1499 (et
840 1420 912 1479 erat
933 1413 1057 1479 stabilis
1081 1420 1114 1479 et
1136 1413 1287 1479 distincta

116 1559 135 1602 a
161 1541 414 1626 congregatione
446 1540 486 1605 de
519 1540 615 1626 Prop.
642 1540 678 1604 F.
710 1538 768 1605 sub
800 1539 910 1605 titulo:
937 1537 1051 1622 Super
1080 1538 1288 1606 correctione

118 1660 296 1747 librorum),
311 1662 415 1730 veluti
433 1682 493 1749 per
514 1662 574 1727 has
596 1662 723 1730 litterae
745 1662 941 1727 anctoritate
964 1669 1076 1727 nostra
1099 1660 1287 1747 Apostolica

119 1785 205 1870 plane
226 1789 452 1873 supprimimus
483 1792 523 1853 eb
547 1788 721 1879 abolemus.
746 1787 905 1853 Volumus
927 1791 1034 1852 tamen
1058 1787 1150 1852 utin
1174 1785 1287 1851 eadem

119 1913 377 1997 congregatione,
408 1912 498 1977 hisce
532 1912 652 1977 nostris
687 1911 805 1979 litteris
840 1912 1015 1977 constituta
1043 1912 1116 1996 (pro
1150 1911 1289 1996 negotiis

121 2036 350 2123 Orientalibus),
374 2038 494 2105 existat
517 2036 698 2103 Cardinalis
723 2021 854 2103 Peneos
884 2056 904 2101 a
932 2036 1029 2102 Nobis
1061 2043 1135 2102 eta
1162 2036 1289 2102 Nostris

121 2156 353 2225 Successoribus
375 2158 481 2225 stabili
504 2158 598 2224 modo
623 2178 752 2243 semper
774 2155 951 2243 eligendus,
975 2157 1029 2241 qui
1053 2176 1187 2221 munere
1210 2156 1287 2221 fun-

121 2284 207 2365 gatar
220 2282 330 2347 sedulo
345 2281 505 2369 dirigendi
519 2282 626 2349 studia
641 2301 724 2367 qnae
740 2282 926 2348 necessaria
940 2279 1070 2346 suntad
1088 2281 1289 2367 colligendos

123 2404 276 2471 Ecclesiae
291 2406 470 2472 Orientalis
489 2426 631 2473 canones
647 2412 680 2471 et
698 2404 738 2471 ad
756 2406 998 2478 examinandos,
1014 2404 1068 2470 ubi
1083 2425 1164 2491 opus
1179 2406 1287 2487 luerit,

122 2550 221 2597 omnes
234 2533 407 2599 orientales
423 2532 524 2599 libros
540 2533 771 2618 cuiuscumque
787 2532 918 2619 generis
934 2534 1007 2613 sint,
1025 2534 1093 2597 sive
1109 2506 1289 2597 huiusmodi

122 2656 187 2722 libri
211 2660 383 2745 respiciant
399 2658 575 2726 Sacrorum
592 2658 771 2725 Bibliorum
786 2659 964 2740 versiones,
980 2659 1048 2723 sive
1063 2656 1289 2725 Gathechesim

122 2784 182 2847 sive
203 2783 403 2869 disciplinam
418 2805 450 2849 ›.

201 2905 295 2971 Aliud
311 2906 510 2993 praesidinm
528 2926 606 2971 sane
623 2904 852 2971 validissimum
865 2903 1039 2971 Pontifices
1051 2902 1155 2969 eidem
1167 2904 1198 2970 S.
1211 2904 1292 2969 Gon-

125 3030 291 3113 gregationi
315 3034 546 3115 compararunt
568 3048 629 3115 per
653 3027 904 3113 typographiam
927 3026 968 3091 ab
992 3024 1122 3091 Urbano
1137 3024 1221 3091 Vlll
1245 3026 1291 3089 in·

126 3152 263 3233 silidam,
287 3136 327 3219 eo
350 3153 485 3219 consilio
515 3158 550 3219 ut
579 3152 618 3218 ad
645 3150 741 3218 fldem
765 3150 1007 3238 propagandam
1029 3154 1160 3236 praesto
1183 3154 1291 3215 esseni

125 3270 191 3337 libri
210 3276 295 3339 inter
318 3272 464 3340 infideles
486 3274 539 3339 vel
563 3275 748 3339 haereticos
774 3271 960 3359 divulgandi
987 3271 1028 3336 ab
1060 3272 1146 3336 omni
1176 3288 1291 3335 errore

126 3396 278 3464 immunes.
296 3398 388 3464 Haec
403 3398 621 3485 typographia
636 3399 670 3462 in
686 3394 877 3483 colligendis
890 3399 977 3483 typis
991 3396 1175 3483 linguarum
1195 3413 1290 3482 prae·

127 3520 209 3605 cipue
230 3523 434 3589 orientalium
458 3521 618 3589 assiduam
642 3542 775 3608 operam
798 3521 966 3608 impendit;
987 3526 1020 3587 et
1042 3521 1101 3585 hos
1120 3526 1215 3607 typos
1236 3519 1292 3585 ha·

127 3641 187 3710 buit
204 3654 268 3713 tum
285 3668 305 3711 a
319 3646 539 3733 typographia
550 3648 714 3713 Vaticana
729 3648 791 3711 iam
814 3665 836 3710 a
849 3646 941 3713 Sixto
953 3646 984 3711 V
997 3645 1142 3710 instituta
1157 3652 1190 3713 et
1203 3666 1291 3711 com·

129 3771 213 3837 missa
234 3774 364 3859 speciali
388 3774 640 3860 (longregationi
664 3775 697 3837 in
723 3772 830 3839 const.
856 3774 1038 3843 immensa.
1064 3775 1133 3835 tum
1163 3792 1184 3835 a
1212 3772 1291 3836 Mis·

129 3894 262 3963 donariis
285 3898 419 3984 recepit,
436 3899 490 3983 qui
509 3917 586 3963 suae
610 3897 864 3983 congregationi
886 3898 920 3961 in
942 3895 1015 3968 hoc,
1039 3896 1086 3961 uti
1109 3896 1143 3959 in
1165 3896 1238 3961 aliis
1260 3892 1292 3959 id

128 4034 217 4100 genus
231 4020 397 4105 incoeptis,
414 4038 479 4085 non
494 4039 611 4107 parum
627 4020 697 4086 usui
713 4019 848 4087 fuerunt
859 4018 915 4107 (l).
929 4017 1056 4083 Exinde
1075 4018 1293 4105 typographia

204 4298 242 4374 (l)
263 4301 302 4357 Ut
321 4306 417 4372 pateat
434 4304 570 4374 quantum
589 4300 660 4357 baec
681 4301 873 4371 Congregatio
890 4300 1042 4356 contulerit
1059 4300 1094 4355 ad
1112 4302 1293 4356 scientiarum

128 4402 273 4477 artiumque
292 4422 468 4477 progressum
487 4406 711 4477 promovendum,
729 4405 808 4459 iuvat
824 4404 948 4460 recolere
961 4404 1072 4459 litteras
1086 4403 1245 4477 encyclicas
1257 4405 1293 4458 ab
