3292 5109
448 493 672 597 INDEX
716 494 1153 602 SYNOPTICUS

622 985 726 1070 LIBRI
753 985 804 1070 1·
827 985 927 1072 11111
950 987 978 1070 11

286 1189 289 1194 “
329 1179 384 1246 De
407 1177 554 1246 Iudiciis
576 1179 847 1247 Ecclesiasticis
875 1178 1057 1248 Civilibus
1079 1181 1119 1247 in
1142 1179 1266 1264 specie

664 1308 702 1372 et
727 1306 767 1372 in
790 1308 924 1390 primis

447 1430 493 1495 de
517 1428 751 1497 ordinatione
778 1427 914 1498 Curiae
940 1432 1147 1497 Romanae.

684 1659 907 1752 aaooaissuii

205 1873 239 1928 N.
262 1874 312 1930 1-6
336 1913 1231 1930 .....................
1246 1893 1312 1947 paq.
1341 1875 1389 1932 ie

693 2081 854 2138 TITULUS
876 2083 895 2136 1.

278 2257 315 2296 DE
334 2257 451 2297 OssifflNE
471 2258 509 2296 ET
526 2257 642 2296 NATURA
661 2257 814 2297 SAGBARUM
834 2257 1013 2296 Romanum
1039 2257 1309 2297 coaoaaoffloltuet.

224 2440 250 2492 7.
270 2439 509 2510 Congregationes
527 2443 592 2492 sunt
618 2456 682 2509 pars
706 2439 800 2493 euriae
824 2437 967 2492 Romanae
991 2439 1070 2492 cuius
1095 2438 1173 2492 notio
1197 2439 1260 2494 bre·

311 2545 384 2598 viter
403 2544 559 2614 explicatur
580 2582 1208 2598 ...............
1244 2561 1309 2615 paq.
1363 2548 1384 2599 6

222 2649 248 2702 8.
267 2648 351 2703 Curia
370 2649 432 2703 Rfia
449 2650 483 2704 de
505 2667 561 2721 qua
584 2648 630 2703 hic
655 2649 757 2719 agitur,
783 2647 992 2722 comprehendit
1013 2666 1046 2704 aa
1071 2650 1161 2704 officia
1184 2667 1257 2720 quae

311 2754 476 2812 incumbunt
494 2757 523 2812 in
542 2757 667 2827 regimen
686 2755 859 2810 subditorum
880 2771 948 2810 rom.
968 2755 1122 2809 Pontificia.
1160 2795 1167 2807 .
1205 2796 1210 2806 .
1249 2793 1257 2808 .
1294 2770 1313 2813 t
1365 2757 1384 2808 7

205 2843 246 2916 Ι9.
266 2863 376 2918 Revera
394 2863 473 2917 curia
490 2865 640 2918 assumitur
660 2865 715 2918 lato
735 2862 779 2917 vel
798 2865 893 2917 stricto
906 2879 996 2917 sensu.
1009 2861 1172 2932 Explicatur
1185 2862 1258 2916 ratio

312 2972 499 3027 distinctionis
536 3009 1254 3028 .................
1292 2987 1310 3029 »
1364 2972 1382 3024 8

207 3080 247 3135 10.
268 3079 364 3136 Officia
383 3081 501 3136 curialia
518 3081 673 3151 antiquitus
691 3079 855 3150 expediebat
875 3079 1085 3151 Presbyterium
1103 3095 1256 3133 romanum.
1293 3095 1311 3133 a
1350 3078 1387 3131 10

206 3185 247 3240 li.
268 3185 337 3240 Dein
356 3187 465 3257 potiora
483 3187 577 3243 curiae
596 3203 711 3242 munera
729 3202 778 3256 per
798 3185 958 3268 Cardinalee
979 3185 1092 3256 expleta
1109 3189 1176 3239 eunt
1203 3224 1210 3237 .
1248 3224 1254 3234 .
1292 3201 1309 3238 >
1350 3183 1378 3238 ll

207 3291 247 3344 12.
267 3291 307 3347 De
325 3291 515 3348 Cardinalium
534 3294 720 3349 Consistorio.
758 3335 765 3348 .
804 3333 810 3348 .
938 3330 1256 3346 ........
1293 3306 1311 3346 »
1341 3292 1382 3345 ibi

205 3398 247 3454 13.
268 3399 309 3452 Ex
328 3398 499 3454 Consistorio
515 3401 653 3471 originem
678 3399 837 3455 habuerunt
855 3398 1019 3454 Tribunalia
1040 3402 1070 3454 et
1088 3397 1114 3451 S.
1135 3397 1257 3466 Congre-

311 3503 446 3573 gationee3
465 3503 512 3557 aed
532 3507 616 3560 antea
633 3503 797 3558 Tribunalia
803 3540 1256 3557 ...........
1294 3515 1312 3558 t
1341 3501 1383 3554 ibi

206 3606 245 3660 11.
266 3606 296 3659 in
316 3605 400 3661 Curia
418 3605 629 3677 distinguuntur
647 3604 819 3672 Tribunalie‚
838 3605 884 3659 SS.
905 3604 1152 3675 congregationes,
1166 3608 1195 3659 et
1208 3604 1256 3656 01-

310 3712 383 3776 ficia,
402 3728 437 3768 ex
456 3711 571 3767 diversis
589 3711 710 3783 negotiis
728 3713 830 3783 quibus
848 3712 1012 3766 incumbunt
1027 3749 1255 3765 ......
1292 3725 1310 3768 t
1349 3709 1383 3764 14

205 3815 246 3870 15.
265 3815 356 3877 Quare
375 3833 438 3870 eum
457 3817 553 3886 primis
566 3816 737 3884 Tribunalia,
753 3835 771 3871 a
789 3817 959 3872 Coneietorio
977 3817 1112 3883 seiuncta,
1124 3815 1256 3870 instituta

308 3925 365 3980 sint
398 3961 1254 3980 ....................
1292 3940 1310 3982 »
1347 3924 1385 3978 15

207 4031 247 4084 16.
267 4030 450 4100 Explicantur
469 4049 598 4102 suprema
615 4033 785 4088 lineamenta
806 4033 955 4088 tribunalia
973 4032 1001 4088 S.
1020 4032 1110 4087 Rotae
1129 4031 1209 4087 Rom.
1249 4071 1255 4084 .
1292 4045 1312 4087 »
1340 4032 1380 4086 ibi

203 4132 244 4187 17.
264 4133 300 4188 Et
319 4135 480 4204 signaturae
499 4140 559 4189 tum
577 4135 689 4190 Gratiae
709 4139 768 4189 tum
787 4135 915 4191 iustitiae
933 4171 1255 4190 ........
1290 4149 1308 4192 t
1348 4134 1384 4186 16

205 4239 243 4293 18.
264 4239 304 4295 De
323 4239 467 4296 Tribunali
487 4241 630 4296 Auditorie
650 4241 783 4297 Gamerae
802 4245 832 4296 et
850 4241 883 4296 de
902 4241 966 4296 aliie
987 4240 1186 4295 Tribunalibue
1205 4240 1254 4296 de·

309 4346 405 4400 vivatis
424 4364 441 4400 a
460 4363 574 4402 munere
593 4345 748 4436 Gerdinalis
763 4347 916 4403 Camerarii
935 4381 1254 4402 ........
1289 4361 1308 4402 »
1347 4346 1380 4400 Π
