3292 5109
491 327 534 373 nn
559 325 696 374 runicus
724 325 990 375 nccnnsrasrrcrs
1263 311 1326 376 241

149 454 370 514 excreverant
382 447 438 535 (l),
455 448 535 514 adeo
559 454 595 515 ut
617 448 859 516 obsolescerent
883 450 1159 536 Indulgentiarum
1183 472 1330 535 munera,

149 576 216 641 Leo
239 576 325 641 Xlll
352 575 408 641 iel.
433 596 517 662 reg„
542 574 640 643 Motu
657 576 806 660 proptia
831 576 900 643 diei
922 575 965 642 31
991 576 1140 644 Octobris
1162 578 1264 655 1897,
1289 579 1331 645 ad

150 716 241 763 suam
271 697 497 784 primigeniam
527 696 789 765 constitutionem
819 718 980 765 revocans
1003 698 1089 763 banc
1112 699 1222 785 (long,
1247 700 1331 767 baec

150 821 307 890 decrevit:
329 844 348 889 ‹
369 823 432 890 Sed
448 844 521 889 cum
537 823 631 889 huius
651 824 781 909 generis
804 825 1040 907 rescriptorum
1057 822 1242 906 frequentia
1257 844 1330 890 cre·

149 948 250 1013 visset
279 952 413 1033 praeter
442 946 580 1029 modum,
604 945 780 1030 iisdemque
810 945 971 1011 derebus
1002 946 1186 1012 rescribere
1217 946 1330 1012 eodem

149 1080 297 1161 tempore
329 1078 515 1141 consuesset
537 1072 635 1141 Curia
664 1092 685 1139 a
708 1072 933 1158 diplomatibus
955 1071 1143 1158 pontificiis,
1167 1074 1330 1140 abnormis

150 1197 308 1283 quaedam
331 1216 370 1263 ac
394 1201 603 1283 praepostera
622 1195 825 1283 ¹agendarum
843 1216 955 1262 rerum
974 1201 1150 1261 consecuta
1164 1198 1248 1263 ratio
1271 1203 1330 1263 est.

150 1322 237 1387 Huic
261 1321 461 1387 incommodo
484 1318 722 1386 occurrendum
743 1320 934 1405 tempestive
949 1321 1075 1385 censuit
1094 1321 1172 1386 Pius
1187 1321 1238 1386 IX
1261 1320 1284 1386 f.
1303 1341 1330 1386 r.

151 1444 304 1513 decessor
328 1448 455 1529 Noster,
479 1446 616 1531 datoque
640 1447 674 1510 in
696 1444 728 1509 id
752 1443 886 1510 decreto
909 1442 1201 1529 congregationem
1226 1444 1333 1511 Indul-

151 1575 269 1659 gentiis
292 1576 458 1659 sacrisque
474 1574 631 1659 Reliquiis
655 1572 888 1658 cognoscendis
902 1572 1117 1657 praepositam
1133 1577 1229 1639 extra
1251 1570 1333 1638 tines

151 1696 395 1763 constitutionis
419 1697 639 1765 Clementinae
664 1716 846 1762 excurrere
868 1695 1041 1782 probibuit,
1058 1696 1333 1783 indulgentiarum

151 1820 397 1887 tribuendarum
413 1822 562 1908 adempta
577 1822 741 1887 facultate.
760 1842 778 1885 ‹
798 1824 863 1887 Nos
878 1821 1043 1907 praesenti
1057 1821 1331 1905 Mompropno.

151 1954 251 2015 etex
281 1953 373 2015 certa
404 1950 538 2015 scientia
569 1968 608 2013 aa
638 1952 767 2013 matura
790 1947 1022 2013 deliberatione
1052 1947 1273 2020 decernimus,
1298 1950 1334 2015 ut

152 2074 369 2160 Congregatio
394 2072 505 2139 eadem
528 2078 645 2159 pergat
667 2073 794 2156 quidem
825 2072 971 2137 retinere
1001 2073 1204 2155 quaestiones
1228 2078 1260 2138 et
1283 2072 1333 2138 di·

151 2198 384 2282 sceptationes,
409 2214 491 2279 quae
514 2214 613 2280 super
636 2194 849 2281 indulgentiis
874 2200 931 2261 aut
954 2195 1109 2278 Reliquiis
1139 2194 1225 2262 forte
1256 2193 1332 2260 obo·

243 2532 283 2602 (1)
302 2532 333 2587 Iu
353 2533 563 2602 quaestionibus
575 2531 609 2586 do
624 2531 810 2602 indulgentiis
823 2530 931 2585 consuli
945 2530 1225 2602 possunt,Am01·t(†
1243 2531 1330 2605 1775),

152 2638 196 2691 De
209 2638 330 2707 origine,
344 2652 509 2707 progressu,
521 2638 630 2701 calore,
643 2654 677 2690 ao
695 2638 794 2705 fructu
807 2635 1049 2705 indulgentiarum
1061 2652 1113 2689 nee
1124 2652 1181 2687 non
1192 2635 1228 2688 de
1241 2636 1333 2704 dispo·

151 2747 297 2801 strionibus
322 2748 360 2799 ad
383 2762 429 2798 eas
450 2746 602 2799 lucrandas
626 2746 780 2815 requisitis,
807 2745 926 2797 l'enetiis
950 2742 1047 2807 173&
1073 2770 1110 2781 -
1138 2740 1298 2819 Theodorus
1316 2758 1334 2795 a

152 2855 197 2925 Sp.
209 2854 246 2922 S,
264 2854 412 2908 Tractatus
425 2854 772 2922 Historiae-Theologicus
786 2854 822 2907 de
835 2852 970 2919 lubilceo,
977 2855 1145 2920 praesertim
1157 2853 1225 2905 anni
1235 2854 1332 2907 sancti.

153 2960 273 3025 Romae,
293 2958 393 3023 1750,·
413 2962 442 3012 ot
466 2958 589 3012 eiusdem
608 2957 753 3023 Auctoris,
778 2956 925 3012 innotatus
946 2957 981 3009 de
1001 2954 1197 3025 indulgentiis.
1217 2956 1332 3013 Romae,

152 3064 247 3131 1753;
265 3092 299 3103 ·-
317 3063 453 3131 Beringer
466 3060 492 3115 S.
504 3061 536 3128 l.,
551 3060 606 3115 Les
618 3062 810 3132 indulgendas,
832 3062 896 3115 leur
907 3070 1017 3127 nature,
1030 3070 1056 3114 et
1070 3060 1136 3115 leur
1147 3076 1241 3130 onage.
1262 3061 1333 3115 Tro·

151 3172 265 3225 duction
281 3188 337 3241 par
358 3170 398 3223 les
417 3168 473 3222 PP.
488 3168 519 3221 E.
534 3169 587 3222 Aba
600 3177 626 3222 et
639 3169 671 3221 A.
691 3168 858 3236 Fegerstein
877 3166 904 3221 S.
924 3166 963 3233 1.‚·
982 3176 1051 3221 cette
1070 3166 1174 3222 e'dition
1191 3168 1334 3237 [lancaise

151 3280 229 3333 aussi
255 3280 318 3332 bien
342 3292 395 3347 que
416 3276 434 3327 l'
443 3276 565 3345 original
586 3294 604 3328 a
626 3272 668 3329 e'te'
689 3273 851 3345 approuoe'e
875 3284 902 3328 et
925 3272 1057 3327 declare'e
1081 3274 1258 3343 authentigue
1278 3290 1335 3342 par

153 3385 182 3439 la
201 3384 230 3437 S.
260 3383 345 3455 Cong.
367 3383 416 3436 des
441 3380 638 3451 indulgences.
664 3378 747 3434 Poris
772 3380 954 3434 Letlrielleua
979 3378 1087 3434 e'diteur
1105 3379 1193 3433 1890.
1218 3379 1336 3451 (Adver-

153 3496 246 3557 tatur,
266 3489 319 3545 boc
338 3506 407 3559 opus
426 3489 598 3544 declaratum
623 3488 709 3543 fuisse
727 3491 917 3543 authenticum
935 3494 964 3542 et
981 3490 1174 3559 approbatum,
1194 3491 1333 3557 quatenus

153 3600 237 3652 citata
260 3598 375 3649 decreta
402 3594 523 3648 examini
549 3593 693 3662 supposita
711 3594 746 3646 ab
769 3591 867 3646 eadem
885 3591 971 3660 Coog.
991 3592 1109 3660 probata
1126 3594 1191 3643 sunt
1210 3591 1335 3659 origina-

155 3704 227 3757 libus
247 3702 371 3755 decretis
396 3698 573 3771 eonformiag
591 3727 628 3741 -
655 3698 685 3752 ll
704 3708 796 3753 tesoro
821 3698 900 3753 delle
926 3698 1010 3752 Sante
1029 3696 1205 3767 indulgenze
1229 3707 1335 3767 osposto

152 3809 212 3865 alle
241 3811 334 3863 anime
358 3809 407 3879 pie
434 3807 480 3877 pel
509 3805 643 3860 canonico
670 3805 812 3861 Almerico
841 3804 955 3859 Guerra
983 3804 1073 3859 Romo
1102 3806 1162 3875 Tip.
1190 3804 1221 3857 dt
1247 3804 1334 3875 Prop.

153 3918 226 3973 Fide
253 3917 333 3971 1883
340 3936 349 3985 ,·
376 3945 409 3958 -·
435 3915 475 3971 De
500 3915 579 3985 Lugo
601 3914 699 3983 Card,
723 3916 928 3986 Disputationes
952 3914 1135 3968 scholasticae
1159 3922 1186 3967 et
1211 3914 1336 3967 morales

153 4026 189 4078 de
204 4022 313 4077 Virtute
332 4032 358 4076 et
377 4022 501 4076 Sacrani.
521 4020 719 4087 Paenitentioe,
735 4024 798 4075 item
822 4022 858 4075 de
879 4019 1028 4091 Suffragiis
1047 4028 1073 4073 et
1091 4017 1288 4087 indulgentiis
1299 4046 1336 4058 —

154 4129 263 4185 Malata
287 4128 466 4193 Benedictus,
491 4130 627 4183 Manuale
653 4130 688 4182 de
712 4127 910 4197 indulgentiis.
934 4128 1040 4181 Romae
1062 4143 1099 4181 en
1121 4136 1211 4197 typog.
1232 4125 1337 4195 Besani

156 4238 244 4305 1892‚·
269 4266 303 4279 —
329 4238 370 4293 Le
395 4237 588 4307 indulgence,
617 4238 678 4292 loro
707 4238 832 4307 origine,
857 4246 959 4289 natura
984 4251 1000 4290 e
1023 4237 1207 4305 soolgimento
1233 4251 1287 4304 per
1314 4232 1335 4286 il

157 4347 187 4401 P.
213 4348 250 4401 M.
277 4347 387 4401 Alassio
410 4346 449 4400 M.
476 4346 611 4415 Lepicier.
641 4346 734 4416 Opera
761 4346 882 4399 tradotto
907 4346 979 4399 dall'
989 4346 1128 4415 originale
1152 4344 1260 4415 inglese
1285 4344 1336 4397 dal

158 4454 219 4508 Soc.
238 4454 324 4525 Luigi
345 4454 480 4525 Coppelli.
502 4452 692 4509 Sieno1897.

303 4578 363 4633 Soc.
384 4577 461 4647 Lego
580 4610 585 4621 ·
1160 4577 1193 4632 16
