3292 5109
279 242 348 308 552
702 260 810 308 11111111
833 259 1038 308 sunorrrcus

387 387 546 455 negotium,
573 385 703 440 dicuntur
727 387 868 440 ordinarii
894 403 944 440 eeu
970 385 1099 439 instructi
1125 383 1332 438 ordinariorum

386 493 555 548 auctoritate
568 497 597 546 et
611 492 822 562 distinguuntur
835 511 852 547 a
866 507 995 563 processu
1006 493 1169 563 apostolico,
1179 491 1234 562 qui,
1248 505 1334 544 cauea

387 598 442 650 iam
461 597 621 651 introducta
638 597 711 666 apud
729 596 756 650 S.
774 596 871 664 cong,
890 598 923 650 fit
941 597 969 650 vi
988 595 1197 666 delegationis.
1235 634 1242 647 .
1278 635 1285 646 .
1319 611 1389 664 paq.
1409 592 1467 646 220

282 703 340 758 186.
360 703 400 760 Da
418 704 544 771 antelis,
563 722 635 775 quae
653 704 821 758 adhibentur
840 705 868 756 in
890 701 1047 772 aperiendis
1073 699 1245 771 processibus
1281 739 1288 752 .
1326 739 1332 752 .
1372 699 1463 756 »221

281 807 340 862 187.
361 809 468 878 Duplex
487 809 606 864 babetur
624 825 768 880 processus
786 807 957 878 apostolicus
975 809 1034 862 aiva
1053 811 1154 878 agatur
1172 806 1206 861 de
1219 805 1333 860 Confes-

387 918 496 972 eoribus
513 919 571 972 siva
589 917 624 972 de
643 917 816 988 Martyribua
836 915 1073 984 recognoscendis,
1092 913 1140 968 aad
1164 913 1197 967 de
1223 913 1333 981 blarty·

386 1022 464 1076 ribus
483 1024 557 1092 prior
577 1039 727 1092 processus,
747 1039 796 1091 per
814 1037 853 1086 se,
874 1037 927 1074 uon
947 1025 1074 1076 versatur
1093 1022 1168 1072 circa
1191 1015 1333 1072 heroicum

387 1126 552 1180 exercitium
570 1126 714 1192 virtutum,
734 1130 816 1194 prout
834 1125 867 1178 fit
886 1125 914 1178 in
933 1121 1152 1188 Confessoribus,
1165 1121 1212 1176 sed
1230 1121 1334 1176 directe

388 1235 506 1305 inquirit
524 1235 558 1289 de
577 1236 651 1288 iacto
669 1235 800 1306 martyrii
841 1270 1335 1288 ............
1372 1247 1389 1281 a
1424 1229 1465 1283 ibi

283 1338 342 1392 188.
361 1337 434 1398 Quot
452 1337 588 1390 miracula
606 1337 717 1406 probari
736 1337 856 1391 debeant
880 1340 938 1389 tum
963 1352 1012 1405 pro
1039 1336 1250 1390 Beatificatione
1276 1339 1334 1388 tum

388 1459 438 1513 pro
465 1443 681 1500 canonizatione
708 1444 867 1498 obtinenda.
897 1443 936 1498 De
963 1459 1092 1512 processu
1120 1441 1273 1512 apostolico
1299 1457 1335 1495 ne

384 1553 563 1621 probationes
580 1562 698 1621 pereant
717 1557 746 1606 at
763 1551 798 1605 de
821 1550 956 1604 hodierna
980 1550 1059 1619 praxi
1084 1549 1113 1603 in
1138 1547 1336 1618 cognoscendis

388 1656 480 1708 causis
499 1657 656 1728 Martyrum
659 1690 1334 1708 ................
1372 1665 1390 1706 >
1422 1649 1464 1703 ibi

284 1760 342 1814 180.
362 1759 420 1815 Hae
439 1763 616 1833 quaestiones
634 1764 664 1817 in
688 1762 914 1832 congregatione
939 1760 1228 1830 anteprcaparatorin,
1251 1775 1337 1829 praa·

385 1871 531 1939 parntorin
551 1881 577 1925 et
594 1871 725 1941 {pancrati
742 1870 888 1938 agitantur·
906 1870 956 1922 sub
976 1869 1096 1922 formula
1115 1867 1235 1937 appositi
1250 1865 1334 1919 dubii.
1371 1863 1393 1920 a'
1408 1863 1464 1919 226

284 1973 342 2029 190.
362 1975 480 2030 Decreto
500 1958 720 2032 beatificationis
738 1983 788 2032 aut
806 1973 1032 2031 Canonizationis
1052 1975 1240 2045 praemittitur
1263 1973 1336 2026 Con·

389 2085 517 2154 gregatio
536 2085 569 2139 de
591 2089 668 2150 tut03
685 2085 897 2139 Canonizationi
923 2083 1114 2154 praemittitur
1137 2083 1222 2137 etiam
1242 2089 1336 2136 votum

387 2191 551 2244 Consistorii
570 2188 679 2255 secreti,
698 2191 803 2260 publici
822 2194 853 2244 et
870 2187 1047 2258 semipublici
1064 2227 1337 2242 .......
1374 2205 1391 2244 ›
1422 2187 1464 2241 ibi

284 2295 343 2350 191.
364 2296 526 2350 Differ-entia
544 2298 618 2352 inter
636 2298 877 2351 Beatificationenr
897 2301 926 2350 et
948 2295 1203 2352 canonizationem.
1241 2332 1248 2345 .
1286 2333 1292 2346 .
1330 2333 1338 2345 .
1373 2291 1465 2348 »229

284 2401 342 2454 192.
363 2401 401 2456 De
420 2403 521 2457 secreti
540 2402 603 2472 lege
621 2401 757 2456 servanda
775 2402 811 2455 ab
831 2399 882 2467 his,
901 2401 949 2472 qni
968 2399 1040 2468 apud
1067 2398 1138 2453 hanc
1157 2397 1184 2452 S.
1204 2397 1290 2467 (long.
1310 2397 1339 2449 in

388 2504 432 2558 hia
451 2507 559 2560 iudiciis
578 2513 686 2576 partem
705 2505 809 2560 habent
837 2541 1337 2558 ............
1372 2517 1389 2556 »
1408 2499 1459 2554 231

284 2611 413 2666 193-194.
435 2612 643 2678 Desmontis,
664 2611 895 2665 Procuratoribus
909 2615 938 2664 et
952 2609 1184 2674 postulatoribus,
1198 2611 1227 2660 et
1241 2606 1275 2662 de
1288 2606 1339 2660 lit·

390 2719 457 2772 teris
474 2720 532 2773 sive
551 2719 799 2772 remissiorinlibns
818 2718 877 2771 sive
897 2715 1163 2786 compulsorialibns
1196 2753 1203 2766 .
1242 2753 1248 2765 .
1287 2753 1295 2767 .
1334 2753 1340 2766 .
1377 2731 1394 2768 a
1424 2713 1465 2766 ibi

516 2947 534 3007 ἓ
553 2945 577 2995 2.
598 2943 639 2996 Dc
659 2943 747 2995 Sacra
768 2941 988 3011 Conprcpationc
1014 2940 1229 2994 Cocrcmonicli.

285 3137 439 3193 19111111
466 3138 552 3206 (long.
577 3142 620 3191 est
645 3136 781 3205 appendix
806 3135 1040 3205 Congregationis
1071 3135 1194 3188 Rituum.
1228 3163 1244 3174 -
1275 3133 1344 3188 Eius

390 3261 488 3314 scopus
524 3279 1293 3296 ..................
1328 3259 1393 3310 pap.
1414 3239 1472 3294 234

286 3351 343 3405 196.
364 3350 430 3404 Eius
449 3350 637 3418 competentia
659 3385 1340 3403 ................
1376 3365 1395 3404 1
1414 3345 1475 3401 235

363 3587 381 3647 ἓ
400 3581 424 3636 3.
446 3584 487 3636 Dc
507 3583 533 3634 S.
556 3581 776 3651 Conprepntione
796 3580 982 3648 indulgentiis
1005 3579 1226 3646 sanctorumque
1246 3579 1387 3648 Reliquias

568 3692 765 3759 cognoscendis
784 3705 817 3741 ec
836 3688 988 3742 statuendis
1003 3686 1175 3756 praeposita.

287 3888 343 3942 197.
365 3888 543 3942 Revocantur
560 3901 689 3955 suprema
716 3882 852 3953 principia
872 3883 940 3936 iuris
965 3879 1127 3946 communic,
1146 3895 1221 3952 quae
1247 3880 1348 3935 1111111-

391 3993 501 4062 gentias
520 3997 549 4047 et
567 3993 665 4045 Sacrae
686 3989 829 4060 Reliquias
847 3987 1025 4042 moderantur
1062 4026 1299 4040 ......
1335 4006 1410 4060 pap.
1432 3991 1492 4047 236

287 4100 344 4156 198.
364 4101 419 4154 Pro
438 4098 541 4154 tuenda
559 4096 705 4165 disciplina
727 4094 925 4160 ecclesiastica,
951 4091 1002 4146 hac
1028 4091 1061 4146 de
1087 4108 1125 4156 re,
1145 4091 1281 4146 instituta
1306 4099 1354 4150 est

392 4208 519 4277 apposita
538 4205 630 4274 Congr
631 4237 1353 4258 .................
1394 4219 1416 4264 »
1439 4205 1498 4262 238

286 4316 344 4371 199,
365 4313 557 4384 Competentia
576 4310 659 4364 huius
677 4309 778 4364 Sacrae
797 4307 891 4377 (tongi
893 4345 1358 4366 ...........
1400 4331 1421 4370 »
1442 4315 1500 4371 239
