3292 5109
433 306 478 355 nn
508 306 648 357 rnnrous
682 305 947 356 soccususnrcrs
1218 282 1286 354 163

193 435 226 523 2)
252 434 330 500 «de
351 432 617 500 testimonialibus
649 430 901 500 ordinariorum
930 432 1047 499 litteris
1076 424 1285 518 requirendis

116 560 144 623 in
164 559 345 643 receptione
363 557 503 631 illorum,
528 558 582 643 qui
609 554 651 621 ad
680 554 823 621 habitum
856 554 1055 639 Religiosum
1078 554 1202 623 admitti
1225 574 1281 641 pc·

116 681 223 747 stulaut
238 702 268 762 »,
292 682 379 747 anne
404 682 491 748 1848
514 680 567 747 die
591 681 636 747 25
657 682 742 756 ian.;

192 802 225 891 3)
247 802 306 869 sub
329 824 450 869 annum
475 800 559 873 1851
590 801 696 870 editae
717 808 791 870 sunt
815 803 924 890 magni
956 800 1109 889 ponderis
1139 799 1288 867 dechra·

116 931 206 994 tiones
228 928 332 1014 quoad
355 929 488 995 decreta
512 910 576 995 iam
601 930 710 1011 citata,

193 1054 225 1140 4)
248 1072 311 1119 nec
341 1071 405 1119 non
435 1052 554 1140 prodiit
579 1074 598 1116 ι
619 1052 800 1119 Instructio
829 1070 898 1135 pro
922 1051 1084 1119 creamine
1103 1052 1285 1135 personati

115 1192 222 1239 eorum
244 1172 305 1259 qui
319 1172 366 1239 ad
382 1170 533 1238 trabitum
556 1170 691 1237 admitti
709 1172 897 1254 postulant,
914 1171 985 1237 sice
1005 1190 1154 1237 eramen
1168 1170 1284 1255 ipsum

116 1302 168 1383 fiat
190 1300 231 1367 at>
255 1298 550 1367 examinatoribus
579 1298 852 1383 prouincialibus
881 1298 981 1365 irata
1007 1305 1074 1365 art.
1098 1298 1284 1383 spismae

115 1427 213 1507 partis
235 1426 360 1493 decreti
376 1424 472 1511 (quod
497 1426 624 1513 incipit:
652 1462 669 1475 -
695 1425 852 1511 Regulari
876 1425 1065 1512 disciplinae
1082 1424 1123 1509 ·)‚
1148 1425 1218 1491 siae
1240 1422 1284 1492 ab

117 1551 340 1617 ecaminotore
370 1550 531 1635 deputato
560 1550 661 1617 inacta
691 1549 958 1616 declarationem
990 1548 1038 1613 ad
1067 1546 1208 1614 dubiam
1238 1548 1286 1613 Vl

116 1678 254 1745 ciendam
277 1677 404 1745 decreti
419 1699 450 1743 s.

195 1804 225 1892 5)
254 1806 388 1871 Demum
418 1810 600 1869 emanatum
632 1803 694 1869 fnit
723 1801 932 1871 nnn01857
963 1800 1185 1867 ‹Decretum
1214 1818 1285 1885 quo

117 1934 262 1997 statuitur
284 1937 322 1999 ut
343 1930 461 1999 novitii
476 1930 523 1996 act
537 1929 709 2013 simplicia
731 1935 811 1996 vota
835 1934 967 1995 tantum
986 1927 1143 2010 primum
1163 1925 1284 1991 admit·

118 2058 222 2120 tantur
228 2074 241 2138 ,·
268 2056 316 2121 ad
346 2054 512 2122 solemnia
543 2060 656 2119 autem
683 2058 765 2137 post
794 2060 863 2147 tres
893 2072 1002 2119 annos
1033 2051 1076 2117 ab
1106 2050 1286 2118 emissione

117 2180 307 2264 simplicium
332 2182 579 2265 computandos
596 2203 625 2247 r.

197 2306 267 2371 135.
292 2307 436 2389 Denique
460 2306 492 2369 in
516 2303 669 2369 hasdans
686 2303 966 2390 congregationes
990 2298 1197 2378 subsidiarias
1218 2302 1285 2365 ani-

119 2428 339 2511 madvertatur,
364 2450 406 2494 ex
429 2427 587 2494 hodierna
610 2428 705 2513 praxi

198 2536 227 2633 1)
249 2551 308 2615 has
331 2570 395 2615 non
419 2568 579 2615 exercere
603 2552 793 2635 potestatem
821 2547 1027 2620 iudicialem,
1052 2544 1108 2611 sed
1132 2544 1283 2612 enecati·

119 2692 187 2738 oam
210 2682 240 2739 et
262 2675 509 2761 legistatiaam5

195 2797 226 2882 2)
248 2796 467 2862 tantummodo
488 2766 679 2882 'negatores
707 2814 771 2859 non
796 2794 964 2860 Momates
985 2793 1074 2858 hisce
1090 2790 1280 2857 subiacere:

119 2921 190 3003 quod
222 2922 260 2987 de
295 2922 552 3006 congregatione
588 2918 701 3002 Super
735 2918 919 3001 disciplina
949 2916 1132 3003 capulari,
1169 2920 1283 3000 aperte

120 3053 200 3112 caret
221 3050 297 3114 Pius
315 3048 361 3112 VI
379 3049 412 3111 in
433 3046 539 3113 coust.
565 3036 752 3133 Singulari
762 3043 992 3129 providentia,
1009 3042 1062 3107 ubi
1083 3046 1286 3127 protestatur

120 3193 149 3236 se
167 3174 340 3240 decernere
363 3179 487 3239 tantum
507 3172 547 3237 de
563 3170 789 3257 Regularibus‚
813 3191 984 3254 «quorum
1007 3176 1116 3237 tamen
1140 3170 1283 3250 nonline,

121 3299 170 3371 ait,
191 3302 319 3366 minime
343 3296 573 3383 comprehendi
598 3297 744 3362 volumus
768 3297 964 3362 monasteria
987 3297 1191 3377 monialium,
1215 3296 1283 3360 col-

121 3419 199 3506 legia,
221 3424 466 3491 conservatoria
489 3428 522 3487 et
544 3423 713 3487 societates
737 3421 918 3491 mulierum,
936 3440 1035 3505 super
1055 3419 1169 3504 quibus
1192 3419 1284 3483 nulla

122 3565 241 3629 unquam
273 3546 349 3612 data
379 3546 440 3611 fuit
468 3545 544 3611 huic
575 3545 825 3643 congregationi
849 3549 989 3629 potestas
1009 3566 1040 3607 ».
1067 3546 1148 3608 Item
1171 3543 1283 3608 obser-

121 3676 212 3737 ratum
239 3672 299 3737 luit
330 3672 362 3735 in
391 3669 651 3757 congregatione
676 3672 789 3752 Super
811 3674 902 3734 stata
925 3668 1161 3754 Reputariurn.
1188 3669 1283 3733 Ratio

120 3796 160 3855 est
179 3795 257 3876 quia,
283 3791 396 3879 regula
419 3791 575 3878 generali,
600 3792 755 3857 moniales
780 3810 845 3854 nou
867 3794 942 3855 sunt
965 3792 1123 3856 immunes
1146 3810 1167 3855 a
1189 3791 1284 3855 iuris-

123 3913 243 3983 dictione
260 3920 509 4004 Episcoporum;
527 3917 734 4001 quamobrem
752 3915 890 3999 quaeda
907 3917 1096 3981 monialibus
1114 3916 1284 3983 statuenda

122 4046 194 4111 sunt,
212 4040 248 4105 'se
271 4041 418 4108 referunt
429 4041 480 4105 ·ad
504 4042 747 4125 competentiam
765 4041 1035 4124 congregationis
1052 4026 1307 4127 Episcoporum'

122 4168 149 4226 et
173 4164 381 4251 Regularium.

203 4289 270 4355 136.
295 4291 514 4377 competentia
544 4296 651 4354 antem
684 4288 950 4372 congregationis
975 4289 1042 4352 En.
1068 4293 1100 4352 et
1125 4288 1195 4353 RR.
1220 4288 1284 4351 alia

120 4408 274 4489 privatin-a
292 4419 348 4489 est,
367 4414 430 4479 alia
446 4412 665 4480 cumulatioa.
684 4446 701 4459 ·
719 4406 894 4477 Priaatioe
917 4412 995 4477 hnic
1012 4412 1113 4496 cong.
1130 4410 1284 4496 competit
