3292 5109
263 216 331 280 460
780 234 865 281 enas
889 236 925 281 11.

354 358 392 421 In
417 358 546 424 clericis
568 357 810 423 incardinandis
826 362 859 423 et
875 358 906 423 S.
925 357 1100 425 Ordinibus
1116 357 1290 431 initiandis,
1307 362 1446 443 praetor

262 486 390 547 ceteras
405 484 535 569 regulas
550 482 777 563 observandas,
794 482 891 548 hodie
913 482 1137 567 exequendum
1153 489 1203 549 ast
1220 484 1445 569 nuperrimum

260 601 428 670 decretum
453 605 551 693 Cong.
577 606 721 673 concilii.
748 606 798 689 Cf.
822 628 857 672 n.
881 606 966 673 293.

351 729 441 793 Bona
464 730 683 796 ecclesiastica
706 752 779 797 cum
802 732 939 797 alienari
964 733 1133 818 contingit,
1157 730 1268 796 caveri
1296 730 1446 817 apprime

260 846 355 915 debet
377 870 420 915 ne
441 850 541 915 laesio
564 849 621 915 fiat
645 851 821 924 Ecclesiae,
846 853 987 936 itemque
1013 852 1124 917 curari
1149 858 1184 916 ut
1207 853 1348 916 maxima
1373 853 1445 917 uti-

261 974 336 1039 litas
359 976 569 1060 pertrahatur
591 996 634 1040 ex
657 976 749 1041 bonis
772 977 944 1043 distractis.
971 977 1051 1043 Inde
1074 978 1267 1044 constitutae
1290 982 1365 1043 suut
1388 998 1447 1063 ap·

262 1096 385 1179 positae
408 1097 542 1181 regulae
564 1116 624 1181 pro
647 1096 824 1163 licitatione
847 1096 964 1161 horum
983 1095 1141 1161 bonorum
1160 1096 1218 1185 (1).

351 1220 430 1287 Cum
460 1242 540 1287 vcro
562 1224 670 1309 agitur
692 1222 733 1287 de
756 1223 885 1288 clericis
908 1221 1099 1288 beneficium
1123 1243 1189 1288 nou
1212 1222 1445 1293 obtinentibus,

262 1346 316 1428 qui
339 1346 441 1410 sacris
457 1346 632 1413 Ordinibus
655 1349 777 1412 initiari
799 1348 1016 1433 expostulant,
1037 1348 1069 1413 hi
1087 1348 1147 1413 sibi
1161 1348 1360 1413 constituere
1383 1348 1448 1413 de·

262 1468 339 1533 bent
361 1490 490 1534 sacrum
513 1473 749 1556 patrimonium.
775 1508 792 1519 -
818 1474 920 1537 Actus
944 1473 1181 1537 constitutionis
1203 1472 1287 1558 apud
1311 1472 1448 1539 Curiam

261 1598 476 1682 episcopalem
499 1598 662 1683 rogandus
685 1606 751 1674 est;
778 1604 880 1682 atque'
898 1600 943 1663 ita
966 1596 1202 1671 condolendus,
1231 1603 1266 1663 ut
1296 1596 1448 1683 pluribus

262 1722 438 1787 satisfaciat
461 1723 695 1825 conditionibus
718 1727 790 1790 iure
813 1720 948 1809 positivo
972 1725 1182 1809 praescriptis
1205 1722 1262 1809 (2).

275 4164 279 4170 ·
352 4133 392 4203 (1)
410 4134 441 4187 lu
455 4134 501 4187 cit.
515 4132 699 4203 Ephomerido
713 4136 809 4189 -Acta
825 4136 851 4188 S.
866 4134 945 4190 Sedis
959 4162 972 4176 ·
986 4136 1020 4188 cf.
1031 4136 1207 4205 Appendices
1222 4134 1295 4189 vm
1304 4145 1330 4190 et
1347 4135 1444 4191 XVII

259 4240 289 4293 iu
306 4240 360 4293 ool.
383 4238 406 4305 1,
420 4257 487 4309 puy.
507 4239 567 4290 251
586 4248 612 4293 et
632 4239 696 4290 502
714 4244 743 4293 ot
761 4238 817 4292 alia
837 4240 987 4310 Appendia
1008 4224 1121 4299 x'vlrr,
1141 4240 1169 4293 in
1190 4240 1245 4293 vol.
1260 4238 1299 4293 ΙΙ.

351 4344 390 4413 (2)
409 4344 440 4396 ln
459 4342 555 4397 eadem
574 4342 756 4412 Ephemerido
775 4343 809 4396 ci.
830 4345 982 4414 appendix
1002 4342 1083 4407 XIV,
1102 4344 1130 4397 iu
1149 4344 1204 4397 ool.
1226 4342 1246 4396 Ι
1248 4343 1276 4396 V.
