3292 5109
283 254 350 321 370
811 268 895 339 rans
920 268 956 313 u.

284 390 390 460 Officii
413 396 468 457 aut
491 390 522 455 S.
541 388 815 474 Congregatianis
840 388 940 453 habet
961 390 1055 473 signa
1078 389 1340 463 authenticitatIs‚
1366 395 1464 474 atquc

283 541 325 586 ex
348 520 525 585 intentione
550 513 751 587 Pontiticum.
769 516 958 581 solemniter
981 536 1139 601 expressa
1159 517 1200 583 ab
1216 519 1349 585 Urbano
1365 520 1462 599 VIII,

283 642 384 725 ipsum
416 639 582 704 decretum
613 642 661 701 est
688 637 751 700 iam
783 634 966 700 ahsolutum
997 641 1030 701 et
1061 637 1262 721 perfectum,
1295 639 1465 703 continens

190 840 193 845 ,
283 764 471 830 authentice
493 763 691 829 voluntatem
716 762 800 827 illius
824 762 876 846 qui
902 763 1013 829 statuit
1035 764 1089 827 vel
1112 762 1220 848 legem
1251 766 1464 850 Interpretari

283 889 336 953 vel
359 905 475 952 novam
504 885 644 952 condere
671 886 787 971 legem.
814 921 832 934 -
860 886 932 951 Hac
962 884 1135 958 dascusa,
1160 889 1260 951 oilata
1288 887 1465 952 declaratio

284 1014 316 1079 S.
342 1013 442 1098 (long.
467 1010 505 1077 de
530 1012 628 1095 Prop.
653 1010 731 1075 Fide
756 1012 852 1075 eham
874 1030 934 1095 pro
957 1012 1051 1076 novis
1077 1011 1204 1098 legibus
1227 1014 1407 1077 constitutis
1430 1018 1465 1076 et

283 1136 522 1205 inuiolabiliter
544 1135 587 1201 ab
611 1134 766 1202 carnibus
790 1134 1020 1210 observandis,
1038 1155 1103 1200 non
1125 1140 1264 1221 requirit
1286 1139 1348 1202 nisi
1371 1140 1463 1223 signa

283 1259 546 1325 authenticitatis.

372 1381 446 1447 295.
463 1379 546 1455 Quia
568 1378 724 1465 Theologi
739 1377 846 1443 adhuc
862 1379 1005 1462 pressius
1024 1377 1206 1445 adhaerent
1221 1382 1364 1467 opini0ni
1380 1399 1462 1465 quae

283 1529 342 1594 pro
369 1506 592 1575 decisionibus
615 1504 902 1587 comprehenditis
927 1505 1064 1589 requirit
1087 1510 1155 1572 tres
1179 1505 1327 1571 celebres
1350 1504 1461 1572 condi·

282 1635 385 1698 tiones
401 1629 611 1717 supradictas,
630 1634 661 1693 et
679 1646 747 1711 pro
772 1629 955 1695 eatensiais
971 1630 1108 1713 requiris
1127 1630 1305 1695 solemnem
1320 1630 1459 1695 formam

283 1758 546 1846 promulgationis
568 1776 588 1819 a
611 1755 686 1821 iure
696 1755 844 1837 positivo
860 1757 1079 1829 constitutam,
1098 1758 1188 1823 iuvat
1203 1756 1333 1822 referre
1349 1758 1386 1821 Ι).
1402 1757 1462 1822 Al·

283 1884 398 1970 phonsi
421 1881 611 1947 sententiam
636 1898 717 1963 quae
740 1880 833 1943 varia
858 1879 920 1944 suit
942 1879 998 1943 sed
1021 1882 1141 1945 sensim
1169 1902 1224 1947 scu
1254 1902 1315 1967 per
1343 1880 1462 1967 gradus

283 2009 419 2073 accessit
442 2006 582 2071 veritati.
608 2040 625 2052 -
651 2005 778 2069 Etenim
807 2004 841 2067 in
871 2024 930 2068 sua
959 2004 1142 2091 Theoloaia
1172 2006 1319 2079 Morari,
1345 2004 1400 2071 lib.
1425 2004 1448 2068 I
1452 2055 1461 2077 ,

283 2156 316 2201 n.
337 2134 412 2206 106,
431 2134 475 2198 ita
491 2131 621 2218 expadIt
645 2131 676 2198 S.
694 2132 813 2196 Ductor
829 2131 1059 2213 quaestionem,
1077 2133 1184 2196 aiens:
1205 2131 1295 2197 «An
1312 2132 1463 2197 declara·

283 2258 389 2323 tiones
406 2255 439 2322 S.
455 2253 735 2341 Conprepationis
755 2250 995 2319 Cardinalium
1009 2253 1080 2317 cim
1095 2251 1178 2339 leais
1195 2248 1364 2318 habeant?
1380 2251 1463 2315 Nul-

283 2383 355 2446 lum
371 2380 512 2446 dubium
528 2378 619 2465 quod
630 2397 697 2461 pro
714 2377 848 2443 casibus
859 2376 1131 2459 particularibus
1144 2396 1210 2459 pra
1227 2376 1350 2462 quibus
1364 2377 1460 2461 fiunt,

284 2505 432 2591 oblipanl
455 2510 492 2571 ut
515 2506 612 2590 loyes.
639 2501 788 2568 Dubiam
813 2507 861 2568 est
884 2521 931 2567 an
953 2502 1101 2587 abtiaent
1126 2522 1194 2585 pro
1218 2502 1352 2569 casibus
1367 2500 1462 2567 simi·

284 2622 396 2693 libus?
411 2627 550 2709 Dtrpiea
566 2630 614 2692 est
627 2624 804 2699 sententia,
820 2630 968 2709 utraque
978 2623 1169 2706 probabilis
1183 2630 1221 2689 ut
1240 2629 1330 2690 recte
1345 2624 1463 2689 dicunt

284 2750 609 2815 Salmanticenses....
633 2749 756 2814 Prima
778 2749 943 2815 sententia
966 2749 1087 2813 asserit
1117 2750 1210 2833 quod
1237 2750 1321 2814 tales
1350 2748 1462 2813 decla-

282 2874 432 2939 rationes
458 2873 487 2937 si
509 2872 578 2937 sint
607 2871 759 2938 insanitas
790 2872 901 2957 sipiilo
932 2877 963 2937 et
992 2871 1239 2954 subscriptione
1265 2872 1463 2939 Cardinalis

282 2994 462 3077 Praefecti,
478 2994 585 3061 robur
604 2995 727 3062 habent
749 2994 925 3079 obliaandi
947 3013 1075 3061 omnes.
1093 2994 1165 3060 Nec
1180 2995 1288 3062 obstat
1303 3015 1374 3062 non
1389 3016 1460 3062 esse

278 3121 527 3205 promulpatas.
554 3155 571 3167 -
598 3118 756 3184 Secunda
786 3136 866 3184 vero
890 3118 1055 3184 sententia
1079 3119 1158 3185 dicit
1182 3120 1275 3203 quod
1299 3121 1382 3185 tales
1404 3120 1461 3185 de-

282 3240 485 3305 clarationcs
509 3238 585 3305 licet
612 3238 732 3324 mapni
762 3237 829 3303 sint
854 3237 1038 3320 ponderis,
1064 3257 1135 3304 non
1165 3238 1316 3325 oblipant
1347 3245 1461 3306 tamen

282 3364 438 3429 uniuersa
460 3362 527 3428 nisi
550 3382 620 3429 nou
642 3362 754 3429 solum
777 3360 877 3443 Papa
902 3362 1052 3427 cornutio
1077 3367 1108 3426 et
1131 3364 1318 3429 mandante
1341 3363 1461 3433 editae.

282 3488 342 3552 sed
364 3486 466 3553 etiam
489 3487 561 3553 cius
576 3486 739 3553 mandato
759 3485 900 3569 speciali
915 3485 1111 3551 solemniter
1129 3488 1374 3573 promulpatac
1391 3504 1461 3569 pro

284 3616 353 3677 tola
374 3612 534 3685 Ecclesia,
563 3610 610 3675 ila
641 3616 677 3675 at
704 3609 897 3692 praecipiat
929 3608 1093 3692 Pontiseac
1123 3608 1166 3675 ab
1196 3610 1353 3676 omnibus
1381 3612 1460 3676 illas

283 3736 490 3803 obseruari»
509 3733 566 3822 (1).

372 3946 410 4015 (ll
431 3948 580 4017 OpinIoucs
600 3947 805 4017 Theologorum
825 3948 1043 4003 detractandam
1070 3954 1119 4002 aut
1140 3964 1308 4017 magnopere
1327 3946 1461 4001 cohiben-

283 4054 353 4107 tium
372 4054 568 4108 auctoritatem
594 4054 690 4107 harum
709 4054 890 4119 decisionum,
909 4070 973 4109 vera
993 4070 1054 4109 csse
1075 4056 1184 4108 nullius
1205 4055 1347 4119 momenti,
1366 4054 1458 4122 prouti

283 4158 377 4213 alebat
390 4158 554 4213 Benedictus
567 4158 641 4225 XIV,
654 4163 731 4227 patet
745 4176 779 4212 ax
789 4174 884 4212 aarum
898 4175 1005 4211 summa
1015 4175 1099 4228 quam
1108 4159 1149 4212 ita
1159 4160 1247 4212 ratast
1258 4158 1288 4212 D.
1300 4157 1460 4228 Alphonsus

282 4264 312 4317 in
331 4280 414 4335 opera
433 4266 521 4321 Homo
541 4267 729 4337 Apostolicus,
755 4267 846 4319 Tract.
867 4266 908 4321 De
928 4266 1065 4336 Leuibus,
1084 4284 1144 4336 cap.
1164 4267 1194 4331 3,
1212 4283 1241 4319 n.
1262 4266 1321 4317 34.-
1337 4276 1356 4320 ‹
1375 4264 1460 4318 Ratio

283 4370 334 4433 ast,
347 4369 456 4438 quotics
474 4374 538 4423 sunt
556 4371 647 4424 sactae
666 4368 869 4424 declarati0nes
887 4371 922 4422 ab
942 4368 1005 4422 aliis
1023 4386 1143 4439 quam-a
1156 4369 1267 4439 proprio
1285 4367 1462 4438 Legislatora
