3292 5109
258 211 325 277 344
787 234 872 281 raas
896 232 933 279 11.

258 351 496 419 autumnalibus
519 352 739 419 vacationibus
762 374 828 418 non
851 355 1006 420 fruuntur
1029 359 1062 420 et
1085 354 1196 420 diebus
1218 353 1440 420 tantummodo

258 475 299 541 de
322 482 495 561 praecepto
526 477 651 541 festivis
681 480 826 551 cessant;
851 481 886 541 at
913 476 976 541 hec
998 496 1083 541 anno
1109 474 1195 542 1898
1218 496 1278 562 pro
1305 477 1438 541 Dataria

259 604 412 666 statutum
437 606 494 675 991,
511 600 563 667 die
588 603 672 667 Iovis
695 620 816 666 vacare
835 598 999 667 Officiales
1021 601 1192 667 dummodo
1213 601 1300 667 intra
1315 600 1439 665 hebdo-

259 726 385 791 madam
408 727 490 792 alius
521 747 585 791 non
616 726 744 793 habitus
767 728 809 795 sit
832 726 900 791 dies
930 728 1042 793 festus.
1067 728 1253 793 Secretaria
1283 728 1438 793 Brevium

259 854 293 914 et
314 850 499 916 Secretaria
523 848 759 915 Memorialium
784 849 1004 915 vacationibus
1019 848 1175 915 fruuntur
1189 851 1438 932 autumnalibus,

260 976 294 1039 91
316 974 425 1058 plures
441 974 521 1039 alios
538 974 670 1041 feriatos
686 975 754 1039 dies
771 974 892 1040 habent
906 976 997 1041 iuxta
1012 984 1156 1042 vetarem
1172 996 1295 1041 morem
1317 978 1438 1041 curiae.

349 1100 637 1175 2819999199
667 1120 710 1164 an
741 1102 874 1184 vigeant
897 1100 928 1167 S.
954 1102 1230 1187 Congregationes
1260 1107 1293 1168 et
1324 1100 1441 1169 Officia

262 1222 344 1287 Sede
367 1223 515 1288 Vacante
539 1225 583 1287 ita
607 1222 781 1308 respondet
804 1224 978 1309 Fagnanns
1007 1225 1039 1287 in
1062 1243 1137 1306 cap.
1166 1220 1366 1291 carnotim.
1391 1224 1442 1288 De

259 1326 456 1411 cociomtat
478 1343 572 1411 obed.
596 1365 629 1409 a.
648 1342 696 1409 63
711 1363 778 1429 seq.
799 1344 1025 1411 «successive
1048 1365 1170 1429 quaero
1194 1366 1236 1409 an
1260 1344 1441 1411 iurisdictio

262 1466 553 1553 congregationum
578 1468 609 1533 S.
635 1468 674 1532 R.
692 1469 730 1533 Ε.
748 1468 968 1535 cardinalium
992 1470 1120 1553 expiret
1143 1469 1195 1533 vel
1220 1469 1261 1535 sit
1283 1488 1441 1553 suspensa

260 1591 445 1676 Apostolica
469 1592 551 1658 Sede
576 1597 722 1658 vacante.
749 1627 767 1640 -
793 1592 898 1658 Hodie
921 1592 946 1659 8
969 1593 1059 1677 Sept.
1084 1593 1184 1668 1644,
1210 1594 1358 1659 Romana
1381 1594 1441 1657 Ec·

261 1714 361 1779 alesia
383 1722 536 1798 vacante,
561 1738 620 1801 per
650 1716 771 1783 ebitum
802 1740 828 1782 s.
852 1738 893 1781 m.
918 1718 1041 1785 Urbani
1065 1720 1149 1785 Vlll
1181 1718 1221 1783 de
1251 1718 1316 1783 heo
1345 1716 1442 1782 dubio

261 1840 427 1907 consultus
457 1840 502 1907 fui
534 1862 554 1905 a
585 1842 616 1907 S.
649 1841 791 1928 Collegio
823 1840 1088 1909 cardinalium...
1121 1841 1283 1927 Respondi
1315 1840 1442 1907 iurisdi-

261 1963 400 2027 ctionem
425 1963 717 2049 congregationum
740 1984 800 2049 per
823 1963 944 2030 obitum
969 1966 1078 2051 Papae
1102 1985 1167 2029 non
1190 1966 1360 2048 expirare;
1385 1963 1442 2028 de-

260 2088 339 2152 bere
362 2092 470 2152 191199
501 2091 732 2173 conquiescere
761 2090 839 2175 ipsis
866 2088 1092 2157 cardinalibus
1123 2090 1156 2154 in
1188 2088 1343 2155 conclavi
1373 2106 1443 2151 ma-

260 2212 411 2277 nentibus
427 2213 530 2297 quoad
546 2213 601 2278 illa
620 2216 750 2300 negotia
773 2221 806 2281 91
829 2236 942 2280 causas
966 2234 1048 2299 quae
1066 2216 1101 2279 in
1118 2210 1193 2300 ip'sis
1209 2214 1443 2299 congregatio-

261 2334 354 2399 nibus
377 2335 594 2421 expediuntur
616 2357 675 2421 per
699 2337 967 2423 subscriptionem
992 2337 1171 2403 cardinalis
1197 2335 1361 2401 Praefecti
1384 2356 1443 2401 scu

261 2457 410 2525 habentis
433 2462 582 2547 sigillum.
607 2462 682 2528 Alia
704 2480 784 2527 vero
809 2476 891 2546 quae
915 2482 957 2527 ex
980 2463 1141 2527 communi
1165 2461 1272 2525 forma
1286 2480 1307 2525 a
1322 2460 1443 2526 Secre-

261 2585 344 2649 19119
368 2585 515 2670 expediri
539 2587 643 2651 solent
666 2588 795 2652 vivente
820 2585 994 2669 Pontifice,
1019 2607 1112 2671 posse
1144 2586 1260 2651 ibidem
1291 2584 1440 2671 expediri

262 2711 344 2777 Sede
367 2718 514 2779 vacante.
541 2750 558 2761 -
584 2713 695 2788 Quoad
719 2716 857 2799 primam
881 2719 1006 2799 partem
1030 2716 1220 2799 responsi...
1245 2720 1349 2781 motus
1378 2714 1442 2781 luit

260 2838 364 2921 primo
388 2838 462 2921 quia
485 2838 614 2902 illarum
639 2838 816 2905 iurisdictio
841 2848 889 2904 est
912 2840 1097 2914 ordinaria;
1121 2844 1189 2904 tum
1206 2841 1281 2923 qnia
1303 2839 1379 2906 data
1395 2846 1445 2906 est

262 2964 572 3051 Congregationibus
596 2984 656 3051 per
679 2965 786 3032 const.
812 2966 888 3032 Sisti
912 2968 962 3041 V;
986 2966 1163 3031 iurisdictio
1180 2968 1264 3031 enim
1288 2985 1371 3049 quae
1387 2966 1445 3032 de·

262 3088 369 3155 fertur
392 3091 507 3175 alege
537 3090 590 3153 vel
621 3094 738 3154 statuto
770 3096 819 3155 est
851 3090 1062 3156 ordinaria...
1095 3090 1182 3156 Hinc
1212 3097 1262 3157 est
1294 3097 1329 3156 nt
1357 3088 1445 3156 ordi-

262 3216 355 3280 naria
377 3214 556 3280 iurisdictio
577 3234 672 3299 quam
697 3214 818 3280 habent
851 3214 1040 3282 cardinales
1063 3218 1095 3281 in
1118 3218 1185 3281 suis
1207 3217 1354 3284 titulis...
1379 3237 1445 3281 nen

263 3343 401 3427 expirat,
419 3341 501 3408 Sede
517 3342 674 3406 Vacante.
693 3342 780 3406 Hinc
796 3342 893 3406 etiam
909 3316 1014 3406 estut
1036 3340 1175 3407 officium
1193 3343 1317 3407 Vicarii
1336 3344 1445 3429 Papae

262 3466 425 3533 advitam
448 3466 607 3551 deputati.
632 3469 669 3530 ut
691 3466 790 3529 moris
814 3470 881 3538 est,
905 3486 965 3551 per
988 3465 1077 3530 illius
1100 3465 1223 3532 obitum
1247 3485 1312 3529 non
1337 3468 1445 3531 extin-

261 3593 397 3674 guatur,
429 3590 505 3673 quia
534 3588 632 3654 habet
662 3587 907 3653 ordinariam...
946 3587 1096 3671 idemque
1128 3586 1296 3653 dicendum
1329 3594 1377 3653 est
1405 3586 1445 3652 de

262 3710 370 3779 officio
394 3713 571 3779 camerarii
594 3719 626 3779 et
651 3714 907 3793 Poenitentiarii‚
934 3718 968 3777 ut
991 3712 1150 3797 probatur
1181 3714 1214 3777 in
1245 3712 1320 3778 dict.
1345 3713 1444 3779 clem.

263 3836 316 3903 Ne
337 3836 496 3904 Romani.
521 3838 571 3915 Eo
595 3842 709 3903 1991911
730 3826 869 3920 11199199
895 3872 913 3885 -
947 3837 989 3903 de
1012 3836 1101 3904 elect.
1136 3837 1335 3903 -Similiter
1369 3838 1446 3903 hinc

262 3965 311 4026 est
334 3966 370 4026 ut
392 3959 568 4025 iurisdictio
592 3958 757 4026 Auditoris
781 3960 938 4026 camerae
954 3964 987 4027 91
1002 3959 1213 4025 Marescballi
1229 3980 1293 4024 non
1317 3960 1447 4045 expirat

265 4081 422 4150 Pontifice
451 4084 520 4149 vita
549 4083 706 4149 functo...
740 4084 782 4148 nt
813 4088 988 4169 propterea
1010 4082 1044 4146 in
1075 4082 1141 4147 suis
1168 4082 1286 4147 litteris
1316 4100 1448 4167 semper

262 4208 467 4274 inscribitur:
499 4209 656 4275 Gamerae
695 4208 904 4294 Apostolicae
939 4207 1110 4273 Generalis
1145 4206 1299 4281 Auditor,
1325 4208 1446 4273 Roma-

139 4396 141 4403 ,
263 4350 388 4415 uaeque
412 4332 522 4396 curiae
545 4330 643 4396 iudex
667 4330 851 4395 ordinarius
867 4334 928 4395 919.
946 4350 975 4393 1.
993 4330 1037 4395 Et
1059 4331 1143 4396 19119
1158 4331 1360 4415 apertissima
1384 4334 1446 4403 est,
