3292 5109
600 289 706 344 trt'uux
731 298 939 347 sruorrloos

696 554 792 610 cisun
811 554 844 608 ll.

608 713 640 746 Dli
656 711 789 747 Turturum
806 711 827 747 S.
844 710 934 748 ROTAE·

179 867 225 924 42,
245 867 332 922 Notio'
346 885 395 924 seu
413 868 561 922 instructio
580 884 727 922 causarum
746 867 920 923 iudicialium
941 868 1169 924 committebatur
1188 867 1236 923 uni

289 991 323 1028 ex
340 972 493 1043 capellanis
512 973 604 1043 Papae
623 973 671 1045 qui
690 973 753 1029 dein
773 975 933 1030 referebant
951 975 979 1029 in
998 975 1189 1030 consistorio.
1223 992 1289 1045 paq.
1326 971 1361 1028 38

179 1077 225 1132 43.
245 1077 391 1146 Sententia
409 1081 551 1135 serebatur
570 1080 599 1133 in
618 1079 790 1135 consistorio
828 1119 1234 1138 ..........
1271 1095 1290 1139 tt
1325 1079 1361 1135 39

181 1185 227 1237 44.
248 1185 350 1239 Postea
367 1186 459 1256 coepit
478 1187 538 1256 ipsa
556 1188 711 1243 iurisdictio
725 1187 863 1244 committi
878 1189 925 1244 uni
939 1194 989 1244 aut
1003 1189 1130 1260 pluribus
1148 1187 1239 1258 capel·

290 1291 370 1346 lanis.
391 1321 406 1332 -
426 1291 489 1346 lnde
508 1297 622 1348 enatum
636 1298 679 1348 est
691 1291 849 1364 Collegium
862 1311 911 1350 seu
924 1294 1058 1349 Tribunal
1072 1295 1238 1349 Auditorum

290 1414 436 1451 causarum
461 1397 488 1451 S.
514 1397 626 1464 Palatii,
651 1415 700 1454 seu
726 1399 892 1454 Auditorum
918 1399 948 1454 S.
970 1400 1068 1455 Rotae.
1087 1399 1237 1461 Quaeritur

291 1504 363 1560 unde
381 1522 480 1564 nornen
499 1506 559 1562 «S.
577 1507 697 1563 Rotae»
716 1506 873 1562 derivatum
888 1509 927 1562 sit
962 1546 1236 1562 .......
1273 1522 1292 1564 n
1322 1507 1363 1562 ibi

439 1743 457 1804 ,ξ
479 1738 501 1793 l.
522 1741 563 1818 Dc
582 1743 765 1796 Auditoribus
790 1741 953 1796 Tribunatu
973 1742 1000 1796 S.
1019 1742 1107 1796 Rotae
1143 1746 1145 1749 ’

182 1929 228 1983 45
247 1929 413 1984 Auditorum
432 1948 564 1986 numerus
582 1931 649 1987 olirn
668 1932 807 1999 incertus3
826 1930 892 1987 dein
910 1936 1003 1988 certus
1018 1932 1066 1988 sed
1079 1932 1179 1986 varius.
1200 1931 1239 1986 De

293 2034 402 2090 Decano
421 2036 447 2090 S.
468 2037 556 2092 Rotae
561 2075 1191 2091 ...............
1224 2052 1292 2108 pap.
1329 2035 1366 2088 42

184 2141 229 2195 46.
251 2141 399 2212 Eligantur
418 2144 545 2200 nonnulli
569 2161 605 2201 ex
630 2146 734 2200 exteris
759 2145 927 2225 nationibus.
953 2143 1045 2199 Semel
1070 2146 1154 2200 electi
1174 2146 1240 2197 suut

293 2247 486 2303 inumonibiles
518 2287 749 2302 ......
762 2269 769 2284 ·
787 2287 1239 2304 ...........
1276 2261 1294 2304 p
1329 2243 1365 2298 43

184 2352 229 2405 47.
249 2354 293 2407 An
312 2355 369 2409 sint
387 2355 492 2411 iudices
510 2357 632 2426 delegati
655 2394 1239 2412 ..............
1276 2369 1295 2413 a
1324 2353 1366 2406 ibi

185 2458 231 2512 48.
249 2461 288 2514 At
306 2461 407 2514 sufficit
427 2477 482 2515 une
501 2463 656 2516 commissio
676 2463 762 2517 etiam
780 2477 831 2532 pro
850 2463 1006 2517 sententiae
1022 2461 1195 2517 executione.
1232 2499 1239 2512 .
1276 2476 1293 2514 a
1329 2458 1366 2512 44

186 2565 231 2619 49.
252 2567 344 2620 Etiam
363 2585 417 2639 que
436 2569 564 2624 Praelati
582 2585 636 2624 non
655 2586 711 2641 qua
729 2571 883 2624 Auditorcs
903 2585 1001 2625 causas
1025 2567 1179 2637 suscipiunt
1196 2567 1243 2622 de·

294 2673 424 2728 cidendas
431 2713 1240 2730 ...................
1277 2687 1296 2729 »
1331 2673 1368 2726 45

185 2779 231 2834 50.
250 2779 281 2834 ln
299 2797 320 2833 s.
339 2781 528 2836 functionibus
547 2782 639 2852 Papae
667 2783 802 2837 assistunt
813 2783 843 2836 in
862 2781 949 2852 giadu
969 2780 1197 2835 Subdiaconatus.
1235 2819 1241 2830 .
1279 2793 1297 2836 »
1326 2778 1366 2832 ibi

186 2887 231 2940 51.
251 2885 356 2948 Quibus
374 2885 557 2958 qualitatibus
576 2887 682 2958 pollere
701 2889 821 2944 debeant
834 2887 993 2954 Auditores3
1005 2885 1182 2957 etquodnam
1196 2901 1244 2940 ex·

295 2994 480 3062 perimentum
504 2994 636 3047 lacerent
663 2992 763 3048 Plures
787 2992 981 3048 solemnitates
1005 2992 1190 3046 servabantur
1215 2989 1243 3042 in

289 3100 463 3170 capessendo
480 3100 571 3154 officio
614 3133 1244 3154 ...............
1280 3108 1297 3151 )
1333 3092 1368 3147 46

186 3204 232 3256 52,
253 3201 292 3258 De
311 3203 403 3257 iuncte
420 3201 595 3273 obligatione
611 3203 739 3259 servandi
759 3203 861 3258 secreti
882 3219 938 3273 qua
959 3202 1170 3271 adstringuntur
1187 3199 1244 3252 Au-

296 3310 399 3366 ditores
417 3327 567 3382 eorumque
587 3313 725 3366 Studium.
745 3310 889 3372 Quomodo
904 3312 1087 3379 componatur
1102 3305 1245 3361 Auditoris

298 3420 427 3475 Studium
436 3452 1243 3475 ...................
1279 3429 1298 3468 »
1334 3409 1369 3462 47

179 3509 232 3583 ’53.
254 3528 293 3584 De
311 3529 476 3584 Auditorum
495 3529 644 3584 honorario
659 3561 1242 3582 ..............
1280 3534 1298 3577 a
1328 3519 1369 3572 ibi

398 3761 415 3823 ἓ
434 3759 459 3812 2.
481 3759 521 3812 De
542 3758 701 3824 deludentis,
723 3756 962 3811 Procuratoribus
981 3764 1008 3808 et
1025 3751 1161 3806 Notariis.

189 3956 233 4010 54.
253 3955 411 4028 Necessitas
429 3957 528 4027 agendi
547 3961 576 4012 et
594 3954 776 4025 respondendi
799 3954 828 4007 in
854 3953 928 4006 Rota
950 3969 1001 4021 per
1024 3950 1173 4004 advocatos
1196 3949 1247 4026 sut

297 4067 490 4132 procuratores
508 4063 676 4132 approbatos
701 4093 1197 4114 ............
1231 4067 1298 4123 pap.
1336 4049 1372 4104 50

189 4169 233 4224 55.
255 4169 323 4224 ltem
342 4174 405 4224 acta
423 4168 594 4224 conficienda
612 4173 678 4222 sunt
696 4184 745 4236 per
764 4167 889 4220 notarios
907 4163 1077 4234 approbatos
1104 4201 1110 4212 .
1147 4200 1154 4213 .
1193 4200 1199 4213 .
1237 4197 1245 4212 .
1282 4171 1300 4214 »
1335 4154 1371 4250 5l

190 4274 233 4328 56.
254 4272 417 4328 Differentin
435 4272 509 4328 inter
521 4271 687 4339 Advocatos,
701 4271 901 4324 Procuratores
914 4283 962 4322 seu
978 4267 1122 4330 Patronus,
1138 4261 1246 4317 Sollici-

298 4383 411 4446 tatores,
429 4383 459 4434 et
478 4379 602 4449 Agentes
615 4406 1246 4431 ...............
1283 4382 1302 4421 a
1331 4363 1372 4417 ibi
