3292 5109
691 919 813 1023 PARS
841 923 886 1019 Il.

102 1192 109 1216 -.
217 1134 282 1215 De
308 1135 489 1216 Iudiciis
516 1134 847 1215 Ecclesiasticis
875 1134 1097 1216 Civilibus
1129 1136 1176 1215 in
1204 1136 1356 1235 specie

607 1298 777 1373 etcum
806 1294 963 1392 primis

371 1451 426 1529 de
451 1448 731 1529 ordinatione
760 1447 924 1527 Curiae
950 1446 1204 1533 Romanae.

580 1786 1000 1855 PROOEMIUM.

101 2139 108 2152 ἱ
287 2052 524 2139 Magonem
551 2049 659 2115 iudicii
690 2050 795 2115 civilis
826 2050 1037 2115 ecclesiastici
1069 2056 1106 2117 ut
1137 2052 1380 2137 explicaremus

66 2147 72 2161 ’
93 2156 118 2179 ”
193 2179 359 2242 notionem
375 2176 506 2259 eiusque
522 2194 709 2260 processum
725 2174 947 2240 ordinarium
963 2179 996 2241 et
1009 2176 1255 2247 summarium·
1269 2195 1381 2243 omnes

80 2363 100 2415 ss
193 2298 306 2364 iudicii
328 2302 438 2383 partes
458 2298 621 2383 tetigimus
647 2300 680 2361 et
703 2295 891 2369 evolvimus,
908 2297 1059 2361 nimirum
1082 2298 1380 2379 introductionum

85 2418 122 2500 ,‘
192 2421 461 2493 instructionem,
488 2420 729 2506 definitionem,
756 2419 1001 2486 assecutionem.

82 2508 122 2545 n
289 2546 399 2630 Neque
421 2544 600 2610 abstractas
624 2546 658 2608 et
680 2542 919 2627 philosophicas
950 2549 1074 2611 tantum
1099 2564 1271 2631 processus
1300 2545 1382 2611 iudi-

62 2622 151 2774 Χ
192 2670 290 2735 cialis
311 2670 401 2755 leges
429 2667 485 2734 sed
508 2668 707 2753 potissimum
730 2664 986 2752 significavimus
1009 2688 1140 2732 normas
1163 2688 1184 2733 a
1206 2670 1279 2734 inre
1302 2671 1384 2755 posi-

84 2804 117 2873 ὑ,
192 2795 260 2859 tivo
288 2812 358 2857 can.
383 2792 580 2871 constitutas,
605 2787 761 2854 docentes
780 2788 938 2873 quomodo
969 2789 1129 2855 iudicialis
1157 2794 1384 2858 controversia

88 2954 122 3031 c<
191 2919 226 2980 in
258 2916 335 2980 foro
365 2914 480 2981 eccles.
505 2914 680 2978 instaurari
711 2918 744 2977 et
774 2910 902 2978 deliniri
932 2919 1109 2998 oporteret.
1129 2950 1147 2963 -
1166 2914 1383 2991 Quamobrem

190 3038 294 3103 altius
315 3037 429 3101 animis
445 3036 673 3120 discipulorum
690 3034 837 3116 insideat,
854 3054 894 3099 ea
909 3036 1017 3100 omnia
1040 3056 1123 3120 quae
1139 3036 1246 3104 adhue
1263 3038 1380 3106 dicturi

70 3073 153 3225 Χ
191 3183 307 3229 sumus
331 3162 371 3227 de
391 3162 504 3227 ordine
524 3160 664 3227 iudicum
681 3166 714 3227 et
728 3160 929 3242 iudiciorum,
946 3182 1038 3227 suum
1053 3182 1176 3247 ponere
1194 3164 1384 3229 fundamen·

83 3234 125 3307 &t

191 3297 261 3357 tum
286 3292 319 3355 in
333 3290 384 3355 his
400 3309 482 3374 quae
497 3290 655 3355 hactenus
678 3289 711 3353 in
734 3290 840 3353 altera
856 3294 947 3373 parte
966 3289 1163 3372 tradidimus,
1177 3296 1288 3376 utpote
1310 3312 1385 3377 spe·

190 3418 262 3481 cies
288 3436 380 3480 suum
403 3434 506 3500 genus
529 3412 687 3478 subaudit.

288 3538 319 3603 2.
344 3538 472 3603 Etenim
486 3536 595 3621 legum
611 3536 824 3601 humanarum
841 3540 1009 3623 proprium
1033 3545 1092 3621 est,
1108 3542 1249 3606 maxime
1272 3543 1304 3606 in
1323 3542 1385 3607 Re

192 3660 327 3745 publiea
348 3659 389 3725 ad
411 3660 484 3725 loca
506 3658 600 3723 ratde
623 3660 710 3723 inter
733 3679 768 3723 se
791 3660 902 3725 dissita
926 3669 958 3727 et
981 3661 1022 3727 ad
1045 3664 1156 3748 plures
1182 3670 1215 3729 et
1237 3665 1384 3735 diversas

191 3792 311 3873 gentes
335 3806 370 3851 se
392 3784 614 3870 protendente,
639 3784 741 3868 qualis
765 3791 814 3849 est
838 3785 937 3853 Orbis
960 3788 1162 3866 catholicus,
1187 3795 1224 3856 ut
1254 3792 1384 3875 quando

159 3997 162 4013 Ι
191 3912 285 3999 leges
309 3912 491 3977 executioni
515 3910 759 3992 demandantur,
776 3914 923 3978 nonnihil
950 3915 1170 3992 immutentur,
1187 3918 1308 4001 aliquid
1333 3941 1385 4005 pe·

193 4036 321 4102 culiare
336 4038 610 4119 assumentespro
626 4010 771 4099 locorum
788 4040 821 4101 et
840 4041 1021 4120 temporum
1039 4036 1207 4114 adiunctis,
1222 4042 1253 4105 in
1271 4042 1386 4125 quibus

193 4159 412 4245 applicantur.
654 4238 659 4249 Ι
882 4237 895 4251 .
1351 4133 1355 4147 ¹

287 4281 319 4345 3.
345 4281 394 4345 Re
418 4279 544 4365 quidem
560 4300 641 4346 vera
659 4286 807 4365 superest
831 4278 940 4345 dicere
964 4280 1004 4346 de
1027 4281 1154 4347 iudiciis
1176 4284 1326 4351 civilibus
1349 4288 1382 4351 in

195 4404 315 4489 specie,
340 4422 398 4469 seu
421 4403 460 4468 de
484 4406 574 4470 curia
598 4424 734 4470 romana
756 4410 789 4470 et
812 4404 853 4470 de
877 4406 978 4471 curiis
999 4404 1211 4483 dioecesanis,
1233 4409 1385 4477 nimirum
