3292 5109
494 320 538 367 DE
561 318 702 368 tumetis
725 318 993 369 nccnssslasrlols
1286 298 1327 367 71

152 443 281 529 scriptis
305 440 413 508 editae
427 443 481 509 vel
497 443 572 509 viva
587 462 669 509 voce
685 443 801 519 tactae
816 446 895 527 quot
909 446 984 507 sont
1006 440 1182 507 incidentia
1194 440 1262 505 litis
1278 440 1332 504 vel

152 570 257 652 dubia,
282 589 366 655 quae
388 567 586 636 definiuntur
608 589 628 635 a
652 570 799 635 Ponenta
814 568 868 635 vel
884 566 1063 634 definitioni
1082 572 1330 654 praeparantur.

241 695 299 761 Die
327 695 452 761 demum
479 699 600 763 statuta
626 694 756 760 Ponens
781 692 815 758 in
841 691 996 760 tribunali
1023 692 1112 777 leget
1139 690 1331 757 relationem

151 821 291 885 omnium
316 826 461 887 actorum
479 826 511 886 et
531 819 750 907 probatorum.
768 854 787 871 ·
805 820 999 903 antiquiore
1020 817 1106 904 stylo
1122 817 1254 883 Ponens
1271 832 1331 880 vo-

149 951 215 1011 tum
234 965 299 1011 non
315 944 464 1021 babebat,
477 946 533 1012 sed
550 948 581 1011 in
599 944 758 1031 aliquibus
775 943 903 1011 casibus
917 946 946 1008 ei
963 949 1072 1007 votum
1085 938 1330 1007 deliberativum

150 1072 311 1135 concessit
334 1068 528 1136 Benedictus
543 1068 626 1135 XIV
652 1069 687 1133 in
712 1068 819 1135 Consi.
837 1066 992 1133 Iustitiae
1013 1071 1045 1132 et
1063 1066 1171 1149 pacis,
1196 1068 1229 1129 et
1251 1060 1331 1127 indi·

149 1191 361 1256 scriminatim
377 1192 407 1255 ei
420 1196 530 1256 votum
542 1188 690 1259 attribuit
704 1187 950 1255 deliberativum
962 1186 1015 1253 eu.
1033 1182 1111 1252 Ood.
1128 1184 1228 1270 Greg.
1243 1182 1328 1249 XVI

149 1320 213 1380 art.
237 1313 324 1382 325.

238 1437 304 1503 Alii
327 1454 409 1503 raro
432 1437 606 1505 Auditores
628 1441 705 1503 vota
726 1435 879 1502 deterunt
901 1434 1031 1519 scripta,
1056 1451 1138 1517 quae
1159 1434 1328 1517 postquam

148 1560 180 1625 in
204 1561 379 1628 Audientia
409 1561 585 1635 ediderint,
610 1560 744 1630 tradunt
766 1561 923 1641 Ponenti‚
947 1564 983 1626 ut
1004 1558 1080 1623 inde
1105 1560 1221 1623 exaret
1243 1553 1328 1619 deci·

147 1686 267 1753 donea.
287 1688 363 1753 -In
383 1689 438 1753 'bis
460 1687 607 1754 omnibus
631 1706 713 1773 quae
734 1689 869 1773 praevia
891 1691 966 1752 sunt
989 1682 1212 1751 deliberationi
1235 1700 1329 1766 quae-

148 1812 269 1894 stionis,
286 1810 447 1878 Suedium
469 1819 536 1881 tum
555 1812 693 1878 Ponenti
716 1816 784 1878 turn
810 1812 944 1896 reliquis
967 1807 1177 1877 auditoribus
1198 1825 1328 1892 magno

148 1956 225 2021 pere
247 1937 369 2003 auxilio
394 1944 427 2003 et
448 1936 632 2003 adiumento
656 1944 706 2004 est
728 1935 785 2024 (1).

235 2060 442 2148 72.sry1um
472 2062 602 2128 omnino
625 2061 685 2127 sibi
717 2064 883 2148 proprium
907 2060 1007 2127 babet
1035 2059 1098 2125 boc
1120 2056 1262 2125 tribunal
1292 2055 1326 2121 in

149 2184 272 2250 ratione
296 2183 422 2250 ferendi
445 2192 531 2251 vota
556 2184 760 2251 Auditorium
776 2205 820 2251 ex
835 2183 1003 2250 duodecim
1027 2179 1237 2249 Auditoribus
1256 2198 1327 2245 coa·

147 2308 283 2383 lascarus,
306 2312 341 2375 in
364 2315 433 2377 tres
455 2316 575 2378 tumor
597 2309 764 2387 dividitur;
789 2316 824 2378 et
846 2313 961 2395 cuique
985 2315 1087 2376 tomo
1110 2328 1168 2374 seu
1188 2312 1325 2392 quatuor

147 2435 356 2503 Auditoribus
367 2442 500 2522 praeest
509 2438 647 2511 Ponens,
662 2456 720 2503 seu
732 2438 789 2503 ille
802 2437 949 2512 Auditur,
960 2438 1011 2503 cui
1027 2456 1126 2501 causa
1137 2432 1326 2503 instruenda

148 2562 179 2623 et
193 2558 369 2625 referenda
391 2560 562 2625 commissa
585 2558 653 2625 tuit.
680 2558 763 2635 Quia
786 2558 960 2626 Auditores
980 2561 1014 2623 in
1030 2557 1242 2624 conventibus
1257 2575 1326 2621 car·

147 2686 210 2747 tarn
237 2687 399 2767 occupant
428 2682 537 2749 sedem
565 2681 679 2748 ordine
710 2682 940 2759 accubitalis,
964 2682 1042 2748 binc
1070 2680 1182 2747 eodem
1210 2678 1325 2745 ordine

150 2814 288 2875 turnum
315 2808 542 2894 ingrediuntur
566 2810 751 2877 Auditores.
777 2810 857 2877 Nam
882 2811 943 2876 nisi
967 2810 1000 2875 in
1024 2810 1248 2875 commissione
1269 2810 1327 2872 aut

148 2931 208 2996 alio
223 2931 357 2998 decreto
370 2932 515 2998 edicatur
531 2968 549 2981 -
563 2932 703 2999 videam
717 2952 836 3001 omnes
848 2970 878 3015 -‚
892 2953 1009 2999 causae
1021 2930 1165 2999 definitio
1175 2931 1325 3015 intelligi·

147 3058 198 3121 tur
217 3054 388 3121 iudicanda
411 3054 452 3121 ab
476 3056 641 3123 ordinario
665 3062 778 3124 turno.
796 3058 958 3133 Quocirca
981 3057 1055 3123 data
1077 3054 1322 3136 commissione,

147 3182 194 3245 vel
222 3200 282 3267 pro
304 3180 466 3246 hodierno
488 3202 590 3263 more,
614 3183 648 3247 in
670 3182 830 3268 aliquibus
855 3183 961 3249 causis
988 3181 1139 3268 deputato
1165 3181 1322 3256 Ponente,

146 3304 265 3371 iudices
287 3308 531 3372 controversiae
547 3307 750 3373 destinantur
765 3313 905 3393 quatuor
920 3306 1103 3381 Auditum,
1120 3307 1174 3391 qui
1188 3326 1207 3373 e
1222 3304 1322 3371 laeva

144 3430 256 3498 sedent
278 3430 446 3499 auditoris
469 3432 635 3499 Ponentis.
658 3432 773 3499 -Cum
797 3432 853 3499 hic
876 3434 953 3499 olim
968 3437 1078 3498 votum
1093 3451 1159 3498 non
1174 3430 1321 3505 baberet

144 3576 272 3623 causam
284 3556 454 3625 dumtaxat
464 3556 632 3625 referebat
643 3558 876 3624 etAuditornm
888 3541 1181 3644 corresponsalium
1193 3556 1321 3645 collige

143 3677 195 3745 bat
209 3684 286 3744 vota
302 3700 345 3745 ex
360 3678 475 3764 quibus
490 3679 684 3747 decisionem
706 3680 903 3747 desumebat.
928 3684 973 3747 At
995 3682 1113 3748 exinde
1135 3681 1321 3747 necessario

142 3798 236 3865 flebat
252 3803 368 3866 utnon
384 3802 483 3867 semel
500 3801 540 3867 ob
556 3805 728 3888 paritatem
744 3808 896 3869 votorum
913 3823 1010 3870 causa
1025 3823 1090 3869 non
1104 3807 1233 3889 poterat
1248 3799 1322 3868 defl-

143 3925 203 3990 niri
220 3924 278 3991 sed
293 3922 502 3993 differebatur
517 3924 559 3993 ad
573 3926 671 3993 aliam
691 3928 817 3993 Rotam.
836 3929 1086 4003 Perseverante‚
1099 3929 1133 3992 in
1147 3927 1254 3993 altera
1268 3946 1322 3993 au·

229 4224 270 4297 (1)
290 4226 397 4282 Exinde
415 4242 472 4283 non
489 4226 579 4282 solum
599 4227 815 4285 deliberationes
833 4230 940 4284 rotclea
962 4232 1043 4296 fiunt,
1061 4228 1183 4300 plurium
1208 4228 1321 4284 collatis

144 4332 272 4402 consiliis,
289 4334 336 4389 sed
355 4333 529 4405 singulorum
547 4334 713 4391 Auditorum
732 4341 800 4391 vota
818 4338 945 4393 referunt
962 4342 1104 4392 maturum
1116 4336 1209 4393 Studia·
1226 4335 1319 4391 consi·

144 4434 222 4506 lium,
241 4454 291 4493 eeu
309 4437 431 4510 plurium
452 4440 652 4510 praestantium
671 4440 939 4496 iurisconsultorum.
