3292 5109
463 264 509 311 nu
537 265 676 313 1nn1cns
708 264 974 313 accunsmsrmrs
1243 248 1306 314 391

125 409 209 455 vero
232 389 465 455 nonnullarum
488 390 675 475 specialium
698 390 888 457 facultatum
916 412 973 457 seu
1004 392 1150 458 limitatio
1174 394 1312 459 auctori-

125 515 189 583 tati
213 513 349 586 adiecta,
373 518 423 580 est
446 520 664 579 consentanea
687 534 759 580 cum
783 516 1005 582 iurisdictione
1032 515 1198 581 ordinaria
1222 518 1313 581 cuius

129 636 303 703 dumtaxat
318 636 520 703 emarcidum
536 636 768 723 aliquantisper
780 637 949 704 cohibetur
964 638 1115 724 legitimis
1131 640 1170 705 de
1192 642 1312 716 causis;

131 762 199 827 hoc
221 765 316 847 pacto
339 763 491 848 Episcopi
514 761 668 847 quasdam
691 764 930 829 reservationes
952 766 1117 849 patiuntur
1141 766 1228 831 iussu
1252 765 1313 830 Ro·

129 885 219 949 mani
243 882 420 949 Pontificis.

224 1009 315 1073 Haec
337 1008 481 1074 innuisse
497 1013 651 1094 praestat,
668 1028 807 1093 namque
823 1010 856 1075 in
872 1009 1066 1075 dimetienda
1089 1010 1311 1078 iurisdictione

129 1138 167 1200 et
177 1136 393 1220 competentia
405 1135 529 1200 Vicarii
546 1135 726 1217 Generalis,
739 1136 802 1200 hoc
817 1136 994 1200 assumitur
1006 1138 1051 1201 uti
1067 1135 1311 1204 fundamentale

122 1259 338 1345 principium;
365 1259 519 1326 videlicet
534 1260 678 1326 eamdem
695 1280 830 1325 numero
846 1262 1073 1326 auctoritatem
1088 1259 1127 1325 ab
1150 1262 1311 1347 Episcopo

123 1390 161 1451 et
182 1383 223 1450 ab
246 1387 315 1450 eius
339 1386 476 1452 Vicario
499 1388 533 1451 in
555 1386 709 1452 tribunali
733 1386 925 1451 dioecesano
949 1388 1109 1452 exerceri.
1156 1412 1158 1417 ·

218 1510 294 1576 312.
319 1510 447 1576 Exinde
469 1530 608 1596 pronum
632 1518 681 1577 est
700 1510 835 1585 inferre,
853 1513 1020 1578 Vicarium
1038 1511 1234 1577 Generalem
1250 1515 1311 1579 Ar-

124 1632 338 1719 chiepiscopi‚
363 1634 398 1699 in
421 1633 550 1699 casibus
573 1633 688 1718 quibus
702 1635 958 1721 Archiepiscopo
979 1636 1176 1720 permittitur
1200 1655 1314 1703 causas

126 1779 332 1845 cognoscere
355 1760 424 1825 sive
447 1756 652 1847 suffraganei
682 1762 751 1827 sive
781 1760 980 1828 subditorum
1004 1757 1218 1848 Suffraganel‚
1242 1782 1308 1827 nou

124 1888 288 1952 minorem
311 1889 502 1971 potestatem
523 1877 667 1954 nancisci
682 1888 715 1953 in
732 1884 960 1973 Suffraganeos
976 1892 1009 1953 et
1024 1889 1058 1952 in
1074 1886 1217 1955 subditos
1235 1888 1308 1953 Suf-

121 2009 372 2096 fraganeorum‚
390 2011 559 2077 dummodo
575 2013 719 2097 excipias
734 2012 807 2077 illos
822 2014 990 2098 graviores
1007 2032 1100 2077 casus
1116 2013 1179 2095 qui,
1197 2016 1317 2098 suapte·

122 2138 256 2215 natura,
274 2152 341 2197 non
357 2134 566 2200 continentur
574 2136 615 2197 -iu
630 2134 775 2219 generali
795 2133 955 2199 mandato.
975 2169 993 2183 ·
1011 2133 1093 2199 Sede
1109 2138 1218 2199 autem
1233 2136 1311 2219 Epi-

120 2257 249 2343 scopali
280 2258 333 2323 vel
356 2258 635 2343 Archiepiscopali
663 2262 811 2331 vacante,
837 2262 976 2343 potestas
1008 2258 1122 2323 iudicis
1153 2258 1311 2324 ordinarii

122 2402 211 2468 quae
231 2384 263 2447 in
281 2382 463 2469 Capitulum
480 2383 674 2450 Cathedrale
689 2383 883 2460 refunditur,
901 2384 941 2449 ab
958 2382 1068 2449 eodem
1086 2384 1311 2450 demandanda

121 2512 185 2582 est,
210 2528 253 2572 ex
280 2511 483 2594 praescripto
507 2509 642 2574 Concilii
668 2508 756 2573 Trid.
782 2508 870 2574 Sese.
894 2507 960 2582 211,
986 2530 1060 2593 cap.
1085 2508 1144 2586 16,
1169 2510 1220 2576 De
1242 2510 1307 2593 ref.

120 2633 160 2698 in
185 2632 359 2697 Vicarium
383 2632 608 2718 Capitularem,
634 2633 817 2719 eligendum
844 2634 931 2699 intra
961 2638 1032 2699 octo
1064 2633 1132 2699 dies
1159 2632 1200 2699 ab
1223 2634 1312 2699 obitu

118 2758 178 2823 vel
203 2777 224 2821 a
246 2759 359 2825 notitia
380 2758 492 2826 habita
515 2758 619 2824 obitus
643 2759 796 2824 Praelati.
816 2794 834 2806 -
852 2759 896 2826 At
919 2760 1087 2824 Ecclesiae
1111 2759 1309 2845 collegiatae

119 2883 264 2950 Nullius
287 2884 350 2949 hac
379 2885 453 2971 lege
482 2906 548 2950 non
575 2890 746 2961 tenentur3
771 2904 846 2949 nam
875 2886 906 2951 S.
933 2886 1149 2971 congregatio
1173 2884 1309 2951 Concilii

121 3003 186 3089 (uti
211 3006 317 3071 refert
332 3007 506 3093 Fagnauus
529 3009 562 3071 in
585 3027 659 3091 cap.
678 3008 743 3073 His
758 3028 856 3093 puae,
875 3007 924 3073 De
947 3006 1140 3074 autoritate
1156 3012 1188 3073 et
1203 3006 1308 3079 obed„

116 3152 156 3197 n.
176 3130 245 3217 79),
271 3133 438 3217 proposito
458 3131 553 3197 dubio
568 3152 610 3196 an
627 3132 792 3197 decretum
810 3132 943 3198 Consilii
967 3129 1067 3218 (Sese.
1085 3132 1144 3206 24,
1158 3150 1232 3215 cup.
1250 3128 1306 3218 16)

123 3280 247 3345 nempe
259 3260 343 3345 quod
357 3260 546 3345 Capitulum,
560 3258 636 3325 sede
647 3263 795 3340 vacante,
808 3260 1006 3325 constituere
1018 3257 1132 3323 debeat
1140 3258 1310 3323 Vicarium

120 3384 180 3468 qui
204 3383 317 3449 saltem
342 3385 374 3448 in
401 3385 471 3449 iure
491 3402 562 3447 can.
579 3385 621 3449 sit
643 3382 758 3449 doctor
773 3384 826 3448 rel
850 3383 1042 3455 licentiatus,
1060 3383 1167 3447 locum
1191 3381 1334 3448 habeat.

121 3506 226 3571 etiam
241 3508 274 3571 in
291 3506 471 3593 collegiata,
489 3504 641 3569 defuncto
658 3506 726 3571 eius
743 3506 906 3577 Praelata
924 3506 977 3588 qui
993 3505 1190 3570 ordinariam
1213 3506 1310 3570 iuris-

120 3628 304 3695 dictionem
319 3634 353 3694 et
368 3629 476 3692 omnia
490 3628 563 3692 iura
578 3627 773 3712 episcopalia
787 3626 922 3703 habeat;
938 3627 970 3693 S.
985 3628 1083 3713 Gong.
1101 3628 1226 3693 censuit
1240 3647 1311 3694 non

120 3746 254 3815 habere
276 3750 398 3815 locum.
417 3783 435 3797 -
452 3748 660 3815 Contrarium
683 3747 778 3813 docet
801 3749 990 3835 Pellegrini,
1012 3748 1069 3833 Op.
1092 3749 1156 3825 ca’t,
1172 3753 1262 3830 part.
1280 3749 1309 3830 I,

114 3880 202 3944 sect.
225 3875 260 3950 V,
282 3896 315 3941 a.
334 3874 360 3942 3
382 3874 439 3942 sed
462 3874 626 3959 sequenda
648 3880 697 3940 est
719 3875 880 3940 sententia
897 3874 1043 3961 Fagnani
1061 3895 1142 3959 quae
1158 3875 1306 3940 innititur

119 3998 239 4066 clarae
269 3996 424 4063 decisioni
455 3998 486 4064 S.
512 3998 611 4083 Cong.
635 3996 787 4063 Concilii:
818 3997 872 4062 vel
905 3996 1084 4082 Pellegrini
1116 3998 1161 4062 ita
1187 3994 1308 4059 intelli-

117 4120 250 4210 gendus
274 4126 332 4196 est,
356 4126 393 4187 ut
415 4120 595 4188 huiusmodi
619 4119 811 4205 collegiatae
833 4140 892 4206 pro
917 4121 1052 4186 meliore
1083 4140 1160 4186 suae
1183 4118 1307 4185 iurisdi-

115 4243 240 4310 ctionis
269 4243 427 4307 exercitio
459 4245 656 4309 constituere
687 4242 826 4308 debeant
849 4242 1033 4327 vicarium,
1057 4243 1132 4310 sede
1154 4248 1302 4309 vacante.

115 4368 186 4437 Sed
211 4368 288 4451 quia
317 4368 408 4433 nulla
436 4370 510 4456 lege
534 4367 791 4455 adstringuntur,
817 4370 844 4435 si
875 4388 936 4454 per
958 4390 993 4435 se
1018 4389 1175 4435 exercere
1198 4368 1311 4435 volunt
