3292 5109
278 239 344 304 482
727 249 934 298 nausearum
958 248 1008 296 111.

277 377 367 433 venda
384 381 563 448 proponatur,
583 374 694 430 difficile
712 374 788 429 dictu
808 378 859 438 est,
878 376 983 443 quanta
1002 371 1170 434 examinum,
1188 367 1308 422 aliorum
1326 367 1395 422 alibi
1412 367 1460 421 di-

275 484 401 548 versitas,
420 483 548 538 extiterit
567 487 652 552 alque
670 479 736 534 hinc
758 479 868 533 occasio
887 476 1072 549 querelarum.
1092 477 1163 530 Nam
1182 475 1300 540 alicubi,
1318 491 1381 528 curu
1401 491 1456 528 non

276 590 388 646 eaedern
414 591 541 645 omnibus
566 589 757 660 quaestiones.
782 603 837 642 non
863 585 947 641 iidem
972 602 1054 640 casus
1071 586 1205 654 propositi
1224 585 1356 650 tuissent,
1375 593 1461 639 eraut

275 695 435 760 identidem,
454 696 501 766 qui
520 695 563 748 rel
584 695 612 748 in
632 693 734 748 indicio
753 691 797 746 vel
817 697 899 747 extra
917 695 1163 762 conquererentur,
1181 689 1234 744 sibi
1254 689 1365 760 quidem
1379 695 1460 758 post-

275 799 373 869 positis
392 799 569 864 difficiliores,
595 799 754 868 praeelecto
772 803 867 852 antem
886 797 1027 852 faciliores
1045 796 1080 850 ad
1099 795 1260 850 solvendum
1278 795 1460 866 quaestiones

275 907 420 975 obtigisse.
441 905 516 958 Alibi
536 921 603 959 vero
622 904 734 960 eaedem
755 903 865 974 quidem
884 904 1013 958 omuibus
1032 903 1210 973 quaestiones
1228 903 1385 972 propositae
1398 903 1461 954 tue-

275 1017 355 1071 ruut.
374 1012 420 1068 sed
440 1029 530 1083 neque
549 1011 616 1077 hae,
636 1027 725 1082 neque
744 1010 827 1064 datae
846 1028 863 1063 a
881 1009 1113 1064 concurrentibus
1138 1009 1332 1078 responsiones
1352 1007 1461 1076 scripto

273 1137 322 1175 seu
342 1119 444 1174 litteris
463 1120 708 1189 consignabantur.
728 1118 853 1189 Cumque
871 1118 1045 1186 postmodum
1065 1133 1116 1172 nec
1135 1132 1199 1170 rere
1218 1117 1403 1186 contingeret,
1422 1122 1459 1168 ut

275 1245 290 1282 e
310 1227 469 1298 postpositis
493 1228 629 1298 quispiam
655 1227 715 1281 iure
739 1225 837 1280 Bullae
856 1225 1030 1294 supradictae
1049 1242 1151 1280 novum
1171 1225 1205 1278 ad
1223 1243 1340 1280 examen
1359 1241 1456 1278 coram

275 1335 366 1389 iudice
383 1333 580 1405 appellationis
598 1335 714 1405 eiusque
734 1333 979 1386 Examinatoribus
1002 1331 1122 1387 electum
1145 1337 1318 1401 provocaret,
1336 1333 1363 1386 S.
1382 1332 1459 1387 Cen·

275 1442 405 1511 gregatio
430 1457 517 1511 usque
543 1442 577 1494 ab
603 1455 676 1494 anno
702 1439 785 1504 1603,
809 1437 988 1492 considerans
1011 1454 1164 1506 gravamen
1187 1455 1242 1492 non
1268 1437 1325 1492 alia
1349 1441 1460 1494 ratione

275 1565 357 1619 quam
379 1563 450 1602 noro
470 1548 597 1601 examine
617 1546 727 1614 probari
749 1561 837 1616 posse,
857 1545 1081 1614 provocationem
1096 1545 1130 1598 ad
1143 1561 1244 1598 novum
1264 1563 1381 1600 examen
1394 1563 1460 1601 cen·

275 1658 332 1711 suit
351 1657 563 1721 admittendam,
588 1657 750 1724 gravamine
776 1655 891 1710 necdum
912 1658 1029 1725 probato
1048 1660 1077 1711 et
1096 1656 1240 1727 requisitis
1264 1659 1460 1712 tantummodo

275 1761 485 1831 probationibus
503 1761 532 1814 in
551 1761 729 1831 subsequenti
750 1760 868 1824 iudicio;
887 1761 916 1814 in
934 1777 998 1832 quo,
1018 1763 1135 1830 probato
1154 1778 1203 1830 per
1222 1778 1323 1814 novum
1337 1779 1456 1816 examen

275 1867 444 1939 appellantis
462 1867 623 1937 gravamine
642 1867 732 1937 quoad
751 1867 922 1932 doctrinam,
940 1868 1081 1936 probanda
1102 1873 1229 1936 superest
1246 1867 1370 1922 eiusdem
1390 1884 1459 1936 prae

273 1975 330 2029 iarn
349 1975 439 2029 electo
460 1974 488 2028 in
507 1973 622 2044 reliquis
640 1973 674 2026 ad
694 1973 844 2042 regendam
858 1973 1013 2027 Ecclesiam
1027 1974 1169 2044 requisitis
1183 1975 1363 2043 praestantia,
1376 1981 1408 2028 ut
1421 1975 1459 2028 de

274 2083 373 2136 maiori
392 2081 556 2136 alterutrius
575 2080 608 2133 ad
628 2079 795 2150 parochialis
814 2079 949 2134 ecclesiae
968 2081 1135 2149 gubernium
1149 2079 1302 2135 idoneitate
1315 2081 1460 2136 sententia

275 2189 341 2244 terri
368 2189 468 2270 pqssit3
493 2204 557 2241 curn
582 2203 636 2240 non
656 2186 805 2252 continuo,
828 2186 852 2239 si
871 2187 933 2257 quis
952 2190 995 2240 est
1013 2185 1129 2253 doctior,
1148 2187 1172 2240 is
1191 2187 1276 2241 etiam
1296 2188 1388 2257 aptior
1406 2205 1456 2242 seu

275 2295 365 2364 magis
384 2295 499 2349 idoneus
518 2295 551 2348 ad
571 2293 597 2348 id
618 2294 742 2362 regimen
761 2293 899 2348 habeatur
917 2293 962 2348 vel
982 2294 1068 2348 etiam
1086 2292 1229 2350 habendus
1248 2296 1292 2350 sit.
1307 2295 1394 2357 Quam
1408 2294 1459 2352 Sa·

275 2419 339 2458 crae
359 2403 590 2472 Congregationis
615 2403 783 2456 sententiam
809 2403 961 2472 scriptores
979 2406 1009 2456 et
1029 2401 1182 2456 tribunalia
1206 2402 1362 2458 laudarunt.
1383 2404 1460 2459 Aliis

275 2510 383 2586 dennuni
404 2509 431 2562 in
452 2509 622 2563 dioecesibus
641 2508 791 2564 laudabilis
810 2508 930 2562 invaluit
948 2508 1126 2574 consuetudo,
1146 2514 1178 2562 ut
1196 2509 1309 2564 eaedem
1327 2512 1460 2566 omnibus

275 2614 453 2686 quaestiones
472 2613 611 2685 iidemque
630 2630 710 2668 casus
723 2617 922 2683 proponantur,
936 2629 968 2667 ac
982 2613 1029 2684 (ne
1041 2631 1097 2684 qua
1109 2614 1189 2667 detur
1201 2630 1270 2668 ansa
1281 2599 1461 2671 Cancelldrio

275 2718 424 2789 quidquam
444 2735 493 2772 arro
513 2723 602 2772 marte
621 2717 747 2782 addendi,
767 2717 920 2787 minuendi)
941 2722 972 2771 ut
990 2717 1102 2785 ipsimet
1120 2717 1332 2784 Concurrentes,
1344 2719 1392 2790 qui
1412 2721 1460 2775 in-

275 2823 411 2891 terrogati
430 2824 543 2884 luerint,
562 2839 689 2894 quaeque
712 2823 905 2892 responderint
923 2840 974 2876 sua
992 2839 1076 2876 manu
1095 2823 1276 2891 perscribant.

364 2932 487 2999 «Atque
506 2929 658 2993 Ordinarii,
677 2929 724 3000 qui
744 2945 850 2984 morem
868 2927 943 2983 huuc
962 2928 1045 2998 louge
1069 2931 1205 2998 optimum
1224 2931 1252 2984 ln
1272 2931 1460 2986 examinando

275 3039 405 3098 tenuere,
432 3034 532 3090 Sacrae
557 3034 655 3091 deinde
676 3035 896 3104 congregationi
915 3034 1000 3089 etiam
1019 3040 1104 3106 atque
1123 3034 1208 3090 etiam
1227 3036 1458 3092 considerandum

276 3142 464 3214 reliquerunt,
489 3141 532 3196 his
555 3143 601 3213 qni
628 3143 667 3196 sic
693 3142 845 3196 examinati
865 3145 958 3196 essent
977 3146 1061 3213 atque
1086 3143 1246 3212 postpositi,
1265 3144 1294 3197 in
1313 3150 1456 3214 posterum

276 3254 309 3303 ut
327 3249 418 3304 solent
437 3247 651 3318 appellantibus,
671 3246 841 3318 indulgenda
854 3263 905 3302 nec
924 3265 959 3302 ne
972 3248 1068 3301 statim
1081 3247 1163 3302 electi
1177 3265 1279 3302 novum
1292 3249 1326 3303 ad
1339 3267 1457 3306 examen

277 3359 445 3427 provocatio,
461 3357 538 3412 nulla
556 3357 726 3426 gravaminis
746 3357 949 3428 praerequisita
967 3357 1141 3426 probatione,
1155 3357 1310 3423 rideretur3
1326 3375 1389 3412 cum
1408 3360 1457 3415 isti

275 3481 310 3518 ex
329 3465 400 3518 actis
418 3465 500 3534 primi
521 3465 656 3519 examinis
675 3481 827 3534 gravamen
846 3464 990 3518 doctrinae
1007 3463 1091 3519 facile
1109 3462 1234 3535 alioquin
1253 3467 1372 3535 probare
1392 3485 1458 3536 pos-

276 3575 353 3636 sent;
371 3571 443 3642 qnod
462 3571 510 3625 alii
530 3571 614 3626 aliter
639 3571 768 3624 nimirum
789 3569 942 3626 examinati
969 3572 1085 3637 probare
1104 3571 1158 3624 nisi
1177 3571 1298 3627 secundo
1316 3589 1365 3627 seu
1384 3589 1458 3629 novo

275 3677 404 3730 examine
423 3693 477 3731 non
497 3681 634 3746 poterant.
654 3675 712 3730 Nee
731 3677 843 3732 deluere
862 3676 911 3730 alii
931 3677 1078 3746 probitatis
1096 3693 1130 3730 ac
1148 3677 1268 3746 peritiae
1287 3679 1317 3732 in
1335 3680 1457 3734 admini-

277 3781 397 3835 strandis
420 3781 467 3834 diu
492 3781 617 3834 ecclesiis
642 3781 723 3836 laude
750 3784 941 3850 praestantes,
965 3779 1013 3850 qui
1034 3786 1195 3849 mouerent,
1214 3782 1323 3836 frenum
1343 3783 1458 3855 aliquod

276 3886 432 3941 huiusmodi
452 3887 654 3956 appellantium
673 3887 805 3942 licentiae
820 3887 931 3942 tandem
946 3887 1126 3941 inlicieudum
1139 3903 1291 3960 eorumque
1305 3890 1360 3943 iam
1373 3891 1458 3946 nimis

277 3994 388 4046 crebras
412 4006 514 4046 norum
533 3993 567 4076 ad
586 4009 702 4047 examen
727 3993 940 4063 provocationes
957 4009 1017 4046 esse
1036 3993 1238 4062 reprimendam
1263 3994 1365 4065 quippe
1384 4012 1457 4067 quae

276 4097 325 4149 vix
343 4111 465 4165 uuquam
483 4095 543 4150 siue
562 4111 663 4166 magno
681 4095 862 4151 ecclesiarum
881 4096 981 4151 damno
993 4097 1167 4167 contingunt.
1181 4097 1253 4151 Nam
1272 4114 1335 4152 cum
1353 4115 1457 4154 nevum

277 4219 394 4258 examen
419 4219 512 4256 coram
537 4201 627 4258 iudice
649 4203 846 4273 appellationis
865 4203 948 4274 longe
967 4203 1062 4274 procul
1081 4221 1099 4258 a
1117 4205 1249 4275 parochia
1267 4206 1457 4278 peragendum

277 4310 324 4378 sit,
337 4309 442 4366 electus
460 4311 495 4364 ab
510 4309 656 4379 Episcopo,
668 4311 715 4382 qui
735 4316 912 4380 provocatur,
924 4310 1094 4380 parochiam,
1107 4327 1189 4383 quem
1202 4313 1333 4383 possidet,
1345 4313 1458 4383 cogitur
