<?xml version="1.0" encoding="UTF-8"?>
<!DOCTYPE html PUBLIC "-//W3C//DTD XHTML 1.0 Transitional//EN"
    "http://www.w3.org/TR/xhtml1/DTD/xhtml1-transitional.dtd">
<html xmlns="http://www.w3.org/1999/xhtml" xml:lang="en" lang="en">
 <head>
  <title>
</title>
<meta http-equiv="Content-Type" content="text/html;charset=utf-8" />
  <meta name='ocr-system' content='tesseract 3.04.00' />
  <meta name='ocr-capabilities' content='ocr_page ocr_carea ocr_par ocr_line ocrx_word'/>
</head>
<body>
  <div class='ocr_page' id='page_1' title='image "./praelectionesin03legagoog_0098.png"; bbox 0 0 3292 5109; ppageno 0'>
   <div class='ocr_carea' id='block_1_1' title="bbox 275 268 1005 339">
    <p class='ocr_par' dir='ltr' id='par_1_1' title="bbox 275 268 1005 339">
     <span class='ocr_line' id='line_1_1' title="bbox 275 268 1005 339; baseline -0.01 0"><span class='ocrx_word' id='word_1_1' title='bbox 275 334 276 339; x_wconf 75' lang='grc'>,</span> <span class='ocrx_word' id='word_1_2' title='bbox 341 268 386 333; x_wconf 85' lang='grc'>94</span> <span class='ocrx_word' id='word_1_3' title='bbox 861 287 945 334; x_wconf 80' lang='lat' dir='ltr'>rans</span> <span class='ocrx_word' id='word_1_4' title='bbox 969 287 1005 333; x_wconf 89' lang='lat'>11.</span> 
     </span>
    </p>
   </div>
   <div class='ocr_carea' id='block_1_2' title="bbox 341 405 1530 869">
    <p class='ocr_par' dir='ltr' id='par_1_2' title="bbox 341 405 1530 495">
     <span class='ocr_line' id='line_1_2' title="bbox 341 405 1530 495; baseline -0.004 -20"><span class='ocrx_word' id='word_1_5' title='bbox 341 411 518 475; x_wconf 88' lang='lat' dir='ltr'>civitatum.</span> <span class='ocrx_word' id='word_1_6' title='bbox 542 409 632 477; x_wconf 88' lang='lat' dir='ltr'>Unde</span> <span class='ocrx_word' id='word_1_7' title='bbox 648 410 731 475; x_wconf 90' lang='lat' dir='ltr'>haec</span> <span class='ocrx_word' id='word_1_8' title='bbox 748 411 962 495; x_wconf 78' lang='lat' dir='ltr'>congregatio</span> <span class='ocrx_word' id='word_1_9' title='bbox 978 405 1093 474; x_wconf 80' lang='lat' dir='ltr'>effecta</span> <span class='ocrx_word' id='word_1_10' title='bbox 1109 414 1159 473; x_wconf 88' lang='lat' dir='ltr'>est</span> <span class='ocrx_word' id='word_1_11' title='bbox 1174 407 1315 475; x_wconf 84' lang='lat' dir='ltr'>tribunal</span> <span class='ocrx_word' id='word_1_12' title='bbox 1331 426 1530 493; x_wconf 89' lang='lat' dir='ltr'>supremum·</span> 
     </span>
    </p>

    <p class='ocr_par' dir='ltr' id='par_1_3' title="bbox 341 531 1523 619">
     <span class='ocr_line' id='line_1_3' title="bbox 341 531 1523 619; baseline -0.003 -22"><span class='ocrx_word' id='word_1_13' title='bbox 341 534 563 618; x_wconf 82' lang='lat' dir='ltr'>appeliationis</span> <span class='ocrx_word' id='word_1_14' title='bbox 597 553 656 619; x_wconf 90' lang='lat' dir='ltr'>pro</span> <span class='ocrx_word' id='word_1_15' title='bbox 695 536 832 619; x_wconf 88' lang='lat' dir='ltr'>negotiis</span> <span class='ocrx_word' id='word_1_16' title='bbox 870 535 1078 600; x_wconf 79' lang='lat' dir='ltr'><strong>contentiosis</strong></span> <span class='ocrx_word' id='word_1_17' title='bbox 1112 532 1377 598; x_wconf 79' lang='lat' dir='ltr'><strong>administrativis</strong></span> <span class='ocrx_word' id='word_1_18' title='bbox 1411 531 1523 596; x_wconf 85' lang='lat' dir='ltr'>Status</span> 
     </span>
    </p>

    <p class='ocr_par' dir='ltr' id='par_1_4' title="bbox 342 623 1524 869">
     <span class='ocr_line' id='line_1_4' title="bbox 342 623 1422 724; baseline 0.001 -3"><span class='ocrx_word' id='word_1_19' title='bbox 342 656 513 724; x_wconf 71' lang='lat' dir='ltr'>rontium.</span> <span class='ocrx_word' id='word_1_20' title='bbox 1418 623 1422 638; x_wconf 88' lang='lat'><em>&#39;</em></span> 
     </span>
     <span class='ocr_line' id='line_1_5' title="bbox 431 779 1524 869; baseline -0.001 -23"><span class='ocrx_word' id='word_1_21' title='bbox 431 779 546 847; x_wconf 73' lang='lat' dir='ltr'>Altera</span> <span class='ocrx_word' id='word_1_22' title='bbox 569 781 783 868; x_wconf 87' lang='lat' dir='ltr'>Congregatio</span> <span class='ocrx_word' id='word_1_23' title='bbox 807 789 992 869; x_wconf 89' lang='lat' dir='ltr'>nuncupata</span> <span class='ocrx_word' id='word_1_24' title='bbox 1007 782 1050 848; x_wconf 88' lang='lat' dir='ltr'>ab</span> <span class='ocrx_word' id='word_1_25' title='bbox 1073 781 1173 867; x_wconf 77' lang='lat' dir='ltr'>aquis</span> <span class='ocrx_word' id='word_1_26' title='bbox 1197 788 1227 847; x_wconf 86' lang='lat' dir='ltr'>et</span> <span class='ocrx_word' id='word_1_27' title='bbox 1250 781 1313 846; x_wconf 82' lang='lat' dir='ltr'>aiis</span> <span class='ocrx_word' id='word_1_28' title='bbox 1336 780 1524 866; x_wconf 86' lang='lat' dir='ltr'>praeposita</span> 
     </span>
    </p>
   </div>
   <div class='ocr_carea' id='block_1_3' title="bbox 342 905 1523 993">
    <p class='ocr_par' dir='ltr' id='par_1_5' title="bbox 342 905 1523 993">
     <span class='ocr_line' id='line_1_6' title="bbox 342 905 1523 993; baseline -0.003 -21"><span class='ocrx_word' id='word_1_29' title='bbox 342 906 402 973; x_wconf 81' lang='lat' dir='ltr'>iuit</span> <span class='ocrx_word' id='word_1_30' title='bbox 425 908 560 993; x_wconf 87' lang='lat' dir='ltr'>negotiis</span> <span class='ocrx_word' id='word_1_31' title='bbox 583 908 856 978; x_wconf 72' lang='lat' dir='ltr'>administrativis,</span> <span class='ocrx_word' id='word_1_32' title='bbox 874 909 970 973; x_wconf 90' lang='lat' dir='ltr'>etiam</span> <span class='ocrx_word' id='word_1_33' title='bbox 990 908 1207 979; x_wconf 76' lang='lat' dir='ltr'>contentiosis,</span> <span class='ocrx_word' id='word_1_34' title='bbox 1224 905 1330 991; x_wconf 88' lang='lat' dir='ltr'>quoad</span> <span class='ocrx_word' id='word_1_35' title='bbox 1349 924 1449 991; x_wconf 88' lang='lat' dir='ltr'>opera</span> <span class='ocrx_word' id='word_1_36' title='bbox 1466 926 1523 991; x_wconf 92' lang='lat' dir='ltr'>pu·</span> 
     </span>
    </p>
   </div>
   <div class='ocr_carea' id='block_1_4' title="bbox 341 1028 1525 2117">
    <p class='ocr_par' dir='ltr' id='par_1_6' title="bbox 341 1028 1525 1738">
     <span class='ocr_line' id='line_1_7' title="bbox 342 1028 1521 1123; baseline 0 -30"><span class='ocrx_word' id='word_1_37' title='bbox 342 1029 648 1123; x_wconf 82' lang='lat' dir='ltr'>blicaperficienda,</span> <span class='ocrx_word' id='word_1_38' title='bbox 662 1033 835 1117; x_wconf 81' lang='lat' dir='ltr'>praecipue</span> <span class='ocrx_word' id='word_1_39' title='bbox 847 1050 914 1115; x_wconf 83' lang='lat' dir='ltr'>pro</span> <span class='ocrx_word' id='word_1_40' title='bbox 929 1031 1002 1105; x_wconf 80' lang='lat' dir='ltr'>uiis,</span> <span class='ocrx_word' id='word_1_41' title='bbox 1016 1031 1176 1113; x_wconf 81' lang='lat' dir='ltr'>pontibus</span> <span class='ocrx_word' id='word_1_42' title='bbox 1192 1038 1222 1095; x_wconf 89' lang='lat' dir='ltr'>et</span> <span class='ocrx_word' id='word_1_43' title='bbox 1238 1031 1338 1114; x_wconf 71' lang='lat' dir='ltr'>aqua</span> <span class='ocrx_word' id='word_1_44' title='bbox 1353 1028 1521 1094; x_wconf 81' lang='lat' dir='ltr'>curandis.</span> 
     </span>
     <span class='ocr_line' id='line_1_8' title="bbox 345 1155 1523 1243; baseline -0.005 -20"><span class='ocrx_word' id='word_1_45' title='bbox 345 1158 542 1243; x_wconf 82' lang='lat' dir='ltr'>ipse-Sixtus</span> <span class='ocrx_word' id='word_1_46' title='bbox 558 1158 590 1223; x_wconf 91' lang='lat' dir='ltr'>V</span> <span class='ocrx_word' id='word_1_47' title='bbox 613 1160 646 1221; x_wconf 91' lang='lat' dir='ltr'>in</span> <span class='ocrx_word' id='word_1_48' title='bbox 664 1158 770 1223; x_wconf 83' lang='lat' dir='ltr'>Const.</span> <span class='ocrx_word' id='word_1_49' title='bbox 789 1157 962 1223; x_wconf 76' lang='lat' dir='ltr'>immensa</span> <span class='ocrx_word' id='word_1_50' title='bbox 984 1155 1276 1243; x_wconf 71' lang='lat' dir='ltr'>congregationem</span> <span class='ocrx_word' id='word_1_51' title='bbox 1301 1156 1438 1219; x_wconf 90' lang='lat' dir='ltr'>instituit</span> <span class='ocrx_word' id='word_1_52' title='bbox 1461 1174 1523 1239; x_wconf 90' lang='lat' dir='ltr'>pro</span> 
     </span>
     <span class='ocr_line' id='line_1_9' title="bbox 343 1278 1524 1365; baseline -0.005 -18"><span class='ocrx_word' id='word_1_53' title='bbox 343 1284 573 1348; x_wconf 88' lang='lat' dir='ltr'>conservandis</span> <span class='ocrx_word' id='word_1_54' title='bbox 603 1280 896 1365; x_wconf 86' lang='lat' dir='ltr'>aquaeductibusa</span> <span class='ocrx_word' id='word_1_55' title='bbox 923 1282 1077 1345; x_wconf 86' lang='lat' dir='ltr'>Romanis</span> <span class='ocrx_word' id='word_1_56' title='bbox 1108 1280 1282 1360; x_wconf 84' lang='lat' dir='ltr'>instructis,</span> <span class='ocrx_word' id='word_1_57' title='bbox 1304 1297 1441 1362; x_wconf 90' lang='lat' dir='ltr'>quorum</span> <span class='ocrx_word' id='word_1_58' title='bbox 1473 1278 1524 1342; x_wconf 91' lang='lat' dir='ltr'>al-</span> 
     </span>
     <span class='ocr_line' id='line_1_10' title="bbox 341 1388 1524 1490; baseline -0.004 -21"><span class='ocrx_word' id='word_1_59' title='bbox 341 1410 448 1469; x_wconf 87' lang='lat' dir='ltr'>torum</span> <span class='ocrx_word' id='word_1_60' title='bbox 471 1402 641 1490; x_wconf 87' lang='lat' dir='ltr'>magnifice</span> <span class='ocrx_word' id='word_1_61' title='bbox 665 1403 790 1474; x_wconf 83' lang='lat' dir='ltr'>refecit,</span> <span class='ocrx_word' id='word_1_62' title='bbox 804 1424 864 1489; x_wconf 87' lang='lat' dir='ltr'>pro</span> <span class='ocrx_word' id='word_1_63' title='bbox 885 1402 1032 1469; x_wconf 88' lang='lat' dir='ltr'>ducenda</span> <span class='ocrx_word' id='word_1_64' title='bbox 1054 1422 1138 1488; x_wconf 90' lang='lat' dir='ltr'>aqua</span> <span class='ocrx_word' id='word_1_65' title='bbox 1152 1422 1174 1466; x_wconf 89' lang='lat' dir='ltr'>a</span> <span class='ocrx_word' id='word_1_66' title='bbox 1188 1424 1245 1467; x_wconf 89' lang='lat' dir='ltr'>suo</span> <span class='ocrx_word' id='word_1_67' title='bbox 1267 1388 1524 1466; x_wconf 52' lang='lat' dir='ltr'>nativitatis&#39;no</span> 
     </span>
     <span class='ocr_line' id='line_1_11' title="bbox 342 1524 1525 1615; baseline -0.005 -23"><span class='ocrx_word' id='word_1_68' title='bbox 342 1530 427 1593; x_wconf 89' lang='lat' dir='ltr'>mine</span> <span class='ocrx_word' id='word_1_69' title='bbox 457 1527 619 1615; x_wconf 86' lang='lat' dir='ltr'>appellata</span> <span class='ocrx_word' id='word_1_70' title='bbox 641 1526 762 1593; x_wconf 82' lang='lat' dir='ltr'>Felice.</span> <span class='ocrx_word' id='word_1_71' title='bbox 790 1528 855 1593; x_wconf 86' lang='lat' dir='ltr'>Sub</span> <span class='ocrx_word' id='word_1_72' title='bbox 881 1526 1072 1593; x_wconf 82' lang='lat' dir='ltr'>Pontificatu</span> <span class='ocrx_word' id='word_1_73' title='bbox 1103 1528 1152 1591; x_wconf 93' lang='lat' dir='ltr'>Pii</span> <span class='ocrx_word' id='word_1_74' title='bbox 1179 1526 1241 1589; x_wconf 85' lang='lat' dir='ltr'>Vll</span> <span class='ocrx_word' id='word_1_75' title='bbox 1273 1524 1357 1589; x_wconf 89' lang='lat' dir='ltr'>haec</span> <span class='ocrx_word' id='word_1_76' title='bbox 1380 1543 1525 1609; x_wconf 86' lang='lat' dir='ltr'>congre·</span> 
     </span>
     <span class='ocr_line' id='line_1_12' title="bbox 342 1650 1341 1738; baseline -0.004 -21"><span class='ocrx_word' id='word_1_77' title='bbox 342 1656 429 1738; x_wconf 88' lang='lat' dir='ltr'>gatio</span> <span class='ocrx_word' id='word_1_78' title='bbox 456 1654 551 1717; x_wconf 88' lang='lat' dir='ltr'>alteri</span> <span class='ocrx_word' id='word_1_79' title='bbox 574 1654 664 1718; x_wconf 84' lang='lat' dir='ltr'>nnita</span> <span class='ocrx_word' id='word_1_80' title='bbox 687 1653 757 1734; x_wconf 84' lang='lat' dir='ltr'>fuit,</span> <span class='ocrx_word' id='word_1_81' title='bbox 786 1654 1028 1738; x_wconf 71' lang='lat' dir='ltr'>quaesieram</span> <span class='ocrx_word' id='word_1_82' title='bbox 1056 1673 1168 1717; x_wconf 88' lang='lat' dir='ltr'>curam</span> <span class='ocrx_word' id='word_1_83' title='bbox 1192 1650 1341 1717; x_wconf 84' lang='lat' dir='ltr'>babebat.</span> 
     </span>
    </p>

    <p class='ocr_par' dir='ltr' id='par_1_7' title="bbox 341 1770 1524 2117">
     <span class='ocr_line' id='line_1_13' title="bbox 431 1770 1522 1856; baseline -0.005 -17"><span class='ocrx_word' id='word_1_84' title='bbox 431 1778 475 1839; x_wconf 84' lang='lat' dir='ltr'>At</span> <span class='ocrx_word' id='word_1_85' title='bbox 491 1774 598 1839; x_wconf 89' lang='lat' dir='ltr'>Status</span> <span class='ocrx_word' id='word_1_86' title='bbox 615 1771 774 1840; x_wconf 89' lang='lat' dir='ltr'>Pontificii</span> <span class='ocrx_word' id='word_1_87' title='bbox 799 1775 989 1838; x_wconf 88' lang='lat' dir='ltr'>instauratio</span> <span class='ocrx_word' id='word_1_88' title='bbox 1012 1778 1129 1839; x_wconf 84' lang='lat' dir='ltr'>exacta</span> <span class='ocrx_word' id='word_1_89' title='bbox 1144 1772 1185 1835; x_wconf 89' lang='lat' dir='ltr'>ad</span> <span class='ocrx_word' id='word_1_90' title='bbox 1205 1770 1398 1856; x_wconf 90' lang='lat' dir='ltr'>principium</span> <span class='ocrx_word' id='word_1_91' title='bbox 1421 1774 1522 1833; x_wconf 86' lang='lat' dir='ltr'>antea</span> 
     </span>
     <span class='ocr_line' id='line_1_14' title="bbox 341 1892 1524 1983; baseline -0.007 -20"><span class='ocrx_word' id='word_1_92' title='bbox 341 1895 547 1983; x_wconf 80' lang='lat' dir='ltr'>explicatum,</span> <span class='ocrx_word' id='word_1_93' title='bbox 571 1900 720 1963; x_wconf 90' lang='lat' dir='ltr'>nimirum</span> <span class='ocrx_word' id='word_1_94' title='bbox 748 1898 789 1963; x_wconf 88' lang='lat' dir='ltr'>ad</span> <span class='ocrx_word' id='word_1_95' title='bbox 819 1899 982 1983; x_wconf 88' lang='lat' dir='ltr'>politicam</span> <span class='ocrx_word' id='word_1_96' title='bbox 1005 1895 1193 1962; x_wconf 86' lang='lat' dir='ltr'>divisionem</span> <span class='ocrx_word' id='word_1_97' title='bbox 1217 1894 1421 1959; x_wconf 87' lang='lat' dir='ltr'>diversarum</span> <span class='ocrx_word' id='word_1_98' title='bbox 1448 1892 1524 1956; x_wconf 81' lang='lat' dir='ltr'>fun·</span> 
     </span>
     <span class='ocr_line' id='line_1_15' title="bbox 343 1999 1521 2117; baseline -0.003 -30"><span class='ocrx_word' id='word_1_99' title='bbox 343 1999 483 2087; x_wconf 82' lang='lat' dir='ltr'>ctionum</span> <span class='ocrx_word' id='word_1_100' title='bbox 499 2022 646 2117; x_wconf 77' lang='lat' dir='ltr'>publicae</span> <span class='ocrx_word' id='word_1_101' title='bbox 661 2023 835 2107; x_wconf 86' lang='lat' dir='ltr'>potestatis,</span> <span class='ocrx_word' id='word_1_102' title='bbox 846 2021 983 2087; x_wconf 85' lang='lat' dir='ltr'>debetur</span> <span class='ocrx_word' id='word_1_103' title='bbox 995 2021 1201 2107; x_wconf 81' lang='lat' dir='ltr'>Magnanimo</span> <span class='ocrx_word' id='word_1_104' title='bbox 1216 2020 1370 2104; x_wconf 88' lang='lat' dir='ltr'>Principi‚</span> <span class='ocrx_word' id='word_1_105' title='bbox 1387 2018 1445 2082; x_wconf 89' lang='lat' dir='ltr'>Pio</span> <span class='ocrx_word' id='word_1_106' title='bbox 1460 2017 1521 2083; x_wconf 85' lang='lat' dir='ltr'>IX.</span> 
     </span>
    </p>
   </div>
   <div class='ocr_carea' id='block_1_5' title="bbox 224 2144 1523 2242">
    <p class='ocr_par' dir='ltr' id='par_1_8' title="bbox 224 2144 1523 2242">
     <span class='ocr_line' id='line_1_16' title="bbox 224 2144 1523 2242; baseline -0.007 -28"><span class='ocrx_word' id='word_1_107' title='bbox 224 2233 228 2242; x_wconf 27' lang='grc' dir='ltr'>Ι</span> <span class='ocrx_word' id='word_1_108' title='bbox 344 2148 474 2213; x_wconf 81' lang='lat' dir='ltr'>Revera</span> <span class='ocrx_word' id='word_1_109' title='bbox 496 2148 550 2212; x_wconf 89' lang='lat' dir='ltr'>hic</span> <span class='ocrx_word' id='word_1_110' title='bbox 572 2166 604 2213; x_wconf 91' lang='lat' dir='ltr'>a.</span> <span class='ocrx_word' id='word_1_111' title='bbox 628 2146 718 2211; x_wconf 84' lang='grc'><em>1847</em></span> <span class='ocrx_word' id='word_1_112' title='bbox 741 2152 776 2212; x_wconf 88' lang='lat' dir='ltr'>ut</span> <span class='ocrx_word' id='word_1_113' title='bbox 800 2146 949 2231; x_wconf 88' lang='lat' dir='ltr'>regimini</span> <span class='ocrx_word' id='word_1_114' title='bbox 972 2148 1020 2211; x_wconf 90' lang='lat' dir='ltr'>sui</span> <span class='ocrx_word' id='word_1_115' title='bbox 1045 2148 1241 2230; x_wconf 88' lang='lat' dir='ltr'>principatus</span> <span class='ocrx_word' id='word_1_116' title='bbox 1269 2145 1357 2208; x_wconf 89' lang='lat' dir='ltr'>iilam</span> <span class='ocrx_word' id='word_1_117' title='bbox 1381 2144 1523 2207; x_wconf 81' lang='lat' dir='ltr'>formam</span> 
     </span>
    </p>
   </div>
   <div class='ocr_carea' id='block_1_6' title="bbox 341 2269 1533 4474">
    <p class='ocr_par' dir='ltr' id='par_1_9' title="bbox 341 2269 1533 4474">
     <span class='ocr_line' id='line_1_17' title="bbox 341 2269 1525 2376; baseline -0.003 -41"><span class='ocrx_word' id='word_1_118' title='bbox 341 2270 502 2335; x_wconf 84' lang='lat' dir='ltr'>tribueret</span> <span class='ocrx_word' id='word_1_119' title='bbox 532 2288 627 2353; x_wconf 91' lang='lat' dir='ltr'>quam</span> <span class='ocrx_word' id='word_1_120' title='bbox 654 2271 959 2336; x_wconf 81' lang='lat' dir='ltr'>coustitutioaatem</span> <span class='ocrx_word' id='word_1_121' title='bbox 988 2274 1116 2341; x_wconf 87' lang='lat' dir='ltr'>vocant,</span> <span class='ocrx_word' id='word_1_122' title='bbox 1142 2271 1296 2334; x_wconf 90' lang='lat' dir='ltr'>universa</span> <span class='ocrx_word' id='word_1_123' title='bbox 1319 2288 1457 2376; x_wconf 74' lang='lat' dir='ltr'>munera</span> <span class='ocrx_word' id='word_1_124' title='bbox 1481 2269 1525 2331; x_wconf 91' lang='lat' dir='ltr'>ci-</span> 
     </span>
     <span class='ocr_line' id='line_1_18' title="bbox 343 2396 1526 2484; baseline 0 -25"><span class='ocrx_word' id='word_1_125' title='bbox 343 2396 416 2461; x_wconf 89' lang='lat' dir='ltr'>vilis</span> <span class='ocrx_word' id='word_1_126' title='bbox 447 2396 732 2461; x_wconf 83' lang='lat' dir='ltr'>administrationis</span> <span class='ocrx_word' id='word_1_127' title='bbox 756 2398 788 2463; x_wconf 93' lang='lat' dir='ltr'>in</span> <span class='ocrx_word' id='word_1_128' title='bbox 813 2416 964 2482; x_wconf 84' lang='lat' dir='ltr'>suprema</span> <span class='ocrx_word' id='word_1_129' title='bbox 993 2416 1116 2484; x_wconf 84' lang='lat' dir='ltr'>genera</span> <span class='ocrx_word' id='word_1_130' title='bbox 1146 2396 1320 2481; x_wconf 85' lang='lat' dir='ltr'>dispescuit</span> <span class='ocrx_word' id='word_1_131' title='bbox 1347 2401 1380 2459; x_wconf 88' lang='lat' dir='ltr'>et</span> <span class='ocrx_word' id='word_1_132' title='bbox 1406 2396 1526 2477; x_wconf 91' lang='lat' dir='ltr'>cuique</span> 
     </span>
     <span class='ocr_line' id='line_1_19' title="bbox 343 2520 1527 2607; baseline -0.003 -22"><span class='ocrx_word' id='word_1_133' title='bbox 343 2520 522 2586; x_wconf 90' lang='lat' dir='ltr'>huiusmodi</span> <span class='ocrx_word' id='word_1_134' title='bbox 546 2540 715 2587; x_wconf 85' lang='lat' dir='ltr'>munerum</span> <span class='ocrx_word' id='word_1_135' title='bbox 731 2524 846 2606; x_wconf 87' lang='lat' dir='ltr'>generi</span> <span class='ocrx_word' id='word_1_136' title='bbox 862 2524 1049 2607; x_wconf 91' lang='lat' dir='ltr'>praeposuit</span> <span class='ocrx_word' id='word_1_137' title='bbox 1064 2521 1307 2599; x_wconf 83' lang='lat' dir='ltr'>Administrum,</span> <span class='ocrx_word' id='word_1_138' title='bbox 1321 2520 1374 2602; x_wconf 89' lang='lat' dir='ltr'>qui</span> <span class='ocrx_word' id='word_1_139' title='bbox 1398 2523 1527 2582; x_wconf 85' lang='lat' dir='ltr'>tantum</span> 
     </span>
     <span class='ocr_line' id='line_1_20' title="bbox 343 2626 1528 2734; baseline -0.002 -23"><span class='ocrx_word' id='word_1_140' title='bbox 343 2646 545 2713; x_wconf 88' lang='lat' dir='ltr'>incumberet</span> <span class='ocrx_word' id='word_1_141' title='bbox 576 2650 812 2733; x_wconf 80' lang='lat' dir='ltr'>incongruam</span> <span class='ocrx_word' id='word_1_142' title='bbox 843 2650 951 2734; x_wconf 84' lang='lat' dir='ltr'>legum</span> <span class='ocrx_word' id='word_1_143' title='bbox 984 2626 1218 2727; x_wconf 67' lang='lat' dir='ltr'>euecutionem</span> <span class='ocrx_word' id='word_1_144' title='bbox 1242 2647 1305 2711; x_wconf 90' lang='lat' dir='ltr'>hac</span> <span class='ocrx_word' id='word_1_145' title='bbox 1340 2646 1380 2710; x_wconf 90' lang='lat' dir='ltr'>de</span> <span class='ocrx_word' id='word_1_146' title='bbox 1402 2666 1450 2718; x_wconf 83' lang='lat' dir='ltr'>re,</span> <span class='ocrx_word' id='word_1_147' title='bbox 1475 2646 1528 2709; x_wconf 91' lang='lat' dir='ltr'>la-</span> 
     </span>
     <span class='ocr_line' id='line_1_21' title="bbox 342 2776 1239 2867; baseline -0.016 -32"><span class='ocrx_word' id='word_1_148' title='bbox 342 2776 461 2835; x_wconf 89' lang='lat' dir='ltr'>tarum.</span> <span class='ocrx_word' id='word_1_149' title='bbox 1235 2860 1239 2867; x_wconf 19' lang='lat'>⁸</span> 
     </span>
     <span class='ocr_line' id='line_1_22' title="bbox 364 2896 1528 2981; baseline 0.003 -23"><span class='ocrx_word' id='word_1_150' title='bbox 364 2944 365 2949; x_wconf 16' lang='grc' dir='ltr'>η</span> <span class='ocrx_word' id='word_1_151' title='bbox 434 2896 629 2968; x_wconf 86' lang='lat' dir='ltr'>Potestatem</span> <span class='ocrx_word' id='word_1_152' title='bbox 653 2896 835 2977; x_wconf 77' lang='lat' dir='ltr'>iudicialem</span> <span class='ocrx_word' id='word_1_153' title='bbox 854 2896 1059 2963; x_wconf 69' lang='lat' dir='ltr'>administris</span> <span class='ocrx_word' id='word_1_154' title='bbox 1077 2897 1273 2964; x_wconf 89' lang='lat' dir='ltr'>abiudicavit</span> <span class='ocrx_word' id='word_1_155' title='bbox 1295 2917 1431 2981; x_wconf 89' lang='lat' dir='ltr'>eamque</span> <span class='ocrx_word' id='word_1_156' title='bbox 1452 2896 1528 2981; x_wconf 78' lang='lat' dir='ltr'>pri·</span> 
     </span>
     <span class='ocr_line' id='line_1_23' title="bbox 343 3020 1528 3105; baseline -0.001 -19"><span class='ocrx_word' id='word_1_157' title='bbox 343 3020 453 3087; x_wconf 81' lang='lat' dir='ltr'>valiae</span> <span class='ocrx_word' id='word_1_158' title='bbox 484 3025 642 3087; x_wconf 89' lang='lat' dir='ltr'>concessit</span> <span class='ocrx_word' id='word_1_159' title='bbox 677 3020 910 3105; x_wconf 88' lang='lat' dir='ltr'>iudicibus‚qui</span> <span class='ocrx_word' id='word_1_160' title='bbox 938 3023 972 3085; x_wconf 92' lang='lat' dir='ltr'>in</span> <span class='ocrx_word' id='word_1_161' title='bbox 995 3024 1058 3087; x_wconf 89' lang='lat' dir='ltr'>hoc</span> <span class='ocrx_word' id='word_1_162' title='bbox 1081 3043 1197 3087; x_wconf 90' lang='lat' dir='ltr'>munus</span> <span class='ocrx_word' id='word_1_163' title='bbox 1221 3022 1391 3089; x_wconf 87' lang='lat' dir='ltr'>dumtaxat</span> <span class='ocrx_word' id='word_1_164' title='bbox 1422 3024 1528 3087; x_wconf 90' lang='lat' dir='ltr'>inten-</span> 
     </span>
     <span class='ocr_line' id='line_1_24' title="bbox 345 3146 1526 3233; baseline 0 -24"><span class='ocrx_word' id='word_1_165' title='bbox 345 3146 468 3222; x_wconf 88' lang='lat' dir='ltr'>derent,</span> <span class='ocrx_word' id='word_1_166' title='bbox 482 3147 559 3229; x_wconf 91' lang='lat' dir='ltr'>quin</span> <span class='ocrx_word' id='word_1_167' title='bbox 582 3166 617 3210; x_wconf 87' lang='lat' dir='ltr'>se</span> <span class='ocrx_word' id='word_1_168' title='bbox 639 3146 859 3211; x_wconf 87' lang='lat' dir='ltr'>immiscerent</span> <span class='ocrx_word' id='word_1_169' title='bbox 882 3148 914 3210; x_wconf 92' lang='lat' dir='ltr'>in</span> <span class='ocrx_word' id='word_1_170' title='bbox 931 3148 1060 3233; x_wconf 87' lang='lat' dir='ltr'>negotia</span> <span class='ocrx_word' id='word_1_171' title='bbox 1084 3166 1147 3211; x_wconf 92' lang='lat' dir='ltr'>non</span> <span class='ocrx_word' id='word_1_172' title='bbox 1172 3165 1251 3211; x_wconf 89' lang='lat' dir='ltr'>vere</span> <span class='ocrx_word' id='word_1_173' title='bbox 1273 3146 1484 3211; x_wconf 87' lang='lat' dir='ltr'>contentiosa.</span> <span class='ocrx_word' id='word_1_174' title='bbox 1505 3179 1526 3192; x_wconf 93' lang='lat'>-</span> 
     </span>
     <span class='ocr_line' id='line_1_25' title="bbox 346 3265 1529 3353; baseline -0.003 -21"><span class='ocrx_word' id='word_1_175' title='bbox 346 3268 418 3332; x_wconf 89' lang='lat' dir='ltr'>Hoc</span> <span class='ocrx_word' id='word_1_176' title='bbox 441 3268 636 3351; x_wconf 90' lang='lat' dir='ltr'>propositum</span> <span class='ocrx_word' id='word_1_177' title='bbox 666 3267 828 3351; x_wconf 89' lang='lat' dir='ltr'>Principis</span> <span class='ocrx_word' id='word_1_178' title='bbox 850 3274 962 3352; x_wconf 85' lang='lat' dir='ltr'>aperte</span> <span class='ocrx_word' id='word_1_179' title='bbox 985 3265 1201 3353; x_wconf 88' lang='lat' dir='ltr'>significatum</span> <span class='ocrx_word' id='word_1_180' title='bbox 1225 3267 1285 3331; x_wconf 83' lang='lat' dir='ltr'>fuit</span> <span class='ocrx_word' id='word_1_181' title='bbox 1308 3268 1342 3330; x_wconf 94' lang='lat' dir='ltr'>in</span> <span class='ocrx_word' id='word_1_182' title='bbox 1367 3265 1529 3331; x_wconf 84' lang='lat' dir='ltr'>reforma-</span> 
     </span>
     <span class='ocr_line' id='line_1_26' title="bbox 343 3389 1530 3477; baseline -0.003 -21"><span class='ocrx_word' id='word_1_183' title='bbox 343 3392 431 3457; x_wconf 88' lang='lat' dir='ltr'>tione</span> <span class='ocrx_word' id='word_1_184' title='bbox 453 3390 584 3456; x_wconf 87' lang='lat' dir='ltr'>inducta</span> <span class='ocrx_word' id='word_1_185' title='bbox 608 3394 640 3457; x_wconf 94' lang='lat' dir='ltr'>in</span> <span class='ocrx_word' id='word_1_186' title='bbox 664 3393 896 3476; x_wconf 89' lang='lat' dir='ltr'>antiquioribus</span> <span class='ocrx_word' id='word_1_187' title='bbox 919 3392 1113 3477; x_wconf 86' lang='lat' dir='ltr'>dycasteriis</span> <span class='ocrx_word' id='word_1_188' title='bbox 1137 3394 1258 3456; x_wconf 84' lang='lat' dir='ltr'>curiae.</span> <span class='ocrx_word' id='word_1_189' title='bbox 1278 3427 1295 3439; x_wconf 98' lang='lat'>-</span> <span class='ocrx_word' id='word_1_190' title='bbox 1314 3391 1452 3455; x_wconf 85' lang='lat' dir='ltr'>Auditor</span> <span class='ocrx_word' id='word_1_191' title='bbox 1468 3389 1530 3455; x_wconf 81' lang='lat' dir='ltr'>Ca-</span> 
     </span>
     <span class='ocr_line' id='line_1_27' title="bbox 345 3516 1530 3602; baseline 0.001 -22"><span class='ocrx_word' id='word_1_192' title='bbox 345 3537 464 3591; x_wconf 79' lang='lat' dir='ltr'>menae,</span> <span class='ocrx_word' id='word_1_193' title='bbox 482 3521 536 3602; x_wconf 92' lang='lat' dir='ltr'>qui</span> <span class='ocrx_word' id='word_1_194' title='bbox 551 3518 706 3583; x_wconf 87' lang='lat' dir='ltr'>hactenus</span> <span class='ocrx_word' id='word_1_195' title='bbox 720 3520 857 3583; x_wconf 88' lang='lat' dir='ltr'>Praeses</span> <span class='ocrx_word' id='word_1_196' title='bbox 873 3518 981 3583; x_wconf 84' lang='lat' dir='ltr'>fuerat</span> <span class='ocrx_word' id='word_1_197' title='bbox 998 3521 1045 3583; x_wconf 92' lang='lat' dir='ltr'>sui</span> <span class='ocrx_word' id='word_1_198' title='bbox 1062 3518 1241 3598; x_wconf 89' lang='lat' dir='ltr'>tribunalis,</span> <span class='ocrx_word' id='word_1_199' title='bbox 1259 3524 1391 3582; x_wconf 86' lang='lat' dir='ltr'>evectus</span> <span class='ocrx_word' id='word_1_200' title='bbox 1405 3516 1468 3581; x_wconf 78' lang='lat' dir='ltr'>fuit</span> <span class='ocrx_word' id='word_1_201' title='bbox 1482 3517 1530 3581; x_wconf 86' lang='lat' dir='ltr'>ad</span> 
     </span>
     <span class='ocr_line' id='line_1_28' title="bbox 345 3643 1528 3730; baseline 0 -23"><span class='ocrx_word' id='word_1_202' title='bbox 345 3643 533 3728; x_wconf 82' lang='lat' dir='ltr'>dignitatem</span> <span class='ocrx_word' id='word_1_203' title='bbox 548 3645 752 3709; x_wconf 80' lang='lat' dir='ltr'>Adruiaislri</span> <span class='ocrx_word' id='word_1_204' title='bbox 766 3645 917 3711; x_wconf 76' lang='lat' dir='ltr'>[iustitiae</span> <span class='ocrx_word' id='word_1_205' title='bbox 933 3652 964 3710; x_wconf 85' lang='lat' dir='ltr'>at</span> <span class='ocrx_word' id='word_1_206' title='bbox 982 3644 1141 3727; x_wconf 79' lang='lat' dir='ltr'>Gratiae,</span> <span class='ocrx_word' id='word_1_207' title='bbox 1167 3666 1222 3710; x_wconf 88' lang='lat' dir='ltr'>seu</span> <span class='ocrx_word' id='word_1_208' title='bbox 1239 3646 1440 3730; x_wconf 89' lang='lat' dir='ltr'>praepositus</span> <span class='ocrx_word' id='word_1_209' title='bbox 1461 3643 1528 3708; x_wconf 82' lang='lat' dir='ltr'>fuit</span> 
     </span>
     <span class='ocr_line' id='line_1_29' title="bbox 345 3764 1530 3832; baseline -0.001 -2"><span class='ocrx_word' id='word_1_210' title='bbox 345 3766 611 3830; x_wconf 86' lang='lat' dir='ltr'>administrationi</span> <span class='ocrx_word' id='word_1_211' title='bbox 636 3766 775 3830; x_wconf 89' lang='lat' dir='ltr'>iustitiae</span> <span class='ocrx_word' id='word_1_212' title='bbox 799 3774 867 3832; x_wconf 92' lang='lat' dir='ltr'>tum</span> <span class='ocrx_word' id='word_1_213' title='bbox 891 3767 995 3832; x_wconf 89' lang='lat' dir='ltr'>civilis</span> <span class='ocrx_word' id='word_1_214' title='bbox 1018 3774 1086 3831; x_wconf 89' lang='lat' dir='ltr'>tum</span> <span class='ocrx_word' id='word_1_215' title='bbox 1110 3768 1289 3832; x_wconf 84' lang='lat' dir='ltr'>criminalis</span> <span class='ocrx_word' id='word_1_216' title='bbox 1313 3771 1346 3832; x_wconf 94' lang='lat' dir='ltr'>in</span> <span class='ocrx_word' id='word_1_217' title='bbox 1370 3766 1454 3831; x_wconf 88' lang='lat' dir='ltr'>civili</span> <span class='ocrx_word' id='word_1_218' title='bbox 1480 3764 1530 3829; x_wconf 90' lang='lat' dir='ltr'>di·</span> 
     </span>
     <span class='ocr_line' id='line_1_30' title="bbox 347 3858 1528 3973; baseline 0.002 -19"><span class='ocrx_word' id='word_1_219' title='bbox 347 3891 434 3954; x_wconf 91' lang='lat' dir='ltr'>tione</span> <span class='ocrx_word' id='word_1_220' title='bbox 453 3887 618 3953; x_wconf 85' lang='lat' dir='ltr'>Pontificis</span> <span class='ocrx_word' id='word_1_221' title='bbox 634 3889 689 3955; x_wconf 86' lang='lat' dir='ltr'>sed</span> <span class='ocrx_word' id='word_1_222' title='bbox 705 3909 905 3973; x_wconf 89' lang='lat' dir='ltr'>quacumque</span> <span class='ocrx_word' id='word_1_223' title='bbox 929 3881 1068 3956; x_wconf 85' lang='lat' dir='ltr'>iudiciali</span> <span class='ocrx_word' id='word_1_224' title='bbox 1092 3858 1314 3957; x_wconf 74' lang='lat' dir='ltr'>iurisdictione</span> <span class='ocrx_word' id='word_1_225' title='bbox 1338 3891 1528 3966; x_wconf 55' lang='lat' dir='ltr'>destitutum</span> 
     </span>
     <span class='ocr_line' id='line_1_31' title="bbox 347 4015 1531 4098; baseline 0.003 -21"><span class='ocrx_word' id='word_1_226' title='bbox 347 4033 441 4097; x_wconf 92' lang='lat' dir='ltr'>quam</span> <span class='ocrx_word' id='word_1_227' title='bbox 473 4020 694 4081; x_wconf 82' lang='lat' dir='ltr'>exercuerunt</span> <span class='ocrx_word' id='word_1_228' title='bbox 725 4015 846 4080; x_wconf 91' lang='lat' dir='ltr'>iudices</span> <span class='ocrx_word' id='word_1_229' title='bbox 876 4015 994 4081; x_wconf 89' lang='lat' dir='ltr'>addicti</span> <span class='ocrx_word' id='word_1_230' title='bbox 1022 4016 1185 4083; x_wconf 75' lang='lat' dir='ltr'>tribunati</span> <span class='ocrx_word' id='word_1_231' title='bbox 1208 4017 1300 4083; x_wconf 82' lang='lat' dir='ltr'>civiti</span> <span class='ocrx_word' id='word_1_232' title='bbox 1329 4016 1446 4098; x_wconf 54' lang='lat' dir='ltr'>Urbim</span> <span class='ocrx_word' id='word_1_233' title='bbox 1480 4018 1531 4080; x_wconf 89' lang='lat' dir='ltr'>ita</span> 
     </span>
     <span class='ocr_line' id='line_1_32' title="bbox 347 4127 1427 4223; baseline 0.002 -22"><span class='ocrx_word' id='word_1_234' title='bbox 347 4140 433 4201; x_wconf 92' lang='lat' dir='ltr'>enim</span> <span class='ocrx_word' id='word_1_235' title='bbox 458 4144 674 4223; x_wconf 86' lang='lat' dir='ltr'>nuncupatum</span> <span class='ocrx_word' id='word_1_236' title='bbox 699 4138 760 4203; x_wconf 81' lang='lat' dir='ltr'>fuit</span> <span class='ocrx_word' id='word_1_237' title='bbox 782 4144 875 4203; x_wconf 87' lang='lat' dir='ltr'>vetus</span> <span class='ocrx_word' id='word_1_238' title='bbox 899 4127 1040 4203; x_wconf 81' lang='lat' dir='ltr'>tribunal</span> <span class='ocrx_word' id='word_1_239' title='bbox 1056 4139 1232 4205; x_wconf 76' lang='lat' dir='ltr'>Audiiaris</span> <span class='ocrx_word' id='word_1_240' title='bbox 1250 4142 1427 4205; x_wconf 81' lang='lat' dir='ltr'>Gamerae.</span> 
     </span>
     <span class='ocr_line' id='line_1_33' title="bbox 437 4256 1533 4352; baseline 0.003 -24"><span class='ocrx_word' id='word_1_241' title='bbox 437 4256 654 4329; x_wconf 74' lang='lat' dir='ltr'>Thesaurario</span> <span class='ocrx_word' id='word_1_242' title='bbox 685 4265 838 4331; x_wconf 79' lang='lat' dir='ltr'>attributa</span> <span class='ocrx_word' id='word_1_243' title='bbox 864 4265 925 4330; x_wconf 82' lang='lat' dir='ltr'>fuit</span> <span class='ocrx_word' id='word_1_244' title='bbox 952 4266 1194 4331; x_wconf 84' lang='lat' dir='ltr'>Administratio</span> <span class='ocrx_word' id='word_1_245' title='bbox 1221 4267 1427 4352; x_wconf 85' lang='lat' dir='ltr'>vectigalium</span> <span class='ocrx_word' id='word_1_246' title='bbox 1461 4268 1533 4331; x_wconf 83' lang='lat' dir='ltr'>exi-</span> 
     </span>
     <span class='ocr_line' id='line_1_34' title="bbox 346 4384 1532 4474; baseline 0.005 -23"><span class='ocrx_word' id='word_1_247' title='bbox 346 4386 526 4470; x_wconf 86' lang='lat' dir='ltr'>gendorum</span> <span class='ocrx_word' id='word_1_248' title='bbox 551 4384 659 4471; x_wconf 83' lang='lat' dir='ltr'>(vulgo</span> <span class='ocrx_word' id='word_1_249' title='bbox 682 4386 840 4472; x_wconf 68' lang='lat' dir='ltr'>sinuare).</span> <span class='ocrx_word' id='word_1_250' title='bbox 854 4388 909 4454; x_wconf 89' lang='lat' dir='ltr'>sed</span> <span class='ocrx_word' id='word_1_251' title='bbox 934 4388 1056 4453; x_wconf 91' lang='lat' dir='ltr'>nullum</span> <span class='ocrx_word' id='word_1_252' title='bbox 1080 4389 1215 4474; x_wconf 90' lang='lat' dir='ltr'>amplius</span> <span class='ocrx_word' id='word_1_253' title='bbox 1239 4408 1398 4453; x_wconf 79' lang='lat' dir='ltr'>exercere</span> <span class='ocrx_word' id='word_1_254' title='bbox 1422 4391 1532 4474; x_wconf 90' lang='lat' dir='ltr'>potuit</span> 
     </span>
    </p>
   </div>
   <div class='ocr_carea' id='block_1_7' title="bbox 0 0 1655 5109">
    <p class='ocr_par' dir='ltr' id='par_1_10' title="bbox 0 0 1655 5109">
     <span class='ocr_line' id='line_1_35' title="bbox 0 0 1655 5109; baseline 0 0"><span class='ocrx_word' id='word_1_255' title='bbox 0 0 1655 5109; x_wconf 95' lang='lat' dir='ltr'> </span> 
     </span>
    </p>
   </div>
  </div>
 </body>
</html>
