3292 5109
517 283 561 329 DE
585 284 725 331 lUchllS
749 282 1015 331 Ecoliuslasrtcls
1302 265 1368 331 345

185 408 343 493 siquidem
356 408 514 494 explorati
527 408 607 473 iuris
620 414 677 481 est,
690 408 943 474 iurisdictionem
960 408 1157 474 ordinariam
1172 428 1232 492 per
1247 408 1367 474 obitum

188 530 297 617 Papae
321 551 386 595 non
410 532 573 615 expirare.
591 530 736 606 -Quare
759 531 934 597 tribunalia
957 551 1039 616 quae
1063 531 1230 596 ordinaria
1244 532 1368 616 pollent

186 653 385 719 auctoritate
408 654 454 719 uti
471 653 502 719 S.
521 654 614 735 Rota,
632 673 696 718 non
720 655 871 722 amittunt
892 674 984 720 suam
1006 654 1269 728 iurisdictionem,
1286 653 1369 720 Sede

188 785 335 844 vacante.
354 778 436 855 Quia
451 798 532 845 vero
547 798 613 843 non
634 777 762 853 dicitur,
780 781 1007 847 auctoritatam
1026 779 1149 845 habere
1172 778 1368 845 ordinariam

188 901 243 965 ille
259 901 311 985 qui
328 905 519 985 potestatem
542 904 666 967 tantum
690 898 789 965 habet
811 901 1025 973 executivam‚
1050 898 1169 964 exinde
1191 896 1299 964 officia
1317 918 1370 965 cu·

190 1025 259 1089 riae
282 1044 372 1090 mere
396 1025 566 1090 executiva
590 1044 648 1090 seu
671 1044 752 1109 quae
775 1030 875 1110 agunt
896 1024 936 1089 ad
952 1023 1169 1109 expediendas
1192 1025 1314 1111 gratias
1336 1028 1369 1088 et

186 1152 415 1217 concessiones
432 1147 609 1230 Pontificis,
626 1148 708 1215 Sede
724 1155 873 1223 vacante,
890 1152 1022 1235 negotia
1040 1170 1106 1214 non
1129 1154 1230 1235 agunt
1252 1155 1286 1215 et
1308 1150 1370 1216 ista

186 1278 263 1340 sunt
285 1273 497 1346 cancellaria,
523 1275 663 1347 Dataria
688 1274 874 1341 Secretaria
897 1274 1049 1339 Brevium
1075 1278 1108 1341 et
1130 1273 1369 1339 Memorialium

187 1402 222 1465 et
245 1397 361 1470 Status,
386 1417 488 1483 quare
504 1397 693 1465 cardinales
709 1376 826 1465 horum
842 1397 1033 1467 Officiorum
1050 1400 1198 1464 titulares
1214 1400 1300 1463 omni
1317 1398 1369 1464 de·

188 1521 367 1587 stituuntur
389 1521 549 1593 mandato.
571 1522 654 1606 quod
677 1522 813 1607 proinde
831 1522 921 1607 Papa
943 1540 1048 1607 nuper
1071 1520 1194 1586 electus
1216 1520 1269 1586 vel
1292 1522 1369 1607 ipsis

188 1644 242 1708 vel
268 1644 340 1709 aliis
363 1645 517 1710 conferre
540 1644 644 1711 debet.
671 1682 688 1695 -
715 1646 925 1733 Praepositus
952 1646 1066 1709 Domui
1090 1642 1280 1711 Pontificiae
1303 1665 1368 1710 non

187 1770 310 1837 excidit
333 1791 390 1836 suo
414 1770 521 1837 officio
537 1772 597 1861 (l),
615 1774 755 1837 maxime
770 1774 845 1857 quia
861 1792 979 1838 curare
996 1770 1091 1837 debet
1106 1777 1141 1837 ut
1156 1772 1263 1836 omnia
1278 1776 1368 1836 tran-

188 1898 287 1981 quille
310 1903 344 1964 et
366 1900 513 1965 ordinate
537 1897 617 1965 liant
632 1902 665 1964 in
681 1896 812 1965 aedibus
829 1899 1022 1984 Apostolicis
1042 1898 1117 1963 dum
1133 1898 1321 1965 cardinales
1335 1898 1369 1962 in

188 2020 343 2087 conclavi
358 2024 491 2110 degunt.
510 2023 736 2089 -cardinales
757 2044 839 2090 vero
862 2043 952 2088 suam
971 2021 1153 2088 obtinentes
1169 2022 1366 2087 ordinariam

190 2145 453 2229 iurisdictionem,
470 2148 504 2211 in
521 2148 672 2213 conclavi
690 2152 858 2213 manentes
873 2145 1087 2233 prohibentur
1106 2148 1274 2229 quominus
1298 2164 1368 2211 eam

189 2274 379 2354 exerceant,
396 2290 438 2337 ne
454 2273 556 2337 maius
573 2273 734 2357 negotium
751 2270 943 2337 deturbetur
955 2270 1123 2335 electionis
1139 2269 1171 2335 S.
1186 2265 1369 2333 Pontificis·

190 2397 305 2482 probat
328 2398 501 2483 Fagnanus
525 2400 545 2464 l.
561 2418 589 2464 c.
605 2418 639 2463 n.
657 2396 715 2464 83.
735 2433 752 2446 ·
770 2398 802 2463 Si
827 2398 937 2483 gravis
960 2417 1039 2462 vero
1063 2397 1160 2461 instet
1182 2396 1369 2474 necessitas,

188 2519 289 2585 certis
311 2519 462 2585 adhibitis
486 2520 629 2601 cautelis,
654 2518 845 2587 cardinales
867 2523 1012 2584 tractant
1034 2520 1131 2583 etiam
1153 2516 1294 2603 negotia,
1318 2521 1370 2581 ut-

189 2647 280 2727 puta,
306 2661 436 2707 suarum
460 2640 754 2728 congregationum
779 2646 812 2705 et
835 2660 951 2726 reapse
975 2641 1007 2704 in
1029 2639 1146 2704 harum
1170 2642 1301 2722 regesta
1316 2656 1370 2702 re·

190 2769 379 2855 permutor,
404 2768 461 2834 sed
484 2787 683 2854 perpaucae.
709 2766 889 2833 decisiones
911 2766 1017 2832 editae
1040 2764 1122 2831 Sede
1149 2770 1300 2832 vacante:
1326 2764 1367 2829 cf.

192 2894 305 2967 Boniur,
330 2914 384 2978 op.
410 2894 474 2969 cit,
495 2914 578 2981 pap.
604 2893 682 2959 129.

265 4067 321 4146 ι(1)
342 4076 429 4131 Hodie
448 4074 627 4144 Praepositae
645 4073 738 4127 domui
759 4073 924 4128 pontificiae
937 4089 992 4128 non
1004 4074 1079 4143 gerit
1092 4073 1301 4128 praefecturam
1320 4074 1372 4128 Pa·

192 4181 253 4236 latii
273 4182 442 4252 Apostolici3
461 4180 517 4237 lste
536 4180 610 4236 enim
623 4180 691 4235 olim
710 4179 834 4251 aliquam
853 4181 1003 4236 exercebat
1020 4182 1176 4250 gestionem
1195 4181 1372 4249 negotiorum

191 4306 264 4361 quae
282 4294 411 4361 spectant
423 4290 456 4343 ad
470 4290 560 4345 Aedes
571 4288 761 4359 Apostolicae3
777 4288 859 4344 hodie
877 4304 945 4345 vero
962 4288 1033 4344 haec
1047 4306 1115 4343 cura
1127 4296 1156 4344 et
1168 4290 1373 4346 administratio

190 4398 315 4452 omnium
329 4398 464 4452 bonorum
478 4396 504 4450 S.
515 4396 593 4452 Sedis
606 4394 773 4453 demandata
785 4402 829 4452 est
841 4395 950 4451 cuidam
960 4395 1160 4452 Cardinalitiae
1170 4396 1374 4453 Commissioni.
