3292 5109
299 268 364 333 306
827 284 912 332 raas
936 284 972 331 11.

297 413 516 496 quaestionem
540 430 620 474 vero
643 430 702 475 sua
724 411 886 475 sententia
912 405 1023 473 delinit
1046 405 1204 475 Officialis
1229 403 1480 480 beneficialium,

297 538 358 603 nisi
386 558 439 603 res
466 539 506 602 sit
531 536 635 603 ardua
661 536 841 623 longiorem
871 537 1046 620 exquirens
1074 534 1332 617 inquisitionem;
1356 535 1390 597 in
1417 552 1483 617 qno

296 682 375 729 casu
405 664 629 729 controversia
659 663 741 728 solet
771 663 892 727 remitti
922 660 962 725 ad
993 661 1026 727 S.
1055 660 1155 746 (long.
1188 659 1323 725 concilii
1352 666 1410 725 aut
1439 659 1482 726 ad

296 783 396 869 Cong.
422 785 491 851 Eli.
516 790 549 849 et
572 784 642 849 uit.
667 782 785 847 autad
809 783 906 848 aliam
930 786 1164 867 competentem
1180 781 1239 867 (l).

385 908 462 975 258.
490 908 745 994 Supplicationes
775 914 942 993 postquam
973 906 1014 972 ab
1046 904 1249 973 Ofiicialibus
1279 911 1371 969 certo
1404 923 1482 969 exa-

295 1034 373 1099 mini
398 1039 430 1098 et
452 1039 563 1099 suetae
590 1033 714 1125 formae
744 1032 910 1099 subiectae
935 1031 1070 1097 luerunt
1092 1050 1152 1115 per
1175 1030 1423 1094 Pro-Datarium
1447 1032 1482 1094 et

296 1155 539 1221 Sub-Daturium
562 1155 603 1221 ad
628 1157 748 1240 Papam
769 1154 961 1221 deferuntur
984 1156 1018 1220 iu
1042 1152 1152 1219 diebus
1176 1152 1370 1219 Audientiae
1386 1153 1480 1220 SSmi

295 1282 475 1367 assignatis.
513 1281 602 1366 Papa
624 1280 735 1346 adiicit
756 1300 848 1345 suam
879 1280 1080 1365 signaturam
1114 1297 1304 1363 expressam
1338 1278 1480 1343 diversis

294 1406 413 1481 verbis,
438 1426 498 1492 pro
522 1411 638 1473 natura
662 1406 874 1491 negotiorum,
899 1403 979 1469 Fiat
1000 1408 1039 1468 ut
1056 1402 1187 1486 petitur
1210 1402 1262 1466 vel
1281 1402 1409 1475 Placet,
1423 1400 1479 1465 vel

294 1532 375 1598 Fiat
387 1536 483 1598 motu
497 1529 651 1614 proprio,
668 1529 794 1612 quaudo
810 1531 936 1615 gratiae
950 1549 1124 1595 concessae
1146 1528 1237 1593 nulla
1260 1527 1479 1613 praecesserit

293 1658 503 1743 supplicatio;
528 1655 635 1722 addita
666 1655 758 1720 hisce
788 1655 957 1729 clausulis,
981 1654 1093 1721 littera
1115 1653 1220 1739 prima
1251 1652 1307 1719 Sui
1339 1654 1479 1718 nominis

294 1784 346 1848 vel
367 1784 571 1869 Baptismalis
594 1781 648 1845 vel
674 1781 860 1867 Religionis,
877 1782 984 1867 prouti
1008 1781 1072 1846 iam
1095 1779 1217 1847 dictum
1240 1785 1298 1845 est.
1325 1816 1342 1828 -
1367 1780 1476 1854 Quum

293 1907 483 1992 supplicatio
508 1907 684 1972 remittitur
707 1902 747 1969 ad
770 1905 948 1989 appositum
973 1901 1134 1977 Officium,
1159 1905 1291 1989 ponitur
1313 1903 1406 1968 data.

381 2027 567 2094 Advertere
601 2030 745 2114 praestat
779 2027 1043 2112 supplicationem
1070 2027 1115 2093 ita
1145 2028 1305 2111 signatam
1335 2044 1357 2087 a
1385 2024 1478 2109 Papa

293 2170 358 2215 non
388 2154 587 2218 constituere
620 2152 746 2217 litteras
783 2151 995 2236 expeditionis
1018 2171 1079 2237 piu
1102 2149 1247 2235 legitima
1281 2149 1477 2213 executione

291 2277 425 2362 gratioe
449 2296 625 2344 concessae
648 2278 704 2343 sed
728 2278 875 2345 eamdem
898 2281 1011 2362 postea
1033 2276 1199 2341 asservari
1215 2276 1367 2361 religiose
1390 2276 1477 2360 apud

292 2398 471 2471 Datariam,
496 2405 663 2485 postquam
687 2401 884 2465 Litterarum
908 2398 1170 2483 Apostolicarum
1201 2397 1364 2483 expeditio
1387 2399 1478 2463 facta

291 2528 342 2588 est
364 2524 433 2589 sive
456 2524 490 2589 iu
513 2524 618 2589 forma
635 2525 747 2591 Bullae
771 2526 840 2590 sive
862 2526 895 2589 in
919 2525 1026 2589 forma
1049 2524 1175 2591 Brevis.
1202 2558 1220 2573 -
1245 2524 1356 2597 Quare
1380 2524 1478 2591 Bulla

290 2658 347 2716 aut
370 2652 476 2717 Breve
500 2652 698 2737 signaturam
717 2652 825 2737 Papae
850 2670 916 2716 nou
939 2653 1041 2735 gerit,
1061 2650 1121 2715 sed
1146 2649 1296 2715 subaudit
1317 2651 1477 2736 supplica·

166 2816 172 2829 ·
290 2778 410 2841 tionem
426 2796 447 2840 a
462 2776 552 2860 Papa
575 2777 732 2860 signatam
756 2774 797 2840 ab
820 2796 923 2860 eaque
942 2776 1007 2840 vim
1031 2776 1161 2860 repetit.
1186 2776 1255 2839 lmo
1278 2779 1355 2839 ante
1378 2794 1477 2859 expe

291 2898 445 2965 ditionem
469 2900 582 2965 Bullae
605 2906 662 2965 aut
684 2901 809 2976 Brevis,
834 2902 1023 2987 supplicatio
1048 2902 1159 2987 Papae
1179 2901 1348 2985 signatura
1372 2902 1476 2965 muni·

289 3026 355 3087 tam
382 3023 578 3090 submittitur
611 3023 721 3087 Primo
749 3027 782 3089 et
817 3022 966 3090 Secundo
992 3024 1142 3089 Revisori
1170 3024 1224 3106 qui
1248 3024 1475 3088 correctiones

379 3340 419 3413 (l)
438 3342 513 3395 luter
531 3340 646 3409 negotia
669 3357 741 3411 quae
766 3340 916 3395 deliberari
939 3340 1032 3395 solent
1056 3341 1086 3394 iu
1111 3341 1198 3409 Cong.
1218 3340 1339 3395 Concilii
1359 3346 1389 3396 et
1407 3342 1476 3397 <lein

290 3444 415 3513 expediri
433 3444 505 3514 apud
524 3444 666 3504 Datariam
686 3445 836 3514 praecipue
855 3445 1039 3501 recensendae
1058 3450 1124 3501 sunt
1141 3446 1304 3516 pensionum
1319 3446 1477 3515 impositio-

290 3564 349 3603 nes.
364 3549 514 3620 Postquam
527 3548 600 3601 enim
614 3548 687 3601 Trid.
702 3547 783 3603 conc.
799 3548 879 3618 plura
892 3550 967 3603 cavit
980 3537 1055 3604 circa
1073 3566 1225 3621 congruam
1239 3550 1413 3605 datatiouem
1426 3552 1476 3607 be·

288 3652 465 3721 ueficiorum,
485 3653 648 3722 praesertim
677 3669 772 3706 cinam
800 3654 957 3707 animarum
985 3654 1121 3710 adnexam
1149 3654 1330 3721 habentium,
1348 3656 1475 3711 maxime

289 3760 476 3815 observandae
500 3763 565 3813 sunt
589 3764 683 3814 certae
708 3759 824 3831 regulae
843 3778 878 3817 ue
896 3760 993 3816 littera
1017 3760 1174 3816 offendatur
1191 3762 1238 3818 vel
1263 3762 1380 3832 spiritus
1399 3762 1475 3833 legis
1544 3746 1547 3753 ¹

289 3864 475 3921 Tridentinae.
495 3864 548 3919 Sed
567 3865 600 3920 de
619 3865 756 3935 impositis
776 3867 955 3935 pensionibus
973 3864 1064 3935 bodie,
1077 3870 1113 3922 ob
1127 3868 1251 3923 rationes
1269 3869 1475 3937 oeconomicus,

287 3987 343 4025 non
362 3989 470 4042 semper
488 3974 521 4027 fit
539 3972 645 4027 mentio
658 3973 685 4025 in
700 3972 789 4027 Bullia
808 3973 856 4032 sed
874 3974 998 4044 exigitur
1009 3992 1028 4029 a
1039 3976 1208 4050 beneficiato
1226 3973 1390 4045 syngrapha
1400 3974 1473 4030 obli·

288 4075 410 4144 gationis
427 4091 483 4146 qua
501 4075 531 4129 iu
549 4091 628 4129 suam
647 4074 734 4129 vitam
763 4080 898 4145 gravetur
922 4092 1006 4131 onere
1029 4076 1185 4146 pensionis;
1212 4093 1284 4148 quae
1309 4074 1474 4148 syngrapha

287 4180 442 4235 custoditur
454 4180 529 4235 inter
541 4184 605 4235 acta
618 4181 756 4236 Datariae.
778 4211 793 4221 -
813 4181 884 4237 Item
896 4182 930 4236 de
942 4181 1161 4237 alienationibus
1175 4183 1308 4238 iaciendis
1320 4184 1473 4256 aliquando

287 4286 360 4339 ratio
387 4285 507 4369 babetur
533 4286 562 4340 in
590 4284 677 4355 (long.
697 4286 830 4354 Consilii,
855 4288 982 4358 quamvis
1008 4286 1151 4343 decretum
1179 4287 1361 4343 alienationis
1388 4307 1473 4360 expe-

286 4392 416 4447 diendum
441 4393 479 4447 sit
503 4409 552 4463 per
571 4392 662 4449 Breve
680 4394 709 4448 in
729 4394 852 4450 Dataria.
872 4395 913 4449 Gi.
932 4394 1074 4461 Zamboni,
1094 4412 1137 4467 op.
1157 4398 1213 4462 eit,
1237 4396 1313 4450 Tom.
1330 4397 1347 4450 1
1364 4401 1383 4463 ἓ
1408 4398 1470 4452 VH.
