3292 5109
296 252 362 319 426
814 267 898 314 rans
922 266 957 313 11.

295 400 384 481 patet
406 416 519 460 causas
542 394 804 467 matrimoniales,
830 394 946 478 quippe
969 393 1150 477 graviores,
1174 391 1260 455 omni
1284 391 1417 456 solertia
1440 396 1475 455 et

294 523 426 607 speciali
458 521 623 607 diligentia
653 520 856 608 peragendas
886 540 973 595 esse,
1002 519 1087 584 unde
1118 522 1262 603 sequitur
1293 520 1376 584 ratio
1398 538 1475 604 spe-

295 643 388 708 cialis
411 643 552 710 mandati
575 664 635 729 pro
650 643 786 708 Vicario
806 643 970 709 Generali.
989 642 1038 707 Re
1061 642 1188 725 quidem
1201 660 1301 733 vera,
1325 640 1356 707 S.
1374 642 1474 708 Cone.

293 766 394 852 Cong.
418 788 484 832 non
506 771 552 833 ait
575 768 637 835 boc
659 767 891 835 necessarium
914 786 1000 847 esse,
1024 766 1081 831 sed
1109 771 1233 833 tantum
1257 766 1360 831 tutius
1383 784 1473 840 esse,

294 908 352 953 seu
375 892 477 975 magis
501 896 752 955 consentaneum
776 911 849 955 cum
873 910 1009 956 munere
1037 892 1188 976 Episcopi
1211 892 1237 955 si
1262 890 1415 974 ipseper
1437 908 1477 955 se

295 1016 382 1080 ferat
404 1014 615 1092 sententiam;
639 1016 691 1081 vel
722 1016 774 1081 edi
804 1036 870 1082 non
901 1019 985 1081 sinat
1008 1036 1029 1081 a
1051 1016 1187 1083 Vicario
1211 1016 1364 1083 Generali
1395 1018 1474 1099 quin

294 1140 439 1205 eamdem
463 1142 700 1206 examinaverit
729 1145 763 1205 et
791 1140 988 1225 probaverit,
1021 1147 1053 1206 et
1082 1160 1182 1205 suum
1213 1140 1339 1206 lecerit.
1368 1174 1383 1189 ·
1409 1139 1472 1205 Sed

296 1266 399 1349 quoad
422 1267 566 1330 valorem
596 1268 776 1331 sententiae
806 1266 993 1339 iuridicum‚
1019 1286 1061 1330 ex
1085 1267 1189 1351 capite
1220 1266 1472 1351 competentiae,

295 1392 418 1456 nullum
434 1391 563 1457 dubium
581 1394 749 1457 Vicarium
762 1392 957 1458 Generalem
973 1413 1050 1458 eum
1065 1393 1205 1475 speciali
1221 1392 1384 1458 mandato
1400 1411 1476 1456 esse

295 1516 391 1600 plane
407 1522 642 1602 competentem
658 1520 691 1582 in
706 1518 886 1583 huiusmodi
900 1519 1023 1593 causis;
1040 1516 1288 1604 probabiliorem
1305 1536 1384 1581 vero
1400 1536 1476 1581 esse

295 1640 487 1703 sententiam
518 1658 600 1722 quae
631 1641 716 1705 hanc
747 1642 995 1725 competentiam
1028 1642 1229 1725 recognoscit
1253 1660 1295 1704 ex
1322 1638 1476 1704 mandato

294 1771 420 1831 tantum
443 1765 599 1851 generali,
617 1766 663 1829 uti
679 1766 920 1851 explicavimus.
940 1801 957 1814 -
976 1764 1192 1840 Quamobrem
1216 1768 1243 1830 si
1266 1765 1399 1846 accidat,
1419 1764 1478 1827 Vi·

295 1893 419 1955 carium
436 1891 629 1957 Generalem
654 1893 845 1956 sententiam
868 1890 959 1955 ferre
983 1892 1015 1954 in
1038 1890 1129 1956 hisce
1152 1891 1267 1972 causis,
1283 1895 1406 1954 tantum
1430 1910 1477 1954 ex

295 2015 445 2081 mandato
469 2016 626 2102 generali,
650 2016 683 2079 in
707 2014 802 2080 dubio
817 2014 966 2080 standum
991 2021 1040 2083 est
1063 2036 1121 2101 pro
1146 2016 1258 2081 valore
1277 2022 1382 2091 aetus;
1398 2016 1478 2097 quia

295 2140 422 2205 dubiam
454 2142 700 2226 competentiam
723 2160 781 2205 seu
804 2139 1058 2205 iurisdictionem
1090 2142 1217 2227 supplet
1240 2140 1396 2205 Ecclesia.
1424 2138 1476 2205 cf.

296 2266 359 2332 vol.
384 2266 413 2339 I,
437 2286 470 2329 η.
495 2265 579 2332 350.
1310 2250 1314 2257 ⁵

386 2392 418 2477 4)
443 2390 547 2465 Quum
575 2410 653 2455 vero
677 2390 832 2455 Vicarius
860 2390 1030 2456 Generalis
1060 2391 1120 2456 has
1151 2411 1264 2456 causas
1288 2394 1476 2475 cognoscet.

296 2534 339 2578 ex
362 2514 512 2578 mandato
536 2532 662 2597 quoque
684 2515 827 2598 speciali,
846 2533 910 2577 non
926 2514 1090 2581 constituit
1108 2513 1251 2579 tribunal
1267 2512 1306 2577 ab
1324 2514 1478 2597 Episcopi

295 2635 450 2700 tribunali
475 2635 675 2712 distinctum;
700 2636 900 2721 proindeque
919 2638 1088 2701 aVicario
1113 2636 1267 2701 Generali
1290 2634 1480 2720 specialiter

295 2759 443 2845 delegato
466 2760 693 2845 appellandum
717 2767 854 2827 estnon
877 2760 917 2825 ad
945 2762 1156 2847 Episcopum,
1182 2762 1236 2827 sed
1269 2761 1309 2826 ad
1336 2760 1477 2825 iudicem

296 2881 507 2964 superiorem.
534 2916 552 2928 -
580 2881 642 2945 Hic
665 2882 809 2965 quaestio
834 2882 994 2947 incideret
1024 2901 1066 2945 an
1096 2883 1258 2967 Episcopo
1287 2882 1385 2947 liceat
1414 2880 1480 2944 has

297 3020 411 3067 causas
433 3023 498 3067 non
522 3022 581 3088 per
604 3024 639 3069 se
661 3004 775 3070 videre
805 3005 862 3070 sed
892 3006 987 3071 alteri
1010 3006 1178 3091 delegare,
1203 3012 1315 3092 utputa
1338 3006 1479 3070 Vicario

297 3129 449 3195 Generali
475 3113 537 3213 qua
560 3131 655 3196 iudici
678 3131 842 3217 delegato,
867 3132 947 3197 adeo
978 3139 1014 3198 ut
1043 3134 1098 3199 hic
1127 3133 1271 3198 tribunal
1301 3134 1479 3197 constituat

298 3256 481 3323 distinctum
504 3276 524 3320 a
546 3256 700 3323 tribunali
715 3238 887 3343 Episcopi,
911 3278 949 3324 ea
974 3261 1099 3325 ratione
1130 3278 1193 3343 qua
1221 3260 1354 3343 quisque
1385 3258 1478 3323 dele-

297 3389 390 3465 gatus
413 3402 433 3445 a
456 3381 627 3468 delegante
650 3382 860 3469 distinguitur
884 3389 916 3449 et
939 3384 1069 3450 datura
1085 3384 1232 3470 delegato
1256 3383 1297 3448 ad
1320 3382 1478 3469 delegan-

296 3506 363 3564 tem
386 3500 580 3568 iurisdictio:
606 3502 645 3567 de
668 3503 731 3567 hac
755 3504 942 3585 quaestione
965 3524 1096 3591 agemus
1120 3503 1256 3570 inferius
1281 3525 1312 3568 n.
1337 3503 1412 3569 336.

386 3627 419 3711 5)
441 3627 593 3691 Exclusis
608 3647 688 3692 vero
704 3628 802 3691 etiam
819 3628 997 3695 Abbatibus
1013 3650 1092 3695 vere
1110 3630 1244 3711 Nullius,
1260 3630 1480 3714 competentia

299 3746 447 3812 reincidit
470 3748 503 3811 in
527 3748 720 3833 Episcopum
745 3748 903 3815 Abbatioe
927 3750 1135 3830 viciniorem,
1159 3754 1283 3815 attenta
1307 3750 1479 3817 Ecclesiae

297 3868 499 3936 Cathedralis
523 3876 556 3935 et
577 3871 757 3937 Abbatialis
779 3874 997 3958 proximitate.
1023 3872 1109 3938 Sane
1136 3874 1349 3958 praescriptio
1380 3874 1478 3939 ordi·

297 3994 401 4058 naria
424 4014 482 4058 seu
505 3994 702 4059 consuetudo
725 3995 816 4060 hisce
845 3995 1001 4061 iudicibus
1023 3996 1233 4061 inferioribus
1263 4016 1327 4060 non
1358 3992 1479 4061 suffra-

298 4122 410 4202 gatur;
427 4114 592 4182 sufficeret
613 4122 722 4181 tamen
745 4117 1017 4190 immemorabilis,
1034 4118 1080 4183 uti
1105 4116 1245 4183 decisum
1261 4117 1322 4182 fuit
1344 4136 1365 4181 a
1388 4117 1420 4183 S.
1440 4117 1477 4185 G.

299 4240 419 4305 Concil.
444 4240 477 4305 in
501 4239 675 4324 Aquilaria
699 4240 958 4322 iurisdictionis,
984 4238 1007 4304 4
1031 4239 1119 4305 Maii
1141 4240 1242 4306 1726.

387 4366 462 4431 332.
487 4367 536 4431 Ea
559 4366 666 4430 omnia
681 4384 764 4449 quae
779 4366 932 4433 ordinant
952 4368 1090 4452 primam
1114 4369 1296 4433 instantiam
1320 4368 1479 4435 incuriis
