3292 5109
346 270 410 337 126
862 290 946 335 rans
970 292 1008 339 ιι.

342 416 427 479 ratio
448 411 645 499 procedendi
671 419 720 479 est
742 414 961 481 oeconomico
984 420 1018 481 et
1035 413 1236 485 summario,
1254 410 1334 475 adeo
1355 413 1389 475 ut
1402 416 1511 493 partes,

342 538 419 619 quin
443 555 544 622 opera
559 538 653 600 unius
668 540 726 600 aut
749 534 883 601 alterius
906 536 1112 611 adiuventur,
1129 556 1189 622 per
1210 555 1246 600 ee
1268 536 1355 618 ipses
1372 550 1469 616 egere
1485 536 1514 595 et

344 662 543 747 respondere
559 662 699 727 valeant.
718 660 886 727 Hodierna
909 669 1017 729 autem
1040 683 1151 728 rerum
1170 660 1322 727 adiuncta
1336 659 1438 742 magis
1452 652 1514 741 pe'r·

342 786 495 859 suadent,
519 806 562 849 ne
593 788 688 852 nimis
719 788 888 853 insistatur
915 789 949 851 in
979 784 1160 853 huiusmodi
1194 782 1462 857 solemnitatibus;
1485 785 1515 845 et

343 910 421 975 hinc
445 912 539 977 etiam
564 910 648 995 apud
671 912 702 977 S.
720 911 819 998 cong.
838 910 984 992 concilii,
1005 912 1096 976 cuius
1118 908 1315 996 procedendi
1338 910 1422 973 ratio
1436 907 1516 997 iuris

342 1033 464 1101 ordine
486 1040 619 1101 seruato
650 1056 692 1100 ex
723 1037 862 1101 Decreto
884 1057 914 1100 e.
942 1036 1027 1101 1847
1059 1034 1242 1120 expostulat
1270 1033 1420 1099 advocati
1450 1050 1515 1095 oon·

343 1159 549 1231 stitutionem,
570 1158 652 1223 baec
676 1178 741 1223 non
764 1160 912 1244 rigorose
936 1163 1082 1243 urgetur,
1103 1157 1160 1223 sed
1183 1157 1279 1223 facile
1303 1158 1392 1242 ipsae
1415 1161 1516 1242 partes

341 1279 555 1347 admittuntur
577 1280 620 1359 ad
640 1280 799 1366 agendum
825 1284 858 1345 et
885 1278 1143 1365 respondendum
1173 1278 1294 1363 absque
1324 1298 1426 1365 opera
1448 1297 1517 1363 pro·

343 1406 502 1471 curatoris
526 1412 581 1469 aut
604 1404 762 1470 advocati.

432 1531 493 1594 Ast
517 1528 793 1615 congregationes
816 1531 944 1594 nonnisi
967 1528 1161 1614 approbatos
1183 1526 1378 1600 Advocatos‚
1404 1527 1518 1591 Proou·

343 1656 470 1718 ratores
489 1656 523 1717 et
539 1654 684 1737 Agentes
703 1652 743 1718 ad
767 1653 898 1737 negotia
913 1650 1144 1736 pertractanda
1158 1650 1340 1717 admittunt.
1357 1648 1469 1724 Quare
1482 1648 1518 1713 ab

343 1776 461 1842 eisdem
486 1777 712 1861 expostulatur
735 1776 895 1862 quoddam
918 1778 1177 1861 experimentum
1192 1782 1249 1840 aut
1266 1775 1452 1842 idoneitatis
1468 1796 1519 1840 ae

342 1898 521 1983 quipollens
548 1897 704 1983 probatio,
722 1904 892 1982 antequam
909 1900 942 1962 in
957 1896 1065 1963 album
1081 1897 1316 1963 adscribantur.
1335 1933 1353 1945 -
1372 1897 1405 1963 S.
1423 1896 1518 1982 cong.

343 2020 478 2087 Concilii
496 2020 688 2101 Advocatos,
707 2023 945 2087 Procuratores
967 2026 1000 2085 et
1014 2024 1160 2105 Agentes
1182 2020 1351 2105 approbat,
1374 2026 1411 2085 nt
1434 2020 1521 2106 longi

341 2145 473 2211 valeant
496 2168 552 2211 suo
576 2167 712 2211 munere
729 2148 812 2233 apud
829 2149 940 2213 curiae
957 2147 1242 2232 Congregationes,
1261 2145 1378 2212 Officia
1400 2153 1436 2211 et
1459 2147 1521 2209 Tri·

342 2270 481 2335 bunalia.
500 2269 643 2355 Simplex
659 2272 847 2356 approbatio
863 2271 947 2357 apud
970 2272 1034 2336 alia
1055 2271 1231 2337 tribunalia
1253 2278 1309 2336 eut
1328 2269 1520 2357 dycasteria,

343 2402 399 2461 aut
414 2396 495 2461 alias
511 2398 787 2482 congregationes
812 2394 851 2482 (si
874 2395 1048 2462 advocatos
1062 2396 1206 2480 excipias
1223 2395 1472 2461 consistmiales
1493 2401 1523 2458 et

343 2520 581 2585 Procuratores
598 2520 800 2603 Apostolioos
816 2520 857 2585 de
872 2520 1022 2606 collegio)
1044 2519 1172 2584 titulum
1197 2538 1262 2583 nou
1278 2520 1447 2584 constituit
1469 2518 1522 2582 ab·

341 2644 465 2709 solutae
488 2644 728 2729 approbationis
758 2644 862 2728 quoad
889 2649 1001 2709 cetera
1028 2641 1305 2709 indiscriminatim
1331 2643 1472 2728 collegia
1493 2648 1525 2707 et

341 2769 517 2835 tribunalia
549 2770 675 2834 cariae.
709 2770 761 2834 Ex
791 2768 931 2833 adverso
962 2788 1027 2833 non
1058 2766 1176 2833 sufficit
1204 2768 1395 2853 approbatio
1425 2768 1523 2853 cong.
1610 2821 1611 2858 ,

343 2884 464 2959 Concil.
490 2894 529 2959 ad
553 2894 753 2980 perorandae
785 2914 899 2959 causas
923 2896 1098 2960 Beatorum
1121 2899 1154 2960 et
1178 2895 1371 2961 Sanctorum
1401 2902 1438 2960 et
1468 2912 1524 2979 pro
1610 2871 1611 2876 ἵ

341 3017 550 3104 expediendis
573 3022 710 3105 negotiis
734 3022 896 3085 Datariae.

432 3146 575 3230 Agentes
598 3145 683 3230 apud
707 3165 820 3211 omnes
844 3146 1121 3231 congregationes
1144 3145 1369 3219 admittuntur,
1387 3149 1526 3230 excepta
1610 3213 1611 3216 ,

342 3264 603 3353 congregatione
629 3267 679 3333 De
702 3268 941 3355 Propagando
963 3268 1049 3335 Fide
1073 3267 1130 3357 (1).

432 3392 542 3467 Quoad
566 3396 640 3457 acta
656 3394 686 3459 S.
704 3391 1008 3479 Congregationum
1025 3394 1164 3478 adquae
1184 3396 1244 3480 ipsi
1260 3401 1363 3481 agunt
1379 3414 1526 3479 quaeque

341 3514 382 3579 ad
396 3520 544 3581 oratores
556 3522 612 3581 aut
624 3523 816 3583 executores
829 3519 1005 3591 remittunt,
1020 3517 1251 3584 determinatas
1266 3519 1405 3603 exigunt
1421 3524 1524 3584 taxas.
1610 3507 1612 3577 i

432 3756 471 3828 (1)
491 3758 570 3826 Apud
590 3756 662 3812 hano
680 3757 933 3827 Congregationem
953 3760 1078 3827 Agentes
1090 3773 1144 3812 non
1157 3758 1344 3812 admittuntur
1360 3774 1417 3813 non
1437 3758 1528 3813 solum
1610 3742 1612 3748 ’

342 3878 378 3917 ne
396 3863 565 3918 Missionarii
586 3868 739 3933 graventur
757 3865 901 3935 expensis3
922 3864 969 3919 sed
988 3865 1108 3920 maxime
1125 3865 1193 3936 quia
1211 3866 1329 3921 istorum
1348 3882 1437 3935 opere
1454 3866 1528 3920 haud

341 3975 498 4039 opportuna
512 3972 627 4038 videtur,
642 3970 776 4041 siquidem
791 3970 860 4026 haec
873 3971 970 4040 cong,
982 3974 1087 4043 absque
1096 3970 1207 4027 delectu
1220 3972 1408 4041 negotiorum,
1418 3990 1529 4043 semper

343 4077 468 4131 adeunde
486 4081 529 4132 est
542 4080 577 4131 ab
591 4078 625 4131 iis
637 4078 686 4151 qui
705 4078 867 4133 ministrant
885 4079 914 4133 ln
926 4078 996 4133 locis
1015 4079 1187 4133 Mieaionum.
1207 4079 1250 4133 Ex
1269 4080 1387 4135 aduerso
1400 4096 1451 4151 pro
1464 4080 1529 4135 aliis

343 4184 504 4253 regionibus
522 4186 663 4242 metendae
676 4191 742 4241 sunt
753 4186 882 4257 singulae
895 4187 1142 4257 congregationes,
1154 4186 1253 4242 habite
1267 4189 1377 4246 ratione
1397 4187 1530 4258 specialis

341 4290 546 4359 competentiae
565 4294 594 4344 et
612 4295 724 4345 servata
749 4291 883 4360 peculiari
909 4290 1073 4359 procedendi
1092 4291 1215 4357 reti0u03
1236 4308 1324 4363 quere
1351 4309 1404 4362 pro
1429 4292 1529 4348 remit·

343 4397 433 4451 tondis
446 4397 627 4467 petitionibus
650 4396 685 4452 ad
702 4397 955 4467 Congregetionem
967 4400 1171 4468 competentem
1191 4402 1221 4454 et
1239 4398 1336 4454 debite
1351 4400 1444 4453 forme
1462 4414 1530 4464 con·
