3292 5109
474 339 519 386 on
542 338 682 387 runicus
705 338 973 385 nccussnisricus
1264 320 1332 384 407

144 460 344 545 interrogari
368 463 402 524 et
423 465 500 525 actu
514 460 548 523 iu
562 458 747 545 longinquis
768 462 883 543 agant;
901 463 1013 545 utputa
1033 460 1084 523 vir
1107 460 1268 523 instaurat
1284 460 1332 522 in-

144 586 297 651 stantiam
328 582 599 649 matrimonialem
629 581 686 648 sed
717 603 802 648 uxor
833 581 872 647 ob
904 582 1077 649 divortium
1108 584 1215 666 ciuile,
1247 582 1332 668 quod

144 714 274 782 vocant,
291 709 345 774 vel
369 707 409 773 ob
432 708 529 772 aliam
551 726 682 772 cansam
698 708 732 771 in
747 707 819 772 loco
844 713 1063 772 commoratur
1085 706 1256 773 admodum
1272 708 1333 772 dis·

143 839 206 905 sito
236 856 257 901 a
286 836 448 903 domicilio
478 835 604 901 mariti:
635 840 712 900 tunc
743 836 996 921 interrogatoria
1026 834 1193 902 commode
1217 856 1332 921 propo-

144 967 269 1027 nuntur
286 963 381 1026 uxori
405 962 439 1025 in
458 960 552 1026 curia
574 959 730 1025 dioecesis
748 960 782 1024 in
806 978 869 1043 qua
885 967 1113 1027 commoratur.
1134 996 1152 1009 -
1171 960 1331 1027 Locorum

142 1080 298 1147 distantia
322 1101 404 1165 quae
428 1080 563 1145 duorum
578 1078 703 1145 dierum
719 1080 837 1144 itinere
857 1080 1115 1155 mensurabatur,
1132 1081 1207 1145 talis
1230 1079 1330 1145 habe·

141 1207 241 1273 batur
263 1209 336 1271 iure
359 1206 576 1271 Decretalium
599 1209 635 1270 ut
658 1210 832 1271 excusaret
854 1225 874 1269 a
898 1204 1113 1291 comparando
1138 1226 1248 1271 corani
1282 1208 1331 1271 iu-

143 1328 231 1404 dice,
267 1329 442 1415 praecipue
475 1326 516 1392 ad
550 1324 721 1391 ferendum
756 1328 990 1403 testimonium3
1015 1328 1099 1394 unde
1134 1328 1331 1414 delegandus

143 1464 219 1523 erat
240 1456 340 1522 iudex
363 1456 417 1539 qui
441 1455 473 1519 in
498 1453 637 1519 dioecesi
660 1452 799 1518 domicili
831 1455 900 1519 sive
922 1454 1013 1520 testis
1041 1454 1109 1519 sive
1140 1454 1331 1520 alterutrius

142 1584 242 1651 etiam
257 1603 300 1647 ex
313 1577 590 1651 contendentibus,
603 1578 722 1644 horum
735 1579 903 1663 exciperet
916 1578 1082 1643 iudiciales
1094 1580 1330 1663 responsiones.

143 1743 164 1755 -
180 1705 286 1772 Hodie
301 1706 449 1771 locorum
464 1704 636 1769 distantiae
652 1704 748 1768 etiam
764 1704 924 1767 maximae
941 1720 1041 1787 parvo
1057 1702 1214 1767 horarum
1231 1723 1330 1768 cursu

140 1836 403 1919 percurruntur;
428 1830 485 1897 sed
507 1830 548 1895 ob
578 1834 717 1895 mutatas
747 1833 928 1916 temporum
960 1829 1159 1895 conditiones
1191 1850 1330 1895 oecono-

140 1958 256 2031 micas,
273 1957 406 2021 maximi
430 1954 466 2022 fit
488 1956 645 2041 temporis
664 1958 790 2034 iactura
813 1960 847 2021 et
870 1955 1095 2041 pervulgatum
1117 1959 1167 2022 est
1181 1954 1331 2041 adagimu

141 2117 162 2130 -
191 2086 323 2163 tempus
354 2086 402 2146 est
427 2082 579 2164 pecnnia
585 2100 599 2164 ;
623 2079 830 2165 quamobrem
854 2078 950 2144 hodie
977 2080 1123 2145 locorum
1160 2078 1331 2144 distantiae

139 2205 260 2271 morali
285 2205 379 2271 modo
401 2204 621 2270 aestimandae
645 2209 720 2270 sunt
742 2224 801 2288 pro
825 2202 961 2268 arbitrio
985 2202 1061 2267 boni
1084 2204 1157 2267 viri.

235 2329 418 2397 Subsidium
430 2330 510 2395 iuris
522 2329 726 2413 expostulant
738 2329 860 2394 indices
873 2348 932 2415 per
943 2329 1069 2395 litteras
1083 2327 1326 2403 remissoriales,

139 2472 229 2538 quae
243 2455 397 2517 nimirum
418 2452 584 2517 continent
603 2451 825 2515 remissionem
841 2470 898 2516 seu
914 2452 1147 2519 remissoriam
1163 2452 1326 2518 cuiusdam

138 2576 267 2661 negotii
291 2576 421 2661 litigiosi
446 2575 541 2640 alteri
558 2573 654 2638 iudici
671 2572 788 2646 datam,
805 2575 857 2657 qui
883 2575 945 2639 uisi
966 2574 1171 2661 delegaretur
1194 2576 1234 2641 ad
1258 2596 1326 2641 cer·

139 2703 216 2763 tum
240 2698 347 2763 iudicii
372 2705 489 2771 actum,
514 2698 636 2762 nullam
660 2717 738 2761 sane
769 2696 908 2763 haberet
938 2699 1195 2783 competentiam.
1224 2698 1329 2773 Quum

138 2825 226 2890 istae
249 2824 379 2889 litterae
403 2822 522 2889 dautur
543 2824 631 2887 inter
653 2821 774 2889 iudices
798 2822 941 2887 eiusdem
965 2823 1086 2888 ordinis
1110 2845 1167 2888 seu
1195 2822 1329 2889 coordi-

137 2954 253 3021 nates,
272 2948 396 3033 nullam
415 2946 536 3013 habent
551 2949 615 3013 vim
639 2948 763 3033 imperii
788 2947 872 3033 quod
892 2948 1062 3032 proveniat
1084 2968 1104 3011 a
1127 2968 1267 3033 persona
1283 2949 1329 3012 iu-

137 3072 225 3139 dicis
249 3072 305 3138 sed
329 3094 422 3138 suam
454 3078 604 3159 repetunt
632 3076 859 3139 auctoritatem
888 3093 907 3138 a
938 3074 1104 3139 voluntate
1136 3074 1215 3139 iuris
1243 3094 1328 3139 com-

136 3199 260 3269 munis,
286 3197 369 3282 quod
392 3197 538 3282 pluribus
561 3199 594 3261 in
617 3179 794 3263 canonibus
817 3198 910 3263 iussit
934 3198 996 3262 hoc
1019 3196 1208 3263 subsidium
1230 3196 1325 3263 iaris.

136 3321 197 3386 Ita
220 3321 255 3385 in
278 3340 352 3405 cap.
375 3320 408 3395 3,
425 3320 477 3387 De
497 3320 642 3406 fideiuss.
667 3320 708 3392 X,
733 3323 797 3405 (nr,
815 3320 872 3404 22)
892 3319 1089 3386 decernitur:
1109 3340 1126 3383 c
1143 3320 1330 3387 Praeterea

135 3443 230 3529 qaia
253 3443 389 3529 difficile
403 3442 494 3527 foret
508 3443 722 3510 intercessori
743 3464 823 3511 suos
849 3450 944 3510 testes
960 3444 996 3509 in
1013 3443 1176 3530 Anptiam
1196 3443 1328 3517 ducere,

137 3567 324 3634 laticibus
346 3567 660 3636 Bononiensibus...
685 3570 804 3634 litteris
829 3569 894 3633 tais
916 3568 1093 3653 significes,
1118 3571 1156 3631 at
1179 3584 1235 3632 eos
1257 3565 1329 3631 eice

136 3698 207 3758 tua
229 3691 398 3775 recipiant
424 3697 455 3758 et
478 3691 677 3759 emancipent
697 3692 887 3778 diligenter,
909 3696 940 3757 et
960 3690 1185 3774 depositiones
1209 3708 1329 3755 eorum

136 3817 410 3885 transmittentes
433 3818 582 3884 inclusas
605 3817 794 3904 significent
816 3821 948 3903 quanta
970 3818 1055 3903 fides
1075 3816 1182 3899 pessit
1205 3815 1328 3880 instra·

134 3941 267 4008 mentis
291 3942 343 4006 eet
377 3941 512 4007 testibus
542 3940 701 4006 adbiberi·
722 3962 752 4004 u.
777 3940 942 4006 Eiusmodi
973 3942 1102 4007 litterae
1135 3942 1241 4007 solent
1264 3939 1328 4041 dici

134 4067 244 4134 etism
267 4066 535 4151 requisitomales
558 4087 615 4131 seu
637 4066 835 4152 rogatoriae
857 4068 932 4150 quia
948 4066 1100 4154 precibus
1122 4064 1329 4152 expostulant

53 4276 57 4281 ι
132 4189 283 4275 aliquid3
301 4189 457 4274 siquidem
482 4171 672 4258 coordinati
687 4189 809 4255 indices
825 4197 901 4257 sunt
916 4192 1059 4277 aequalis
1082 4192 1204 4257 ordinis
1220 4196 1253 4257 et
1268 4211 1328 4277 par

133 4318 177 4382 in
208 4334 320 4398 parem
351 4334 417 4378 non
448 4313 547 4379 habet
576 4315 756 4399 imperium.
783 4350 800 4363 -
827 4314 954 4381 Iudices
978 4321 1086 4381 autern
1115 4314 1331 4382 medardinett

129 4436 277 4503 ratione
301 4434 543 4519 competentiae
566 4441 699 4502 utuntur
721 4437 819 4502 etiam
842 4435 960 4501 litteris
982 4437 1167 4523 repetentis
1190 4458 1247 4503 seu
1268 4456 1322 4503 re-
