3292 5109
526 373 570 419 na
592 366 733 417 runicus
756 360 1020 411 nccussrssrrcrs
1297 333 1366 398 283

186 522 260 567 cum
285 497 490 585 Principibus
514 504 547 563 et
569 489 828 559 Moderatoribus
851 490 974 553 Rerum
990 482 1200 549 Publicanum
1223 479 1290 565 agit
1311 477 1364 541 vel

185 626 300 691 mediis
325 625 456 691 Nuuciis
480 618 674 707 Apostolicis
700 620 756 681 aut
786 615 858 679 aliis
880 612 1011 697 Legatis
1041 610 1094 693 qui
1117 608 1180 673 bac
1204 604 1243 669 de
1267 623 1365 669 causa

186 751 351 835 pertinent
373 748 484 813 curiae
511 760 681 813 romanae,
705 740 752 831 uti
775 737 991 807 advertimus,
1015 733 1067 797 vel
1092 730 1274 796 immediate
1297 728 1365 811 agit
1453 812 1457 820 Ι

186 895 246 961 per
268 880 343 939 acta
367 892 448 956 quae
472 871 591 935 dantur
613 888 633 931 a
657 866 842 932 Secretaria
864 862 971 928 Status
995 864 1028 924 et
1050 876 1133 942 quae
1155 856 1208 918 vel
1231 853 1271 918 ab
1295 855 1364 937 ipso

188 1001 279 1087 Papa
303 1004 378 1065 sunt
402 1016 558 1083 expressa
582 1000 614 1059 et
637 998 783 1072 exarata,
807 990 860 1055 vel
884 989 962 1053 Eius
986 987 1115 1053 nomine
1137 1002 1158 1045 a
1180 981 1365 1076 Secretario

186 1126 304 1191 Status.
337 1125 446 1200 Quare
469 1122 649 1191 cardinalis
676 1096 879 1187 Secretarius
902 1114 1011 1180 Status
1037 1116 1086 1176 est
1118 1110 1226 1192 Papae
1248 1106 1289 1171 ab
1312 1106 1362 1169 in-

185 1252 270 1315 timis
294 1250 444 1316 consiliis.
471 1250 606 1335 Negotia
628 1266 707 1312 vern
732 1245 885 1331 graviora
900 1246 934 1305 et
949 1236 1210 1304 extraordinaria
1232 1231 1362 1316 expedit

187 1374 276 1459 Papa
293 1394 335 1439 ex
351 1374 498 1439 consultu
516 1373 636 1439 Sacrae
651 1366 919 1454 congregationis
941 1361 1084 1448 seponis
1106 1360 1184 1425 eccl.
1208 1362 1361 1422 extraor-

185 1498 332 1563 dinariis
351 1498 578 1581 praepositae.
611 1497 789 1561 Praeterea
820 1512 879 1577 per
910 1488 1127 1554 secretariam
1155 1484 1262 1549 Status
1287 1484 1363 1565 lpse
1402 1450 1406 1465 ι

186 1622 333 1690 attribuit
356 1624 465 1687 munia
488 1621 624 1688 curialia
647 1642 703 1686 seu
720 1640 793 1685 suns
809 1617 940 1702 deputat
955 1612 1109 1678 officiales
1132 1610 1247 1693 quippe
1271 1609 1362 1671 curia

185 1754 234 1815 est
257 1768 416 1833 organum
450 1748 614 1833 regiminis
638 1741 815 1811 Pontificii.
840 1740 981 1805 maxime
1005 1738 1114 1821 Papae
1138 1734 1360 1801 coniunctum,

185 1870 277 1933 cuius
299 1870 524 1936 auctoritatem
547 1865 760 1931 immediatius
786 1860 949 1946 exprimit.
975 1894 993 1905 -
1019 1856 1069 1923 Ob
1093 1853 1280 1938 multiplicia
1302 1872 1361 1915 ne-

186 1994 276 2077 gotia
299 1993 383 2057 haec
410 1993 590 2058 secretaria
617 1994 750 2075 praeter
772 1984 998 2056 substitutum,
1022 1982 1132 2067 plures
1161 1980 1242 2044 alios
1264 1977 1363 2043 babet

184 2116 338 2183 officiales
355 2116 410 2203 (1).

274 2242 350 2308 233.
377 2244 450 2308 Alia
478 2243 671 2310 Secretam'a
706 2240 825 2307 dicitur
859 2260 879 2303 a
912 2233 1107 2321 supplicibus
1137 2230 1270 2303 libellis,
1302 2250 1360 2295 sou

184 2366 618 2450 memorialibusNamque
642 2366 803 2449 integrum
828 2380 899 2427 esse
922 2359 1016 2424 debet
1039 2356 1185 2421 omnibus
1214 2352 1362 2419 fidelibus

184 2690 212 2739 et
226 2685 300 2739 fideli
321 2686 487 2740 executione
510 2686 632 2755 expediri
648 2687 771 2739 curabat.
792 2684 954 2737 Habebatur
973 2682 1057 2736 etiam
1071 2679 1242 2733 Secretarins
1256 2679 1360 2741 Status,

184 2794 230 2847 sed
250 2792 296 2846 hic
315 2808 369 2846 non
389 2792 498 2847 solebat
517 2809 576 2846 esse
595 2791 751 2846 Cardinalis
769 2796 798 2845 et
816 2792 839 2843 si
858 2789 1013 2843 Cardinalis
1031 2792 1113 2851 esset,
1132 2792 1225 2839 tamen
1245 2786 1360 2839 intimus

185 2901 277 2969 Papae
298 2900 479 2954 Conciliarius
498 2905 558 2954 erat
583 2900 739 2955 Cardinalis
763 2900 863 2969 Nepos.
888 2928 902 2941 -
924 2894 1086 2951 Huiusmodi
1106 2895 1246 2948 institutio
1264 2894 1359 2946 Cardi-

187 3006 258 3060 nalis
280 3006 398 3078 Nepotis
423 3014 465 3062 est
493 3008 702 3063 fundamentum
730 3013 759 3063 et
786 3008 859 3062 ratio
887 3007 1019 3061 historica
1038 3005 1194 3076 Nepotismi
1217 3004 1263 3073 qui
1292 3007 1360 3057 nne

185 3116 319 3183 temporis
347 3120 460 3171 evectus
482 3116 536 3170 fuit
561 3118 646 3171 etiam
669 3118 697 3169 in
719 3116 797 3170 curia
825 3115 967 3185 pontificia
994 3114 1027 3166 ad
1055 3118 1179 3184 systema
1206 3110 1358 3179 politicum.

184 3218 273 3279 Quum
294 3220 369 3273 enim
382 3220 459 3289 Papa
473 3226 547 3276 esset
560 3222 693 3290 Princeps
711 3220 874 3289 temporalis
892 3219 983 3273 civilis
995 3218 1109 3272 ditionis
1126 3216 1240 3286 obsequi
1254 3220 1283 3269 et
1298 3215 1360 3283 lpse

182 3322 278 3377 debuit
298 3327 452 3393 temporum
472 3324 691 3391 conditionibus,
709 3326 809 3395 quibus
828 3326 1044 3379 exardescebant
1062 3322 1215 3376 familiares
1232 3320 1357 3373 aemula-

182 3432 274 3487 tiones
302 3434 376 3487 inter
401 3433 551 3489 dinasticos
582 3434 761 3504 principatus.
790 3434 862 3487 Hinc
889 3434 1005 3504 quisque
1031 3433 1162 3501 Princeps
1181 3430 1360 3499 augescebat,
1382 3422 1386 3430 '

183 3536 407 3606 locupletabatur
431 3557 509 3592 suam
528 3540 663 3593 familiam
689 3539 733 3593 cui
758 3540 879 3594 maxime
901 3539 1039 3593 confidere
1065 3539 1184 3592 debebat
1209 3552 1258 3605 pro
1282 3534 1357 3589 fideli

182 3644 347 3699 executione
366 3646 407 3699 sui
427 3647 559 3715 propositi
580 3652 610 3702 et
628 3646 745 3701 consilii.
771 3648 831 3709 Quat
856 3650 980 3717 systema
1005 3645 1162 3714 politicum,
1180 3642 1359 3712 Nepotismns

182 3750 210 3803 in
231 3750 312 3805 Statu
332 3752 481 3807 Pontificio
509 3754 585 3808 ciuili
614 3755 786 3823 proscriptus
811 3756 864 3808 tuit
888 3755 923 3807 ab
949 3753 1111 3807 Innocentio
1129 3752 1180 3804 Xll
1205 3752 1234 3803 in
1253 3750 1356 3806 celebri

141 3912 144 3919 ,
183 3854 387 3911 Constitutione
407 3858 563 3912 Romrmam
582 3861 659 3914 decet
677 3858 847 3930 Pontificem,
864 3878 889 3913 a.
903 3858 989 3912 1699.
1003 3886 1017 3898 ·
1030 3819 1190 3911 cardinales
1208 3856 1301 3925 Nepos
1319 3854 1359 3906 di·

182 3962 297 4015 cebatur
317 3960 394 4015 Card.
416 3965 559 4030 Dominus,
579 3966 673 4021 italice
692 3967 853 4033 (Podrone).

271 4065 312 4137 (l)
332 4066 504 4123 Substitutns
524 4076 566 4125 est
578 4072 663 4125 etiam
676 4070 849 4126 Secretarius
862 4072 954 4125 cisi-ae.
974 4071 1050 4123 Citra
1062 4074 1104 4123 est
1117 4066 1262 4121 methodus
1274 4083 1359 4137 quae·

181 4168 244 4221 dam
256 4170 400 4239 signorum
414 4191 448 4227 ex
461 4176 643 4230 conventione
656 4176 844 4232 adhibitorum
857 4178 891 4231 ad
905 4175 1098 4246 exprimendos
1111 4172 1242 4242 graphice
1255 4174 1358 4225 mentis

182 4281 333 4345 conceptus
352 4278 392 4331 ita
411 4288 443 4331 ut
461 4278 489 4333 hi
510 4281 614 4351 percipi
641 4298 695 4337 non
721 4283 828 4353 possint
848 4284 900 4337 nisi
919 4284 954 4336 ab
973 4281 1030 4349 bis,
1049 4297 1112 4335 cum
1131 4279 1231 4350 quibus
1249 4288 1359 4333 secreta

181 4378 403 4455 conventionalis
422 4382 560 4453 scriptura
578 4391 715 4440 conventa
734 4388 826 4442 suerit.
846 4387 921 4442 Haec
940 4386 1078 4455 scriptura
1096 4383 1244 4438 adhibetur
1261 4382 1291 4435 in
1309 4398 1357 4435 ne-

180 4485 265 4554 gotiis
283 4486 406 4557 politicis
425 4488 484 4545 alto
501 4497 610 4548 secreto
628 4495 793 4563 premendis.
