3292 5109
632 295 840 344 nuuuemuu
862 293 909 342 rr.
1296 278 1362 344 497

184 415 387 482 emolumentis,
406 418 513 488 quibus,
532 428 589 472 tarn
607 417 642 474 de
662 419 726 472 iure
749 435 834 488 quam
853 418 889 472 de
907 420 1117 483 consuetudine,
1135 420 1225 472 nostri
1245 419 1363 474 Cancel-

185 527 253 581 larii
276 527 332 594 uti,
357 530 431 597 frui,
451 531 541 600 potiri
558 539 585 584 et
603 531 729 602 paudere
747 529 839 583 solent
857 539 884 584 et
905 531 1022 596 debent3
1045 533 1212 584 mandantes
1237 533 1387 604 omnibus,

184 646 297 692 nostrae
315 638 501 692 iurisdictioni
518 639 655 702 subiectis,
669 638 842 707 caeterisque
854 638 892 691 ad
910 653 978 707 qnos
991 638 1124 708 pertinet,
1137 647 1167 690 ut
1184 638 1223 692 Te
1234 639 1264 691 in
1277 639 1363 691 talem

183 757 335 816 apnoscant
354 756 381 801 et
399 747 545 816 recipiant,
563 748 614 800 sub
630 747 729 818 poenis
747 757 842 800 nostro
861 747 979 802 arbitrio
994 761 1050 817 pro
1068 749 1150 801 niodo
1169 749 1271 818 culpae
1289 747 1364 816 iristi-

184 852 292 920 pendis.
318 851 515 906 Praesentibus
533 853 571 904 ad
592 861 719 905 nostrum
745 851 950 920 beneplacitum
972 850 1111 904 valituris.
1133 850 1169 904 In
1191 868 1310 921 quorum
1330 852 1364 920 fi·

184 961 258 1025 dem,
278 969 328 1012 etc.
355 959 466 1024 Duum,
485 967 534 1012 etc.
555 985 593 1001 -
614 957 661 1024 N,
681 957 837 1029 Episcopus
854 958 891 1010 N.
913 971 932 1014 ›
955 957 991 1010 Et
1009 961 1128 1026 ponatur
1152 957 1276 1027 sigillum
1299 973 1365 1012 con·

184 1067 265 1120 sirete
284 1063 352 1118 loco.

273 1275 431 1330 Curandum
455 1280 488 1331 ut
512 1276 670 1346 praedictae
696 1275 809 1331 litterae
835 1279 963 1346 patentes
988 1229 1115 1345 Epinopi
1141 1276 1170 1328 in
1193 1276 1364 1331 cancellaria

186 1382 370 1453 registrentur
388 1384 428 1437 sic
447 1385 562 1439 adnotat
588 1383 778 1439 lllonacellus:
790 1397 856 1438 -«
869 1383 1032 1437 Provisiuue
1050 1381 1211 1437 cancellarii
1230 1399 1280 1452 per
1298 1385 1365 1454 Epi·

184 1501 329 1558 <scopum
354 1489 437 1556 facta,
456 1489 558 1544 debent
577 1488 690 1544 litterae
716 1493 845 1558 patentes
864 1489 892 1541 in
911 1488 982 1541 actis
1000 1487 1184 1544 cancellariae
1203 1505 1254 1558 per
1268 1505 1364 1544 secre-

185 1597 319 1652 ‹larium
338 1598 467 1669 Episcopi
487 1598 642 1668 registrari,
655 1615 689 1652 ne
703 1614 824 1670 unquam
839 1597 872 1651 de
884 1596 1030 1652 validitate
1043 1600 1185 1667 gestorum
1201 1594 1365 1651 cancellarii

185 1701 299 1758 «electi
318 1703 413 1758 valeat
431 1703 566 1757 dubitari:
585 1701 758 1773 multumque
776 1703 895 1756 interest
913 1705 945 1754 ut
963 1701 996 1756 de
1015 1700 1194 1769 deputatione
1207 1703 1316 1754 constet
1328 1715 1364 1753 ex

185 1809 283 1878 «ipsis
302 1810 372 1862 actis
391 1808 613 1864 cancellariae».
633 1806 805 1878 (llonacelli,
827 1809 887 1861 loco
906 1810 995 1873 citato,
1015 1806 1107 1860 adnot.
1129 1806 1162 1874 l).

757 2051 788 2104 ll.

270 2245 403 2285 sonatum
424 2247 583 2286 lL'RAMEN'l'l
603 2244 781 2284 Panaenum
802 2246 819 2282 Α
840 2243 1039 2283 cruentatam
1058 2243 1110 2282 SEU
1129 2243 1280 2282 scrutato.

273 2425 365 2494 «Epo
390 2425 439 2490 N.,
466 2427 561 2480 curiae
588 2424 753 2494 episcopalis
780 2423 825 2489 N,
854 2423 1048 2477 cancellarius
1074 2423 1193 2488 electus,
1213 2423 1362 2494 prouutto,

185 2529 308 2600 spondeo
327 2539 354 2583 et
372 2533 444 2596 iuro,
463 2547 507 2584 me
529 2529 658 2600 officium,
677 2529 750 2598 quod
769 2529 887 2598 suscepi,
905 2527 1029 2598 fideliter
1047 2537 1074 2580 et
1092 2531 1209 2591 sincere,
1228 2539 1362 2598 quantum

184 2639 213 2689 in
231 2655 276 2690 me
295 2646 345 2702 est,
364 2647 555 2702 scenitarum,
575 2647 601 2690 et
619 2637 812 2707 impleturum,
836 2654 888 2691 uec
913 2637 1063 2706 quidquam
1081 2638 1111 2688 in
1132 2653 1165 2690 eo
1189 2639 1289 2706 fauore
1313 2647 1361 2689 aut

184 2743 277 2826 pratia
295 2744 417 2796 humana
434 2753 576 2796 acturum:
594 2744 634 2796 sic
652 2760 697 2798 me
717 2744 792 2797 Deus
813 2744 926 2797 adiuvet
946 2752 973 2797 et
990 2744 1058 2796 haec
1077 2752 1172 2796 senecta
1193 2743 1248 2797 Dei
1265 2742 1361 2795 Erun-

184 2847 260 2915 pelta
273 2863 298 2903 s.

752 3094 796 3149 111.

234 3303 365 3343 sonuum
387 3305 595 3344 DEPUTATlONlS
615 3303 725 3343 VIGARH
745 3305 908 3344 uenenatas
926 3305 978 3344 SEU
998 3305 1155 3345 OFFlGlALlS
1173 3305 1310 3345 EPISCOPl.

277 3485 345 3539 Eam
365 3485 532 3540 desumimus
551 3503 585 3540 ex
605 3485 763 3540 lllonaeello
783 3486 874 3555 (parte
895 3485 918 3553 l,
937 3486 980 3539 tit.
1003 3485 1026 3553 l,
1044 3487 1123 3540 torm.
1146 3487 1185 3553 l):

273 3717 290 3754 a
304 3700 350 3766 N,
368 3701 422 3754 Dei
440 3710 467 3754 et
486 3701 662 3769 Apostolicae
683 3700 761 3752 Sedis
780 3701 873 3768 pratia
889 3699 1044 3767 Episcopus
1057 3697 1103 3762 N,
1116 3699 1218 3751 dilecto
1232 3697 1318 3750 Nobis
1333 3703 1361 3748 m

187 3803 294 3856 Christo
313 3804 350 3856 N.
369 3806 489 3858 salutem
508 3807 537 3856 iu
557 3804 681 3856 Domino.
696 3832 732 3844 -
748 3803 816 3857 Cum
840 3819 909 3857 onus
935 3803 1101 3874 episcopalis
1125 3803 1275 3855 ministerii
1294 3803 1363 3856 tanti

184 3911 218 3962 sit
236 3913 378 3975 momenti,
390 3921 419 3964 ut
433 3913 515 3964 etiam
528 3912 596 3980 ipsis
608 3911 744 3980 anpelicis
757 3911 882 3963 humeris
895 3910 1107 3980 formidandum
1120 3911 1257 3974 rideatur,
1276 3926 1362 3980 opere

181 4017 306 4083 pretium
330 4016 472 4080 duximus,
491 4018 519 4067 in
537 4015 776 4068 administratione
797 4016 970 4084 episcopatus
989 4015 1035 4080 N,
1058 4033 1140 4084 quem
1166 4014 1362 4068 Seuerissimus

184 4122 218 4174 D.
238 4123 274 4174 N.
295 4121 372 4192 Papa
390 4133 503 4176 nostrae
522 4122 707 4176 imbecillitati
724 4124 951 4193 superimposuit,
969 4124 1109 4176 vicarium
1128 4125 1259 4176 idoneum
1278 4124 1362 4176 rideo-

186 4248 259 4294 rare,
281 4233 328 4300 qui
343 4241 454 4301 partem
473 4231 669 4286 sollicitudinis
688 4239 799 4284 nostrae
813 4233 843 4283 in
855 4247 887 4284 se
898 4234 1073 4296 assumenda
1083 4231 1203 4301 pondus,
1217 4249 1271 4301 quo
1284 4233 1361 4286 ultra

185 4343 259 4393 uires
285 4340 453 4409 premimur,
471 4339 584 4392 allevet.
611 4337 683 4392 Hinc
707 4341 796 4392 aciem
820 4347 932 4391 nostrae
952 4340 1051 4392 mentis
1070 4340 1099 4390 in
1115 4355 1266 4407 personam
1286 4351 1360 4394 tuum

330 4500 389 4552 Soc.
410 4498 487 4568 Lepa
1182 4496 1218 4550 32
