3292 5109
299 260 368 328 312
817 276 903 327 rans
926 278 963 325 11.

299 402 379 469 fides
402 402 516 469 haberi
539 402 664 471 solebat
686 402 790 488 quoad
814 422 854 467 ea
877 422 969 487 quae.
986 407 1022 467 ut
1040 401 1237 488 praefertur,
1253 400 1294 465 ad
1309 399 1481 465 cuiuslibet

300 544 412 589 eorum
428 524 570 591 officium
593 546 652 591 seu
675 546 791 591 munus
815 545 878 609 quo
901 524 1083 612 funguntur
1106 526 1279 611 pertinent,
1303 526 1337 589 in
1360 524 1480 591 litteris

300 649 396 714 etiam
421 649 546 714 Nostris
576 648 750 733 praedictis
780 668 878 733 super
905 650 1114 714 revocatione
1136 646 1344 712 oraculorum
1366 646 1481 711 huius·

300 772 384 839 modi
405 775 571 857 emanatis,
588 776 719 839 minime
739 774 992 861 comprehensos
1014 776 1115 840 fuisso
1138 794 1201 839 nee
1224 794 1295 839 esse
1318 794 1380 839 nec
1396 794 1484 839 com·

300 899 457 984 prehendi
480 899 599 965 debere
622 899 825 966 declaramus
839 905 873 965 et
886 898 1092 966 decernimus
1108 897 1197 965 etad
1212 898 1482 964 abundantiorem

300 1022 459 1088 cautelam
480 1024 608 1089 eosdem
625 1022 790 1090 Officiales
805 1044 864 1089 seu
880 1024 1046 1089 Ministros
1069 1022 1227 1088 adversus
1250 1022 1379 1087 easdem
1396 1023 1484 1087 Con-

301 1148 498 1221 stitutioues‚
524 1154 681 1232 quatenus
708 1168 787 1234 opus
810 1149 869 1221 sit,
894 1147 1093 1213 restituimus
1116 1154 1149 1213 et
1180 1148 1327 1233 plenarie
1358 1150 1483 1214 reinte-

301 1290 445 1357 gremus,
470 1275 504 1337 in
528 1272 673 1339 omnibus
697 1278 730 1340 et
760 1295 819 1359 per
842 1275 967 1345 omnia.
991 1272 1126 1359 perinde
1154 1276 1244 1339 acsi
1274 1274 1380 1357 quoad
1409 1275 1484 1339 illos

300 1398 486 1484 praedictae
511 1399 759 1466 constitutiones
782 1420 848 1466 non
873 1406 1131 1465 emanassent».
1160 1401 1210 1465 Ad
1234 1402 1484 1493 intelligentiam

301 1521 396 1589 huius
421 1524 672 1592 Constitutionis
703 1525 909 1598 advertatur.
935 1527 1115 1593 Romanum
1149 1523 1339 1591 Pontificem
1370 1526 1485 1592 facere

302 1652 334 1712 et
349 1646 505 1732 expedire
529 1668 622 1733 posse
645 1651 767 1735 gratias
783 1654 816 1715 et
834 1651 1072 1730 concessiones,
1096 1648 1270 1714 ordinariis
1293 1648 1484 1734 posthabitis

304 1766 429 1837 Officiis
463 1770 629 1838 destinatis
652 1772 692 1837 ad
716 1774 941 1838 concessiones
976 1772 1142 1838 faciendas
1178 1778 1211 1837 et
1245 1772 1484 1858 expediendas3

303 1898 336 1959 et
358 1894 490 1979 planum
519 1902 577 1962 est.
610 1896 696 1963 Hinc
727 1898 753 1961 si
781 1897 906 1962 litteras
938 1897 1137 1985 conscribat,
1166 1900 1253 1963 omni
1279 1898 1485 1966 solemnitate

303 2017 482 2101 destitutas
513 2020 649 2104 Ipseque
680 2022 802 2106 signet,
828 2020 880 2085 vel
909 2019 950 2086 ab
973 2022 1163 2085 amanuensi
1192 2021 1385 2106 exscriptas,
1409 2022 1485 2107 Ipse

304 2141 486 2208 subscribat
516 2142 726 2229 significando
759 2165 850 2210 suam
874 2145 1074 2211 voluntatem
1096 2151 1132 2210 ut
1155 2144 1336 2210 huiusmodi
1367 2146 1486 2211 litteris

304 2270 431 2332 constet
464 2270 639 2333 auotoritas
672 2268 795 2353 aliquid
823 2268 992 2334 ordinandi
1024 2289 1090 2333 non
1120 2290 1215 2333 secus
1244 2289 1283 2334 ac
1314 2272 1341 2334 si
1372 2290 1486 2336 omnes

304 2390 488 2455 Bellorum
511 2397 567 2456 aut
589 2392 752 2458 Breuium
779 2398 930 2459 servatae
953 2394 1018 2459 sint
1039 2392 1269 2463 solemnitates,
1286 2391 1409 2455 nullum
1426 2392 1487 2457 du·

304 2510 391 2577 bium
409 2532 477 2595 per
499 2516 608 2580 solam
627 2514 747 2598 Papae
768 2515 985 2602 sipnoturam
1008 2516 1097 2599 sequi
1121 2513 1249 2579 eosdem
1274 2511 1408 2581 effectus
1431 2517 1485 2600 qui

304 2656 348 2702 ex
372 2637 490 2720 Bnllis,
515 2659 558 2703 ex
582 2638 741 2705 Brevibus
767 2640 830 2704 rite
857 2640 1014 2705 confectis
1037 2646 1225 2724 sequuntur.
1250 2641 1371 2713 Immo,
1396 2640 1487 2706 nulla

306 2762 401 2825 etiam
436 2762 578 2827 adhibita
612 2765 787 2849 scriptura,
812 2765 839 2829 si
863 2764 953 2849 Papa
975 2765 1053 2829 uiua
1079 2784 1160 2831 voce
1190 2786 1280 2830 suam
1311 2764 1487 2849 patefaciat

306 2885 504 2952 voluntatem
527 2906 661 2971 eamque
685 2888 796 2953 valere
817 2888 931 2960 edicat,
948 2889 1093 2973 quamvis
1109 2892 1141 2953 in
1159 2890 1287 2974 scriptis
1310 2890 1486 2956 nullimode

306 3032 505 3099 expressam,
531 3013 759 3078 nihilosecius
783 3033 861 3078 sane
884 3014 968 3079 haee
990 3034 1118 3078 omnem
1142 3023 1296 3099 operatur
1320 3010 1484 3090 effectum

307 3135 362 3200 hic
385 3139 492 3202 autem
515 3133 713 3219 modusque
738 3134 905 3201 Pontificis
935 3133 1159 3220 significantur
1190 3137 1277 3201 iussa
1306 3141 1340 3201 et
1370 3134 1487 3202 deliba

307 3260 451 3326 rationes
469 3260 651 3345 appellatur
669 3262 766 3327 vivae
785 3261 877 3327 vocis
895 3263 1085 3328 oraculum.
1109 3296 1126 3309 -
1152 3261 1277 3326 Verum
1301 3281 1396 3325 nemo
1422 3281 1488 3326 non

306 3385 395 3451 videt
417 3386 572 3469 quomodo
588 3386 651 3452 hoe
666 3387 763 3453 vivae
786 3387 877 3453 occis
900 3388 1080 3453 oracutum
1102 3385 1253 3450 abusibus
1276 3385 1407 3450 obvium
1431 3386 1487 3462 sit;

307 3504 383 3590 quid
406 3507 491 3571 enim
514 3508 541 3571 si
564 3508 645 3591 quis,
665 3514 792 3571 mortuo
816 3507 879 3569 iam
904 3502 1071 3579 Pontifioe,
1095 3504 1156 3571 sibi
1181 3505 1323 3589 aliquam
1345 3505 1490 3572 vindicet

306 3638 507 3719 potestatem,
531 3635 589 3707 ius,
614 3612 752 3719 gratiam
768 3652 811 3697 en
827 3633 967 3698 maculo
990 3632 1087 3697 vivae
1109 3632 1201 3698 occia
1225 3650 1382 3696 concessa
1406 3650 1489 3714 quae

306 3763 416 3824 tamen
431 3758 513 3823 falso
536 3757 746 3823 asserantur?
770 3760 827 3823 Isti
842 3758 969 3830 abusus,
986 3757 1163 3830 mamiato,
1180 3756 1386 3821 habebantur
1410 3777 1491 3841 quos

306 3898 366 3964 per
388 3880 521 3943 citatam
544 3876 811 3943 constitutionem
836 3876 986 3943 Urbanus
1010 3876 1093 3941 Vlll
1119 3896 1138 3939 e
1162 3875 1268 3939 medio
1292 3875 1411 3940 tollere
1434 3874 1491 3940 de·

307 4003 421 4075 crevit,
435 4000 643 4065 retractando
659 4020 771 4065 omnes
786 4000 1013 4064 concessiones
1029 3999 1186 4063 hactenus
1203 4000 1306 4064 factas
1321 3999 1421 4064 uiuae
1438 4016 1492 4065 oo·

308 4125 355 4193 cis
370 4127 510 4193 oraculo
529 4144 653 4210 nempe,
671 4125 725 4197 ait,
739 4142 806 4207 per
823 4124 982 4189 Sumrnor
999 4121 1179 4206 Pontifices
1202 4122 1494 4188 Praedonessores

307 4251 451 4319 Nostros
473 4271 515 4318 ae
533 4270 600 4334 per
622 4249 704 4316 Nos.
731 4284 748 4298 -
774 4250 800 4314 E
825 4253 940 4313 contra
963 4249 996 4312 in
1020 4249 1073 4313 cit.
1099 4249 1205 4313 const.
1231 4247 1388 4313 Pontifex
1413 4266 1493 4311 con-

308 4374 414 4443 firmat
429 4376 617 4441 solemniter
633 4379 666 4439 et
681 4372 800 4446 statuit,
821 4369 918 4436 fidem
936 4371 1063 4456 plenam
1081 4342 1115 4435 et
1129 4369 1308 4435 absolutam
1333 4368 1494 4435 adhiben-
