3292 5109
327 272 396 341 222
855 292 941 339 raas
963 292 1001 340 11.

327 414 369 479 ad
385 434 554 481 numerum
578 416 819 497 miraculorum,
834 416 912 481 licet
935 418 1110 502 pleraeque
1126 416 1388 484 Beatificationes
1402 414 1505 481 metae

328 540 392 606 sint
420 548 490 625 post
521 540 694 605 multorum
723 540 955 604 miraculorum
985 540 1251 626 approbationem
1275 540 1364 624 (octo
1392 542 1506 627 quippe

327 662 462 729 fuerunt
491 662 667 749 approbata
691 664 724 728 in
749 662 992 731 Beatificatione
1015 665 1047 730 S.
1073 664 1226 730 Andreae
1249 666 1411 739 Avellini‚
1435 684 1506 750 qua·

327 795 402 854 tuor
425 789 457 853 in
482 786 723 853 Beatifioatione
748 788 779 855 S.
805 788 924 853 Felicis
955 788 995 854 de
1026 789 1222 872 Canlalicio,
1245 789 1358 854 decem
1380 796 1415 855 et
1435 794 1507 855 octo

327 915 361 977 in
393 912 635 981 Beatificatione
666 914 699 979 S.
724 914 849 979 Mariae
876 913 1092 999 Magdalenae
1115 915 1156 980 de
1180 916 1310 989 Panis,
1335 934 1449 979 novem
1473 916 1505 978 in

329 1034 570 1101 Beatilicatione
594 1039 625 1102 S.
651 1038 805 1109 Caietam,
830 1039 970 1123 quinque
994 1040 1027 1103 in
1043 1037 1296 1125 ,notificatione
1319 1039 1352 1104 S.
1376 1038 1504 1103 Ioannis

327 1160 368 1227 de
391 1162 466 1233 Deo.
492 1180 608 1227 novem
634 1162 666 1224 in
684 1159 926 1226 Beatilioatione
949 1162 980 1227 S.
999 1161 1166 1227 Francisci
1185 1160 1226 1227 de
1242 1161 1343 1243 Sales,
1367 1163 1505 1245 quinque

328 1288 361 1351 in
386 1284 628 1354 Beatilicatione
658 1288 689 1352 S.
716 1288 821 1353 Rosae
846 1289 1018 1362 Limanae‚
1046 1295 1185 1372 quatuor
1207 1291 1239 1354 in
1264 1286 1505 1354 Beatificatione

327 1413 359 1478 S.
387 1414 436 1477 Pii
452 1414 506 1499 V),
531 1414 615 1479 satis
639 1420 753 1479 tomen
779 1419 829 1479 est
853 1418 891 1478 ut
913 1413 982 1479 duo
1010 1414 1181 1480 miracula
1211 1412 1445 1496 approbentur
1459 1410 1505 1497 (ll

328 1558 387 1621 pro
402 1536 643 1603 Beatificatione
660 1536 844 1617 obtinenda,
857 1543 939 1601 teste
951 1536 1055 1601 Malta
1066 1537 1110 1603 de
1124 1534 1284 1603 Cononiz.
1300 1536 1361 1603 SS.
1369 1536 1504 1619 porti.

327 1684 354 1728 c.
373 1662 405 1737 6,
429 1684 523 1730 num.
542 1664 573 1728 9.
601 1665 649 1727 lle
673 1664 758 1728 enim
782 1664 852 1748 ipsa
874 1662 915 1728 ad
939 1661 1214 1729 Beatificationem
1239 1663 1294 1729 SS.
1313 1664 1444 1728 loannis
1467 1662 1507 1727 de

327 1785 448 1859 cruce,
475 1784 640 1850 Francisci
665 1786 774 1851 Solani
799 1791 833 1850 et
855 1784 1010 1871 Alphonsi
1040 1784 1238 1871 Magrobesii
1262 1785 1509 1871 Arobiepiscopi

328 1908 463 1979 Limam,
476 1928 660 1993 processum
678 1908 740 1974 fuit
762 1914 835 1993 post
849 1906 1114 1994 approbationem
1130 1907 1266 1971 duorum
1286 1906 1510 1972 tantummodo

238 2073 242 2081 .
327 2034 575 2109 miraculorum
599 2054 724 2119 meque,
745 2034 819 2099 dum
837 2032 928 2099 Fidei
952 2034 1155 2098 Promotoris
1176 2052 1313 2098 munere
1336 2032 1509 2117 fungebar,

327 2162 443 2223 contra
473 2130 634 2222 stimulum
672 2158 864 2223 calcitrante
894 2164 927 2222 ot
957 2162 1112 2241 quantum
1147 2161 1293 2242 poteram
1327 2156 1510 2238 obnitente,

327 2298 370 2344 ne
394 2278 592 2344 Beatificatio
620 2280 707 2345 servi
732 2282 789 2344 Dei
821 2280 988 2344 Francisci
1020 2280 1121 2364 Regis
1143 2276 1238 2344 fieret
1261 2300 1304 2344 ex
1326 2280 1411 2345 binis
1434 2286 1512 2344 ian·
1603 2306 1604 2331 u

327 2404 489 2469 tummodo
519 2404 684 2469 miraculis
710 2403 910 2489 approbatis,
935 2404 1109 2497 Sacrorum
1133 2402 1266 2468 Rituum
1291 2404 1514 2489 congregatio

327 2527 490 2612 generalis
521 2548 630 2593 coram
661 2533 762 2593 sanct.
787 2548 881 2594 mem.
906 2526 1073 2595 Clemente
1095 2527 1146 2594 XI
1181 2530 1308 2593 censuit
1341 2528 1514 2614 praedicta

327 2647 402 2713 bina
425 2650 582 2713 miracula
611 2648 651 2713 ad
683 2648 957 2715 Beatifioationem
992 2646 1159 2725 sufficere;
1195 2650 1241 2713 uti
1276 2650 1445 2735 colligitur
1469 2670 1514 2714 ex

327 2792 482 2859 responso
506 2772 647 2837 eiusdem
671 2793 786 2839 sacrae
803 2775 1070 2860 congregationis
1093 2794 1153 2859 per
1176 2773 1324 2839 eumdem
1346 2794 1515 2839 summum
1601 2757 1602 2770 ¹

327 2896 518 2963 Pontificem
542 2896 718 2984 approbata
734 2898 789 2965 die
804 2896 830 2964 3
845 2898 966 2964 Martii
987 2898 1074 2963 1716
1083 2946 1165 2963 .....
1190 2898 1264 2962 Fuit
1288 2897 1371 2963 haec
1393 2900 1515 2983 praxis
1601 2961 1602 2964 ,

328 3021 360 3086 S.
385 3020 651 3109 Congregationis
677 3022 808 3089 Rituum
835 3042 936 3106 usque
959 3022 999 3087 ad
1022 3027 1169 3088 nostrum
1193 3019 1421 3089 Pontificatum
1448 3043 1516 3089 nec

327 3165 386 3211 nos
416 3146 537 3230 aliquid
571 3146 674 3231 quoad
709 3150 811 3233 ipsam
846 3146 1076 3213 immutandum
1107 3148 1306 3220 censuimus,
1334 3146 1516 3213 dummodo
1600 3191 1601 3218 r

326 3277 434 3337 tamen
457 3273 594 3339 virtutes
624 3278 680 3337 ant
710 3274 904 3359 martyrium
926 3274 960 3337 in
984 3275 1089 3339 causis
1120 3294 1289 3339 serrorum
1313 3274 1371 3339 Dei
1395 3294 1518 3360 proce
1600 3309 1601 3370 3

327 3395 476 3465 dentibus
498 3418 558 3484 per
581 3399 665 3463 viam
698 3418 763 3463 non
793 3398 899 3464 cultus
929 3398 1054 3464 fuerint
1083 3398 1238 3485 probatae
1260 3416 1321 3484 per
1341 3402 1449 3464 testes
1474 3399 1518 3464 de

327 3520 415 3597 visu3
440 3520 495 3586 sed
519 3526 676 3605 quatenns
699 3520 939 3607 praedictarum
964 3540 1074 3586 rerum
1097 3519 1245 3607 probatio
1267 3520 1368 3585 fuerit
1392 3522 1518 3587 innixa

327 3643 461 3709 testibus
484 3643 524 3707 de
546 3642 657 3708 auditu
680 3642 814 3727 aliisque
837 3641 1079 3727 probationibus
1102 3642 1313 3723 subsidiariis,
1338 3640 1518 3709 decretum
1599 3639 1600 3716 ζ

326 3764 482 3852 generale
513 3764 668 3830 edidimus
692 3764 747 3830 die
769 3762 821 3829 23
843 3764 974 3847 Aprilis
996 3765 1081 3830 1741
1172 3765 1210 3830 in
1234 3783 1301 3849 quo
1323 3766 1520 3833 statuimus
1599 3783 1600 3808 ³

327 3909 397 3957 non
419 3890 571 3975 sufficere
587 3890 655 3955 duo
679 3890 739 3955 sed
754 3896 903 3974 quattuor
918 3890 1088 3957 miracula
1103 3890 1244 3975 requiri,
1264 3909 1354 3975 quoe
1370 3892 1519 3960 testibus

416 4084 455 4155 (l)
475 4084 610 4155 Theologi
634 4084 810 4155 distinguunt
834 4084 891 4139 tria
916 4101 1020 4155 genera
1037 4085 1246 4153 miraculorum,
1264 4087 1357 4157 prouti
1377 4094 1451 4143 sunt
1470 4092 1519 4146 di·

326 4194 399 4249 versi
418 4194 520 4264 gradus
534 4212 657 4250 recessus
671 4210 687 4249 a
700 4192 810 4264 legibus
826 4199 959 4261 naturaa;
978 4195 1025 4250 sod
1044 4196 1072 4248 in
1086 4195 1257 4266 propositum
1270 4197 1376 4251 sufficit
1388 4201 1519 4267 probare
1598 4175 1599 4242 f

327 4301 431 4353 iactum
450 4300 645 4355 miraculosum
662 4318 709 4357 seu
724 4302 859 4358 excedens
872 4301 945 4357 vires
964 4302 1115 4369 naturalem
1128 4304 1162 4357 cf.
1176 4302 1319 4358 Benedici.
1334 4321 1379 4375 op.
1394 4308 1443 4360 cit.
1459 4308 1518 4363 &a
1598 4318 1600 4340 ¹

327 4422 388 4475 cap.
408 4404 458 4471 27,
478 4422 505 4457 a.
527 4404 552 4457 o.
1597 4397 1598 4408 '
