3292 5109
436 316 480 363 nn
505 313 644 361 memus
666 312 932 359 nccnuumrrcrs
1219 293 1287 359 223

114 439 152 503 de
171 436 245 502 nsit
263 434 413 517 probma
434 436 503 501 sint
520 454 590 518 pro
614 434 860 519 beatificatione
883 434 1067 501 obtinenda
1084 454 1103 498 r
1121 431 1179 520 (l).
1204 432 1287 499 Gon·
1313 479 1315 482 -

114 564 277 631 sultissime
299 561 364 627 hoc
387 560 534 627 decrevit
558 560 713 625 Pontifex
735 580 778 624 ne
798 561 853 625 via
867 558 1136 645 praecluderetur
1159 563 1288 644 pertra-

112 692 236 756 ctationi
271 706 459 759 causarum,
493 705 594 769 quae,
626 686 841 771 respicientes
864 684 921 749 Dei
948 705 1062 750 servos
1097 682 1288 769 iampridem

112 817 172 879 vita
193 812 332 885 functos,
356 816 469 895 utputa
492 808 533 875 ab
556 829 620 875 uno
643 810 696 877 vel
728 809 768 874 ab
791 808 896 875 altero
920 808 1059 882 saeculo,
1084 809 1201 874 instrui
1222 826 1288 873 non
1378 862 1382 869 .

112 938 239 1021 possunt
270 953 331 1019 per
351 937 451 997 testes
475 930 609 997 derisu
632 929 879 1015 comprobantes
909 931 1101 996 exercitium
1132 931 1287 997 virtutum

110 1060 334 1146 theologalium
363 1064 397 1123 et
426 1057 597 1123 moralium
628 1057 661 1121 in
696 1056 801 1142 gradu
835 1056 978 1121 heroico.
1016 1058 1103 1121 Hinc
1132 1050 1288 1142 parerat

110 1184 278 1250 admittere
308 1181 531 1268 probationem
566 1180 799 1253 subsidiariam,
825 1180 952 1245 scilicet
984 1186 1118 1266 praeter
1141 1179 1204 1245 duo
1226 1180 1287 1245 mi-

109 1309 217 1373 racula
248 1307 415 1372 ordinaria
438 1306 593 1389 requisita
615 1304 679 1369 alia
702 1303 874 1369 admittere
904 1310 1067 1388 tamquam
1098 1306 1191 1390 signa
1221 1322 1287 1368 non

109 1433 198 1498 dubia
234 1432 362 1497 divinae
393 1430 579 1495 voluntatis.
615 1428 775 1493 Miracula
809 1434 917 1494 autem
949 1450 1077 1515 semper
1107 1426 1288 1495 attestanda

110 1565 181 1624 sunt
202 1580 263 1644 per
286 1564 385 1623 testas
409 1557 448 1621 de
471 1558 553 1639 visu.

193 1688 231 1751 In
257 1685 348 1749 hisce
371 1682 575 1770 processibus
605 1680 778 1767 aliquando
807 1680 898 1746 locus
925 1680 1093 1745 faciendus
1115 1684 1165 1745 est
1187 1696 1285 1742 exce-

108 1786 215 1895 ptioni,
234 1810 274 1875 de
298 1828 361 1893 qua
384 1812 519 1875 cavetur
542 1808 575 1871 in
594 1808 643 1872 tit.
674 1807 715 1873 Ut
737 1806 793 1871 tite
815 1826 887 1872 non
910 1811 1095 1873 contestata
1117 1824 1186 1870 non
1205 1823 1288 1888 pro·

105 1938 246 2004 cedatur
257 1936 304 2001 od
320 1935 453 2000 testium
468 1934 695 2017 receptionem
708 1938 738 1997 et
753 1932 801 1997 od
815 1932 1017 1997 senitentiam
1034 1932 1242 2018 definitivam
1254 1934 1290 1999 X

105 2062 159 2146 (ll.
177 2062 222 2146 6).
249 2060 308 2135 Qui
326 2032 437 2125 titulus
459 2056 611 2144 prohibet
626 2078 667 2121 ne
683 2062 782 2123 testes
805 2055 980 2121 audiantur
1002 2061 1077 2121 ante
1100 2056 1190 2121 litem
1214 2076 1287 2123 con·

104 2190 263 2258 testatam,
288 2182 344 2249 sed
368 2200 525 2267 expresse
548 2182 659 2247 statuit
689 2200 782 2246 casus
813 2183 1024 2266 exceptionis,
1051 2180 1165 2264 quibus
1187 2186 1286 2247 testes

103 2309 207 2374 audiri
243 2311 376 2394 possunt
409 2304 654 2371 valetudinarii
687 2324 799 2381 senes,
832 2311 888 2371 aut
921 2304 986 2370 alio
1015 2306 1219 2392 interanea,
1244 2328 1286 2373 ne

97 2433 321 2517 probationes
339 2435 487 2515 pereant
510 2450 567 2495 seu
582 2430 621 2494 ad
640 2430 799 2515 suturam
821 2431 874 2496 rei
896 2431 1109 2498 memoriam.
1133 2432 1170 2497 In
1195 2432 1286 2499 hisce

101 2557 207 2621 causis
228 2553 508 2638 frequentissimus
524 2557 573 2617 est
588 2571 682 2617 casus
698 2552 909 2636 exceptionis,
925 2554 1001 2637 quia
1016 2552 1145 2618 dubium
1162 2554 1202 2619 de
1218 2558 1286 2620 vir·

100 2678 222 2745 tutibus
247 2682 303 2744 aut
324 2674 491 2741 miraculis
512 2694 577 2741 non
602 2676 743 2761 agitatur
766 2674 851 2761 apud
874 2676 906 2741 S.
923 2674 1035 2761 cong„
1054 2678 1116 2741 nisi
1135 2678 1287 2762 quinqua·

100 2802 189 2886 ginta
222 2801 300 2864 anni
332 2800 397 2865 sint
423 2796 538 2882 dilapsi
571 2797 611 2863 ab
646 2797 735 2863 obitu
758 2799 846 2865 servi
877 2799 945 2864 Dei.
978 2799 1119 2885 Expedit
1140 2820 1221 2865 vero
1245 2800 1285 2864 ob

101 2926 259 2989 maiorem
282 2926 508 2989 auctoritatem
531 2944 703 3009 processus
726 2924 892 3009 apostolici
916 2928 1015 2989 testes
1038 2924 1152 2990 audire
1175 2944 1217 2990 ex
1233 2944 1286 2990 au-

99 3050 254 3113 ctoritate
286 3047 478 3133 apostoliam
506 3066 608 3130 quare
639 3046 671 3109 in
703 3046 772 3111 istis
799 3046 942 3120 casibus,
967 3048 1075 3112 statim
1108 3068 1148 3113 ac
1182 3048 1285 3113 intro-

100 3172 198 3241 ducta
224 3178 275 3239 est
298 3192 396 3239 causa
419 3171 503 3257 apud
527 3172 557 3237 S.
583 3170 709 3252 Sedem‚
735 3172 920 3237 Postulator
946 3175 1046 3238 instat
1068 3180 1103 3238 ut
1125 3174 1285 3240 habeatur

95 3316 283 3380 processus
305 3294 510 3379 apostolicus
532 3294 755 3371 incohatione,
772 3315 813 3360 ne
829 3293 1035 3381 probatipnes
1050 3302 1196 3383 pereant.
1222 3299 1286 3363 Hic

97 3440 278 3506 processus
293 3424 341 3485 est
359 3416 583 3493 inchoatione,
600 3418 674 3502 quia
695 3419 837 3503 excipiet
851 3418 1130 3497 continuativam,
1147 3420 1283 3506 quando,

97 3544 260 3610 absolutis
292 3542 395 3609 dubiis
426 3560 530 3625 anper
556 3562 627 3609 non
658 3543 750 3626 enlin
778 3542 935 3625 etfama
968 3544 1006 3608 in
1032 3564 1174 3631 penere,
1207 3565 1285 3611 con-

97 3670 281 3737 struendus
315 3672 380 3735 erit
409 3689 581 3756 processus
615 3669 809 3754 apostolicus
848 3672 881 3733 in
919 3671 1033 3736 formis
1067 3674 1239 3737 consuetis.
1265 3708 1285 3720 ·

96 3798 225 3864 Omnes
251 3798 305 3880 qui
328 3796 493 3881 processui
515 3795 706 3889 incbootieo
730 3799 857 3881 partem
881 3796 1010 3871 habent,
1036 3798 1216 3863 iuramento
1233 3796 1285 3862 de

95 3922 297 3987 vinciuntur¹
320 3919 359 3985 de
388 3918 548 3985 servando
579 3925 716 4001 secretu,
741 3919 845 3985 donec
867 3920 973 3986 altera
999 3940 1076 4006 pars
1103 3940 1284 4006 processus,

94 4048 151 4130 qui
179 4045 307 4111 dicitur
342 4043 607 4121 continuatione,
640 4042 760 4131 publici
792 4045 874 4109 iuris
902 4064 968 4109 una
1003 4065 1075 4112 cum
1107 4048 1168 4111 isto
1199 4045 1287 4112 sacta

93 4190 161 4235 non
186 4168 302 4235 fuerit.

188 4328 234 4399 (l)
259 4326 447 4396 Praescriptio
473 4325 556 4381 hnins
584 4326 687 4381 decreti
716 4325 873 4396 applicatur
898 4343 999 4382 causas
1025 4327 1081 4381 iam
1109 4327 1285 4382 introductae

92 4431 284 4491 Venerabilis
301 4430 421 4488 loannes
440 4432 470 4485 D'
481 4434 563 4487 Areo.
