3292 5109
253 274 320 339 200
629 239 638 254 .
782 295 867 343 raus
891 295 928 341 11.

342 414 394 480 Ad
416 421 539 482 rectam
563 416 808 502 intelligentiam
831 417 997 482 larticuli
1021 416 1102 482 nihil
1126 415 1306 482 addendum
1329 420 1387 481 eut

218 575 221 581 ·
339 540 380 604 ln
404 546 465 606 art.
490 542 511 607 8
535 540 737 618 advertatur,
761 542 816 608 hic
839 542 991 607 revocari
1025 543 1219 629 principium
1244 543 1325 608 iuris
1348 562 1438 609 com·

251 666 366 747 munis,
384 686 499 754 nempe
522 667 606 753 quod
630 669 730 734 semel
754 673 935 735 contestata
958 670 1146 753 quaestione
1172 672 1205 734 in
1228 668 1345 735 iudicio
1367 670 1440 755 agi·

253 786 461 860 tantunaco
483 791 600 856 mutari
623 811 689 855 non
713 792 823 878 possit,
840 792 902 856 nisi
921 792 1027 856 altera
1041 812 1118 877 pars
1143 786 1334 863 consentiat,
1349 810 1438 876 quae

252 908 388 995 proinde
411 908 606 977 iudicialiter
622 912 798 999 prohibere
814 918 921 999 potest
935 932 1169 997 quamcumque
1184 912 1251 979 litis
1266 932 1325 979 seu
1339 910 1439 979 dubii

252 1034 515 1100 reformationem
532 1036 564 1099 in
576 1042 680 1119 parte
698 1036 926 1103 substantiali.
951 1038 990 1102 In
1006 1043 1100 1122 parte
1116 1039 1202 1101 enim
1218 1036 1436 1111 accidentali,

253 1174 336 1238 quae
359 1157 482 1222 scilicet
505 1176 569 1221 non
596 1160 701 1244 tangit
732 1160 892 1224 rationem
923 1162 1176 1241 controversiae,
1200 1159 1309 1243 aliqua
1332 1158 1440 1223 refor-

253 1282 350 1345 matio
377 1300 398 1345 a
424 1281 529 1347 iudice
558 1281 692 1347 concedi
716 1282 819 1365 valet,
845 1282 942 1347 etiam
972 1282 1077 1348 altera
1107 1289 1200 1367 parte
1231 1281 1383 1347 inaudita
1414 1318 1437 1332 -

255 1410 463 1475 Revocentur
486 1411 617 1493 quaein
637 1415 731 1495 parte
755 1385 901 1495 generali
925 1409 1012 1475 dicta
1035 1419 1111 1476 sunt
1130 1410 1172 1475 dc
1191 1410 1259 1474 litis
1274 1414 1439 1477 canusia

253 1534 352 1610 tione,
371 1540 402 1600 et
422 1536 580 1618 quomodo
597 1534 728 1601 libellus
742 1540 815 1621 post
838 1535 927 1599 litem
947 1539 1160 1600 contestatam
1183 1539 1288 1618 potest
1310 1534 1437 1619 corrigi

252 1682 310 1726 seu
334 1661 586 1727 accidentaliter
607 1660 751 1737 uariari,
769 1680 835 1725 non
860 1681 938 1726 vero
961 1660 1227 1727 substantialiter
1249 1658 1388 1725 matari.

343 1784 482 1850 Articuli
506 1785 527 1849 9
551 1791 584 1850 et
610 1784 651 1849 10
674 1786 874 1870 prospiciunt
904 1784 1025 1851 duobus
1057 1785 1186 1850 casibus
1213 1804 1279 1849 non
1302 1788 1437 1850 secutae

253 1911 512 1977 concordationis
534 1910 630 1976 dubii.
658 1912 727 1977 Non
752 1911 971 1977 concordatur

344 2037 375 2120 l)
398 2037 438 2103 ob
463 2040 598 2124 partium
627 2038 822 2104 discordiam
847 2038 880 2103 in
904 2038 1149 2105 determinanda
1171 2037 1258 2103 dubii
1281 2038 1435 2119 formula,

254 2168 285 2225 et
311 2168 389 2227 tnnc
420 2160 506 2227 dubii
530 2161 736 2227 concordatio
759 2159 795 2227 fit
818 2180 864 2228 ea
885 2161 994 2246 officio
1019 2159 1187 2233 uindice,
1213 2162 1341 2248 integra
1364 2180 1436 2226 ma-

252 2292 350 2353 nente
373 2286 516 2372 partibus
540 2286 694 2353 facultate
717 2285 848 2352 dubium
873 2288 1071 2371 propositum
1094 2285 1195 2351 veluti
1217 2286 1435 2371 incongruum

252 2415 285 2475 et
300 2412 543 2476 controversiae
559 2430 622 2474 non
640 2410 841 2495 respondens
860 2408 1068 2495 impugnandi
1093 2408 1178 2494 apud
1201 2409 1300 2475 Emos
1317 2409 1436 2473 Patres
1518 2481 1523 2487 ,
1645 2486 1646 2491 ¹

253 2535 286 2597 in
309 2533 463 2618 plenariis
486 2534 622 2599 comitiis
645 2532 859 2609 coadunatim

342 2656 376 2739 2)
399 2656 485 2722 alter
507 2676 601 2722 casus
618 2662 667 2722 est
688 2676 753 2721 non
777 2640 928 2722 obtentae
951 2656 1211 2723 concordationis
1235 2654 1322 2720 dubii
1344 2655 1436 2721 inter·

248 2784 366 2864 portes
397 2781 633 2847 contendentes
656 2779 695 2843 ob
721 2780 1092 2853 unius.contumaciam.
1125 2780 1232 2854 Tunc,
1257 2798 1302 2844 en
1324 2778 1434 2862 affine

252 2901 439 2986 proceditur
461 2900 502 2966 ad
524 2900 802 2967 determinandum
835 2900 964 2967 dubium
996 2921 1070 2966 cum
1093 2905 1186 2985 parte
1209 2898 1433 2985 diligentiore,

252 3026 440 3092 adversaria
462 3027 605 3093 absente.
634 3026 756 3092 Deinde
779 3028 866 3112 parti
890 3027 1072 3092 contumaci
1096 3025 1312 3091 denunciatur
1335 3044 1434 3110 roga-

251 3158 319 3217 tum
343 3152 481 3225 dubium.
500 3158 533 3217 et
547 3151 615 3217 dies
636 3150 832 3218 definitionis
856 3171 982 3228 causae,
1007 3152 1053 3216 illi
1078 3171 1142 3215 nou
1166 3151 1254 3215 facta
1276 3155 1434 3236 potestate

252 3274 383 3341 dubium
417 3276 560 3341 mutandi
583 3276 640 3341 sed
663 3276 883 3341 tantummodo
907 3295 941 3341 se
964 3276 1157 3341 defendendi
1184 3274 1268 3362 apud
1290 3276 1434 3358 plenam

253 3401 549 3486 conqrcqationena
574 3402 677 3467 relate
693 3401 732 3466 ad
749 3400 879 3467 dubium
893 3403 928 3466 in
944 3402 1013 3467 eius
1029 3401 1173 3468 absentia
1190 3400 1431 3467 concordatum.

342 3525 434 3589 Inter
464 3530 635 3608 sequentes
663 3526 836 3597 articulos,
868 3524 938 3591 15¹¹³
964 3523 1077 3591 definit
1110 3544 1268 3608 quaenam
1291 3526 1333 3589 sit
1355 3543 1434 3609 pars

252 3652 443 3723 contumax;
469 3649 556 3713 hunc
579 3650 668 3713 iuvat
691 3648 786 3714 modo
810 3648 953 3715 referre:

341 3773 415 3839 Art.
432 3773 483 3839 15.
513 3773 630 3836 «Pars
654 3778 832 3839 contumax
856 3772 912 3837 illa
935 3771 1115 3843 habebitur.
1133 3789 1215 3856 qnae
1240 3771 1302 3835 rite
1326 3770 1359 3832 in
1384 3771 1434 3835 ins

252 3902 366 3963 vocata
388 3896 562 3964 nullimode
587 3900 768 3982 comparuit
792 3917 897 3982 neque
920 3898 1007 3962 inter
1031 3895 1211 3982 praefixum
1233 3902 1361 3982 tempus
1383 3897 1433 3961 al·

251 4021 429 4108 legationes
453 4022 600 4089 exhibuit
622 4027 678 4089 aut
701 4024 834 4113 petitam
858 4021 1041 4087 dilationem
1065 4041 1130 4085 non
1153 4021 1342 4086 obtinuit».
1367 4020 1433 4084 Ar-

251 4148 367 4214 ticulus
382 4149 586 4233 amplectitur
603 4150 840 4214 contumaciam
860 4147 964 4231 quoad
980 4168 1091 4234 omnes
1107 4146 1214 4211 iudicii
1231 4152 1359 4232 partes3
1375 4141 1435 4210 sed

252 4292 317 4338 non
340 4273 486 4338 meminit
509 4292 550 4337 an
574 4273 613 4337 ad
638 4271 895 4339 constituendam
927 4273 1161 4336 contumaciam
1196 4290 1259 4335 nna
1284 4270 1435 4352 simplest

252 4400 436 4482 requiratur
452 4398 561 4463 citatio
578 4403 633 4462 aut
649 4397 777 4481 triplam
800 4400 857 4461 aut
880 4416 945 4461 una
964 4397 1223 4480 peremptoria3
1247 4396 1302 4462 sed
1318 4395 1434 4481 praxis
