3292 5109
252 294 254 299 ·
275 256 341 325 316
794 284 879 332 ruas
903 282 938 330 11.

274 401 468 486 probentur3
504 404 537 466 in
568 404 640 467 foro
671 424 751 469 vero
786 407 915 469 interno
945 404 1123 471 attenditur
1156 404 1304 487 veritam
1338 403 1456 487 quippe

274 525 428 595 homines
444 530 561 595 vident
583 550 624 595 eu
647 550 735 615 qnae
753 538 891 614 parent,
914 534 1006 598 Deus
1028 536 1143 597 autem
1166 531 1317 595 intuetur
1338 548 1408 595 cor.

363 650 438 717 265.
465 653 614 717 Iamvero
637 654 893 739 quamplurimae
916 655 1088 721 facultates
1103 674 1190 719 nunc
1206 671 1381 717 concessae
1396 651 1457 715 Da-

272 772 377 837 tariae
400 780 433 840 et
456 775 659 843 Secretariae
676 778 830 843 Brevium
845 799 905 864 pro
922 778 1212 864 dispensationibus
1232 774 1457 861 impertiendis

274 896 308 963 in
333 898 459 965 casibus
482 921 547 967 non
571 904 705 971 occultis
729 910 762 970 et
785 904 856 968 aliis
879 903 1059 969 huiusmodi
1084 901 1321 988 provisionibus
1345 900 1456 965 decer-

274 1027 398 1103 nendis,
423 1034 518 1094 antea
549 1030 821 1095 Poeniteutiariae
853 1030 1086 1116 competebant.
1112 1032 1190 1095 Pius
1214 1030 1262 1095 IV
1286 1026 1329 1115 (†
1356 1026 1456 1111 1565)

273 1168 448 1235 aggressus
472 1157 520 1221 est
544 1152 816 1221 Poeniteutiariae
841 1154 1114 1224 reformationem,
1129 1172 1223 1234 quam
1247 1150 1287 1215 ad
1311 1156 1455 1234 optatum

275 1274 397 1337 exitum
414 1275 638 1359 perduxerunt
656 1278 687 1343 S.
707 1279 782 1341 Pius
799 1279 831 1343 V
852 1280 885 1341 in
906 1279 1013 1343 Const.
1040 1278 1082 1341 In
1105 1273 1457 1347 omnibus,an.1569

275 1404 308 1464 et
330 1400 480 1465 Urbanus
504 1401 606 1475 Vlll‚
632 1403 739 1468 Const.
765 1404 955 1490 Repimirei,
980 1402 1169 1475 an.1634,
1194 1422 1233 1465 eo
1260 1402 1454 1486 praesertim

273 1528 408 1593 consilio
436 1532 470 1592 ut
497 1528 684 1594 adiudicatis
714 1532 987 1597 Poeniteutiariae
1011 1532 1148 1615 negotiis
1172 1531 1292 1594 interni
1316 1530 1396 1600 fori,
1422 1532 1457 1595 et

274 1647 469 1715 Officialium
494 1650 700 1734 qualitatibus
716 1656 748 1717 et
765 1653 950 1717 muneribus
969 1655 1029 1715 rite
1045 1629 1288 1723 determinatis,¹
1299 1651 1363 1715 alia
1383 1651 1454 1714 fere

274 1752 427 1839 unibersa
451 1777 579 1840 externi
606 1776 666 1840 fori
691 1779 819 1861 negotia
850 1778 943 1844 alteri
969 1775 1086 1844 Officio
1110 1776 1368 1842 attribuerentur
1391 1795 1454 1860 quo

274 1896 401 1961 facilius
418 1896 494 1962 illud
513 1896 668 1963 Tribunal
685 1902 714 1963 in
734 1901 868 1966 salutern
886 1903 1065 1964 animarum
1083 1906 1183 1965 totum
1200 1899 1412 1967 incumberet.
1434 1936 1453 1949 ·

275 2020 393 2084 Postea
417 2040 475 2104 pro
506 2026 687 2105 temporum
716 2022 916 2107 aliorumque
946 2024 1171 2088 adiuncturum
1203 2026 1452 2109 opportunitate.

274 2147 351 2213 huic
367 2150 456 2233 operi
473 2168 586 2213 manus
602 2148 814 2215 admoverunt
831 2156 863 2215 et
877 2152 1083 2215 Innocentius
1097 2152 1161 2215 XII
1179 2158 1212 2215 et
1224 2150 1373 2214 Clemens
1386 2150 1452 2215 XlI

274 2277 307 2337 et
330 2293 513 2356 supremam
538 2273 636 2338 veluti
662 2294 789 2337 inanum
814 2276 963 2359 imposuit
988 2274 1180 2339 Benedictus
1204 2274 1288 2339 XIV
1311 2276 1343 2337 in
1368 2273 1453 2339 Gon·

274 2395 490 2462 stitutionibus
507 2396 631 2461 Pastor
647 2396 773 2469 Boreas,
792 2431 810 2444 -
828 2397 870 2459 la
886 2398 1110 2478 Apostolicue,
1129 2432 1146 2444 -
1167 2396 1327 2467 Quamvis
1345 2396 1417 2459 ium
1434 2430 1452 2443 ·

273 2524 308 2587 et
330 2520 529 2587 Pastoratis.
563 2521 648 2586 Hinc
676 2518 828 2586 Officium
861 2522 1134 2586 Poeniteutiariae
1165 2522 1373 2586 constitutum
1405 2524 1455 2584 est

273 2648 345 2713 fere
369 2647 534 2713 exclusive
558 2668 617 2733 pro
643 2648 721 2731 soro
748 2649 880 2713 interno
904 2650 1020 2732 quippe
1044 2668 1147 2733 pauca
1174 2647 1394 2712 tantummodo
1422 2651 1456 2711 et

274 2797 317 2843 ex
340 2780 496 2861 potestate
520 2774 781 2839 extraordinaria
802 2775 933 2859 expedit
956 2777 1086 2860 negotia
1108 2774 1242 2840 emicui
1263 2774 1356 2855 lbri:
1380 2791 1454 2856 quo
1561 2790 1565 2796 ·

273 2899 365 2965 circa
395 2897 505 2980 explet
536 2896 654 2961 Summi
682 2894 849 2961 Pontificis
891 2916 987 2960 curas
1021 2896 1183 2981 vigilantis
1215 2898 1389 2980 praecipue
1420 2898 1453 2959 iu

274 3018 562 3085 sanctificationem
587 3019 785 3104 singulorum
810 3017 961 3083 fidelium.

256 3178 259 3185 ·
363 3138 439 3204 266.
465 3140 654 3205 Constitutio
672 3146 703 3204 et
719 3144 838 3204 natura
860 3140 955 3204 huius
971 3138 1141 3204 tribunalis
1157 3138 1253 3223 plene
1268 3138 1454 3223 explicatur

273 3272 306 3332 et
330 3263 480 3389 defipitur
504 3266 597 3330 Bulla
621 3266 740 3331 Bened.
766 3264 859 3341 Xll',
884 3267 926 3330 fn
950 3266 1173 3348 Apustctieue.
1198 3266 1347 3329 larurero
1372 3263 1453 3330 Offi-

274 3390 358 3453 cium
385 3389 658 3453 Poenitentiariae
683 3392 891 3462 constituunt,
909 3392 942 3453 in
966 3391 1086 3474 primis,
1109 3390 1215 3452 Maior
1238 3389 1455 3453 Poeniteutia-

273 3518 351 3597 riae,
370 3522 402 3581 et
426 3518 555 3601 Regens
573 3514 628 3602 (l).
655 3516 714 3580 His
737 3537 870 3602 operam
895 3516 971 3579 dant
995 3516 1186 3601 Theologus,
1212 3516 1371 3589 Ualerius,
1397 3515 1453 3579 Ga·

363 3763 401 3833 (l)
423 3764 670 3817 Poeniteutiariam
690 3780 755 3817 vore
774 3763 949 3816 constituunt
968 3763 1094 3831 apprime
1113 3762 1350 3816 Poeniteutiariae
1364 3764 1456 3817 Maior

273 3872 303 3933 et
321 3869 380 3921 eius
400 3856 527 3921 Vicsrius
540 3885 589 3923 seu
608 3868 726 3937 degens,
743 3870 846 3939 quippe
862 3867 890 3920 hi
908 3867 1012 3922 habent
1028 3868 1169 3936 appositas
1185 3867 1334 3921 facultates
1353 3885 1456 3940 easque

272 3979 420 4037 exercent3
439 3972 488 4026 alii
513 3977 578 4026 sunt
603 3972 682 4043 quasi
707 3974 882 4028 consultores
904 3976 934 4026 et
955 3974 1098 4026 adiutores
1118 3972 1329 4027 poenitentiarii
1349 3978 1378 4027 et
1398 3974 1456 4037 Re·

273 4078 373 4147 gentis.
388 4078 426 4130 At
439 4078 504 4147 quia
518 4078 631 4146 negotiu
648 4078 777 4147 grauiora
792 4078 964 4148 praesertim
984 4077 1068 4130 dubia
1086 4076 1210 4145 expediri
1224 4077 1326 4130 debent
1338 4076 1367 4129 in
1380 4076 1455 4131 can-

205 4190 214 4202 “
272 4200 369 4253 gressu
382 4200 432 4238 seu
450 4184 479 4237 in
500 4185 660 4254 Sipontum,
678 4186 768 4255 quoad
788 4186 899 4239 modum
918 4184 1065 4239 decisionis
1084 4184 1153 4238 baec
1171 4184 1257 4240 hebet
1274 4184 1374 4238 Bened.
1389 4184 1456 4238 xlv

273 4286 300 4340 in
327 4287 419 4342 (loust.
447 4288 481 4340 ln
500 4291 595 4359 Apost.
615 4290 721 4343 Posuit.
747 4292 833 4355 521:
852 4304 870 4342 ‹<
889 4290 919 4341 ln
945 4289 1096 4357 Signatum
1120 4290 1357 4344 Poeniteutiariae
1381 4306 1455 4360 qliae

270 4398 389 4453 alternis
407 4398 594 4464 hebdamadis,
613 4398 657 4453 die
677 4416 726 4468 per
745 4400 881 4454 Maiorem
902 4398 1141 4452 Poeniteutiarum
1167 4397 1337 4467 designanda
1356 4398 1454 4453 haberi
