3292 5109
315 319 382 387 100
830 336 914 383 raas
938 336 974 382 n.

313 483 351 529 re
367 463 445 528 hinc
468 460 543 525 inde
560 479 735 547 perpensa;
763 459 848 544 quod
872 462 900 524 si
921 459 1012 524 nulla
1033 458 1222 545 praevaleat
1243 459 1412 531 sententia,
1437 458 1496 524 sad

312 588 401 654 inter
434 584 658 671 disputandum
691 604 744 649 res
775 584 909 671 gravior
930 584 1000 649 visa
1030 584 1088 655 sit,
1119 581 1269 648 defertur
1301 582 1497 647 resolvenda

308 716 435 799 plenae
463 710 729 800 congregationi.
758 711 821 778 Sed
844 717 913 777 tum
936 712 969 775 in
993 729 1178 797 conpressu
1201 714 1269 774 tum
1299 714 1396 774 extra
1418 729 1497 775 coa

311 858 471 927 pressam
494 836 602 903 omnia
617 835 826 900 resolvuntur
842 840 875 901 et
889 832 1087 899 definiuntur
1108 835 1237 899 nomine
1252 837 1286 897 et
1299 834 1499 899 auctoritate

313 962 581 1049 Congregalionis
598 980 655 1027 seu
671 958 890 1026 Cardinalium
906 958 1010 1023 eidem
1025 956 1244 1033 addictorum
1268 976 1370 1041 quare
1384 960 1499 1023 omnia

312 1090 397 1166 acta,
414 1104 497 1170 quae
520 1082 686 1148 continent
708 1082 828 1168 negotii
853 1078 1082 1161 definitionem,
1098 1079 1328 1146 adscribuntur
1350 1082 1494 1145 auctori-

311 1211 370 1275 tati
398 1208 681 1294 congregationis,
713 1226 778 1271 non
809 1207 965 1292 simplicis
996 1225 1192 1291 congressus
1224 1210 1281 1269 aut
1310 1204 1498 1271 Cardinalis

314 1331 489 1399 Praefecti.
1433 1320 1439 1332 '

402 1456 564 1521 Graviora
587 1455 725 1539 negotia,
750 1472 790 1517 ea
813 1454 967 1518 nimirum
990 1452 1162 1520 tractanda
1182 1458 1216 1518 et
1236 1451 1435 1516 absolvenda
1457 1453 1496 1517 in

306 1580 414 1662 plena
445 1578 724 1665 congregatione,
757 1582 997 1663 praeparantur
1026 1596 1047 1640 a
1078 1576 1280 1657 secretario,
1310 1576 1437 1641 collatis
1464 1578 1495 1642 si

311 1724 391 1790 opus
407 1706 449 1769 sit
464 1703 605 1769 consiliis
622 1722 694 1767 cum
712 1704 884 1769 Praesente
905 1705 938 1767 in
954 1721 1149 1789 conpressu.
1166 1722 1204 1767 eo
1220 1721 1317 1787 scopo
1336 1707 1373 1767 ut
1395 1722 1494 1785 quae

310 1827 372 1891 stio
400 1822 556 1891 offeratur
590 1824 812 1890 deliberationi
844 1823 1063 1891 Cardinalium
1097 1826 1257 1889 instructa
1290 1823 1497 1889 documentis

310 1970 455 2037 congrue
478 1952 672 2017 necessariis
694 1920 877 2016 definitiuae
901 1951 1099 2015 resolutioni.

400 2074 519 2141 Cetera
540 2074 704 2159 praviora
728 2074 860 2157 negotia
881 2090 964 2157 quae
987 2074 1235 2157 competentiam
1258 2072 1418 2139 excedant
1441 2094 1496 2139 cr·

310 2195 478 2269 dinariam‚
503 2216 523 2261 a
546 2197 729 2263 Secrelario
753 2201 992 2281 praeparantur
1006 2196 1211 2262 Audieatioe
1233 2194 1334 2263 SSmi
1356 2195 1397 2261 ab
1420 2197 1496 2282 ipso

310 2323 495 2389 Secretario
517 2323 570 2387 vel
594 2343 614 2387 a
636 2322 800 2389 Cardinali
825 2327 916 2386 certa
938 2321 990 2387 die
1015 2321 1201 2399 habendae;
1225 2329 1259 2388 et
1284 2327 1361 2388 tunc
1384 2324 1417 2385 in
1441 2322 1495 2388 lit·

310 2446 389 2511 teris
414 2447 631 2531 responsionis
654 2444 783 2510 additur
806 2444 952 2510 clausula
969 2464 988 2508 ‹
1005 2464 1050 2511 ccc
1069 2444 1246 2511 audientia
1262 2444 1363 2510 SSmi
1377 2451 1439 2512 etc.
1456 2467 1493 2521 s,

309 2587 416 2652 quum,
434 2588 452 2632 e
469 2574 593 2641 contra,
610 2570 754 2634 insertur
769 2568 915 2634 clausula
933 2590 952 2629 ‹
967 2568 1085 2655 cipere
1097 2568 1302 2652 facultatum
1319 2575 1412 2634 etc.»
1429 2569 1490 2656 (l),

190 2736 194 2745 .
309 2691 336 2754 si
361 2691 525 2756 concessio
549 2691 636 2756 facta
666 2693 707 2755 sit
734 2710 777 2756 ex
808 2691 984 2755 ordinariis
1014 2691 1128 2776 quibus
1151 2693 1252 2777 pollet
1282 2692 1495 2764 facultatibus

308 2813 340 2880 S.
368 2813 593 2900 Congregatio

398 2940 673 3027 Congregationes
689 2938 909 3007 cardinalium
932 2947 1175 3026 praeparantes,
1194 2942 1258 3007 hac
1280 2944 1416 3015 ratione,
1434 2963 1491 3009 ne

308 3069 396 3153 gotia
419 3067 623 3135 Audieatiae
643 3066 751 3139 ssmi.
772 3086 909 3131 munere
932 3066 1113 3153 iunguntur
1132 3068 1326 3153 signaturae
1342 3069 1492 3151 Gratiae,

307 3193 340 3257 in
363 3212 426 3277 qua
449 3192 656 3279 agitabantur
678 3195 807 3279 negotia
830 3194 1037 3276 exquirentis
1060 3194 1163 3279 ipsum
1189 3195 1298 3279 Papae
1320 3214 1489 3260 assensum

306 3335 366 3400 pro
390 3317 495 3401 gratia
522 3323 577 3380 aut
604 3316 842 3402 dispensatione
867 3314 1083 3381 concedenda.

396 3440 449 3505 97.
474 3440 766 3527 congregationes,
791 3442 909 3526 quippe
932 3448 1006 3506 sunt
1032 3460 1183 3527 suprema
1206 3426 1407 3528 dycas'teria
1432 3462 1490 3508 ne

306 3564 393 3649 gotia
416 3570 517 3651 agunt
532 3584 614 3650 quae
630 3584 702 3629 cum
719 3564 831 3649 primis
854 3563 988 3630 subsunt
1004 3567 1179 3651 cognitioni
1194 3572 1228 3631 et
1242 3567 1374 3633 notitiae
1391 3566 1488 3633 Ordi-

306 3690 390 3753 narii
405 3689 484 3765 loci;
502 3689 710 3773 quamobrem
726 3687 766 3753 de
782 3687 872 3752 nulla
887 3708 926 3753 re
942 3690 1060 3773 aliquid
1084 3696 1238 3763 statuunt,
1255 3690 1397 3756 inaudito
1420 3691 1488 3757 loci

306 3814 480 3881 Ordinario
503 3814 543 3879 ad
567 3835 661 3899 quem
685 3817 850 3902 negotium
869 3821 993 3904 spectat
1008 3813 1073 3902 (2);
1096 3820 1130 3881 et
1153 3816 1230 3882 hinc
1254 3819 1408 3901 cuiusque
1432 3835 1490 3882 ne

394 4024 434 4097 (l)
455 4026 606 4079 Brevitatis
631 4028 723 4096 gralia
748 4028 776 4081 in
802 4029 945 4098 rescriptis
969 4027 1041 4083 solet
1066 4028 1164 4082 referri
1188 4029 1305 4083 verbum
1331 4030 1432 4098 Vipera
1456 4034 1487 4084 et

305 4133 375 4189 nihil
400 4134 488 4201 aliud;
507 4135 579 4207 quod
604 4137 719 4190 verbum
745 4141 787 4191 est
812 4136 923 4191 initium
949 4138 1076 4207 integrae
1101 4138 1311 4207 propositionis,
1336 4136 1488 4191 nimirum:

313 4241 413 4311 Vipera
433 4242 600 4311 facultatum
619 4243 716 4311 quibus
733 4242 823 4311 pollet
845 4244 871 4295 S.
895 4242 1087 4311 congregatio,
1107 4245 1269 4298 conceditur
1286 4248 1340 4298 etc.

392 4348 431 4417 (¹2)
453 4347 510 4400 Hac
522 4347 556 4401 de
569 4363 653 4401 causa
671 4346 839 4418 quicumque
858 4348 973 4403 libellus
990 4349 1107 4419 supplex
1126 4350 1155 4403 in
1170 4350 1357 4405 Protocollum
1377 4350 1490 4407 relatus

303 4450 486 4520 distinguitur
505 4468 567 4503 cuni
587 4450 683 4521 primis
702 4452 813 4506 nomine
835 4422 973 4507 llioecesis
992 4452 1129 4524 adquam
1148 4458 1243 4507 orator
1262 4454 1391 4525 pertinet
