3292 5109
449 254 453 267 Ι
481 287 525 333 DE
549 287 688 335 IUDICllS
712 288 978 336 ECCLESIASTICIS
1264 269 1332 336 265

151 404 305 492 Nepotiis
320 406 565 474 Ecclesiasticis
579 406 692 495 Rapui
709 408 913 484 Galliarum,
930 428 1013 492 quae
1030 411 1127 475 etiam
1143 409 1333 477 Inst'tutore

152 532 220 596 rita
243 532 355 597 functo
377 551 471 598 suum
501 552 617 599 munus
647 536 820 618 prosecuta
843 538 893 600 est
916 534 1080 618 usquead
1103 554 1133 600 a.
1160 534 1246 600 1809
1269 554 1332 619 quo

154 656 234 721 Pius
249 657 315 723 Vll
333 656 372 721 ab
389 657 476 724 Urbe
498 679 561 743 per
582 660 648 725 vim
671 658 802 724 avulsus
825 658 899 725 fuit.
924 658 987 724 Hic
1008 659 1172 733 Pontifex,
1190 664 1262 746 post
1283 660 1334 725 fe-

152 781 249 847 licem
273 782 305 847 in
330 781 450 849 Urbem
474 782 612 848 reditum
638 803 667 849 a.
687 784 773 850 1814
797 784 1091 869 congregationem
1114 786 1252 850 instituit
1273 802 1351 860 ne<

153 906 254 992 petiis
269 906 512 972 Ecclesiasticis
529 906 777 991 praepositam,
798 925 882 991 quae
898 911 1007 972 tamen
1028 926 1127 991 usque
1142 907 1182 971 ad
1197 928 1228 972 a.
1247 907 1334 973 1827

155 1028 317 1114 appellata
340 1029 417 1094 fuit:
447 1028 549 1117 Oonp.
574 1031 860 1097 entraordinaria
879 1033 1081 1115 praeposita
1103 1032 1334 1119 1999111189-

156 1154 349 1221 olesiastieis
386 1154 483 1223 Orbis
520 1155 692 1223 Catholici.
732 1156 888 1231 Quamvis
926 1156 1010 1222 haee
1048 1156 1149 1243 (long.
1189 1156 1335 1224 considat

157 1277 294 1362 negotiis
325 1278 631 1355 entraordinariis,
661 1278 869 1344 nihilominus
899 1298 943 1344 ex
969 1280 1149 1344 intentione
1180 1279 1229 1345 sui
1260 1277 1335 1342 fun·

157 1404 280 1469 datoris
303 1409 351 1471 est
374 1404 556 1470 ordinaria
580 1410 612 1471 et
630 1410 813 1489 perpetua,
839 1404 994 1489 siquidem
1017 1404 1173 1471 eiusmodi
1196 1405 1335 1491 negotia,

160 1531 241 1595 malo
273 1529 357 1610 fata,
382 1548 544 1614 nunquam
568 1528 723 1611 deerunt,
748 1531 793 1595 uti
825 1532 921 1595 etiam
947 1530 978 1595 in
1009 1531 1221 1616 praeteritum
1251 1548 1336 1592 nun-

159 1674 251 1739 quam
281 1654 470 1728 defuerunt,
495 1654 536 1719 ad
559 1674 642 1737 quae
664 1638 867 1739 expedienda
893 1652 1043 1739 specialis
1069 1660 1103 1718 et
1127 1657 1338 1738 temporanea

160 1780 412 1848 constituebatur
435 1780 651 1867 Congregatio
676 1782 794 1848 Status.

247 1906 323 1972 217.
349 1906 472 1993 Scopus
495 1911 528 1972 et
551 1908 768 1992 competentia
790 1907 886 1973 huius
910 1908 1008 1992 Gong.
1033 1908 1078 1972 ita
1103 1906 1338 1971 determinatur

160 2028 192 2092 in
213 2028 331 2094 litteris
354 2048 374 2091 a
397 2026 560 2095 cardinali
586 2028 693 2093 Pacca
717 2028 901 2094 secretario
917 2028 1024 2095 Status
1047 2029 1159 2095 italice
1182 2028 1264 2093 datis
1286 2026 1338 2091 die

162 2152 202 2217 19
227 2152 302 2217 Iulii
327 2152 423 2225 1814,
448 2152 489 2216 ad
512 2152 552 2217 R.
574 2153 611 2216 P.
630 2153 788 2227 Fontana,
812 2154 951 2237 primum
975 2152 1116 2219 eiusdem
1141 2155 1173 2220 S.
1190 2153 1225 2219 C.
1249 2174 1270 2217 a
1292 2172 1339 2217 se

160 2276 275 2343 cretis:
301 2294 319 2336 ‹
337 2273 508 2340 Sanctitas
531 2273 603 2341 Suu
625 2276 743 2341 statuit
767 2276 1073 2365 Conprepationem
1095 2278 1271 2343 instituere
1293 2294 1339 2341 eu

163 2398 405 2467 Cardinatibus
427 2404 458 2464 et
476 2400 730 2467 Consulton'bus
754 2403 994 2467 coalescentene
1074 2422 1096 2467 a
1112 2422 1182 2486 qua
1204 2408 1340 2469 inaure

160 2522 404 2588 eaaminentur
427 2540 468 2587 ea
490 2520 635 2609 nepotia,
658 2521 701 2588 ab
719 2520 805 2588 Orbe
824 2522 995 2590 Collatiae
1019 2524 1067 2589 ad
1091 2521 1125 2588 S.
1143 2524 1266 2590 Sectem
1284 2544 1339 2591 re·

160 2646 274 2719 missa,
300 2664 389 2729 quae
413 2644 491 2710 buia
509 2645 612 2731 Conp.
637 2645 889 2711 committantur
906 2666 975 2728 pro
1009 2652 1168 2713 enarntne
1191 2651 1222 2711 et
1244 2651 1340 2728 uoto;

162 2771 246 2837 adeo
269 2776 308 2835 ut
332 2768 502 2837 Sanctitas
525 2769 599 2835 Sua
623 2769 702 2835 cleia
724 2771 839 2836 valeat
860 2789 901 2837 ea
923 2772 1132 2854 respondere
1156 2790 1264 2855 eaque
1286 2770 1340 2835 de-

163 2898 308 2964 liberare
338 2916 427 2982 quae
460 2896 649 2963 mactentur
673 2915 696 2962 a
719 2896 819 2963 rectis
842 2902 875 2962 et
900 2897 1183 2981 prudentioribus
1212 2898 1342 2981 reputis

163 3026 192 3085 et
221 3023 301 3085 sunt
330 3022 556 3085 consentanea
587 3037 665 3083 cum
688 3018 870 3105 Pontificio
900 3017 1064 3103 dipnitate
1084 3038 1114 3081 a.
1144 3016 1236 3083 Unde
1263 3016 1341 3082 huie

164 3142 260 3227 Goug.
277 3141 475 3228 sinputatim
491 3142 621 3227 negotia
640 3143 923 3209 entraordinaria
940 3142 1062 3207 directe
1086 3142 1342 3207 committuntur

163 3286 183 3330 a
205 3267 236 3332 S.
262 3263 419 3332 Pontifioe
447 3272 482 3332 ut
512 3286 551 3331 ea
574 3272 752 3353 pertractet
775 3286 840 3331 non
863 3267 1034 3352 definitivo
1058 3268 1197 3344 iudicio,
1222 3265 1278 3333 sed
1302 3267 1342 3331 de

164 3392 201 3457 iis
224 3410 373 3459 examen
400 3391 545 3456 instituat
574 3399 606 3457 et
628 3396 738 3456 votum
766 3390 927 3477 proferat,
951 3410 1068 3475 nempe
1097 3391 1343 3473 conruttiouna5

164 3516 318 3600 siquidem
343 3514 497 3579 Pontifex
527 3514 586 3579 sibi
614 3515 797 3580 reservavit
819 3514 860 3579 de
883 3513 1013 3587 iisdem,
1038 3534 1096 3579 suo
1119 3516 1247 3578 nomine
1269 3533 1343 3580 res-

161 3640 315 3721 pondere
337 3642 370 3704 et
392 3636 591 3704 deliberare.
628 3672 645 3686 ·
680 3636 784 3701 Hodie
810 3657 891 3701 vero
925 3637 1008 3702 haee
1037 3637 1137 3723 cong.
1164 3642 1344 3721 pertractat

165 3766 320 3831 nonnulla
351 3765 480 3851 negotia
507 3769 619 3849 suapte
651 3768 769 3828 natura
792 3763 991 3838 ordinaria,
1016 3783 1098 3848 quae
1128 3764 1252 3830 scilicet
1279 3783 1344 3828 non

166 3894 194 3957 91
217 3892 461 3958 committuntur
483 3891 618 3977 singulis
648 3890 791 3971 vicibus,
820 3889 876 3955 sed
900 3896 1048 3974 spectant
1074 3891 1116 3956 ad
1148 3891 1345 3957 ordinariam

165 4018 472 4084 administrationem
508 4018 749 4101 provinciarum
781 4016 894 4083 ditioni
925 4016 1020 4080 huius
1052 4016 1152 4101 (long.
1183 4016 1343 4082 subiecta·

165 4156 253 4219 rum,
278 4138 385 4223 prouti
415 4138 503 4203 inira
533 4137 778 4225 explicabimus.
805 4172 822 4186 ·
849 4136 940 4211 Quae
972 4137 1070 4202 etiam
1102 4138 1234 4223 negotia
1263 4156 1345 4222 pure

165 4259 441 4326 administrativa
464 4280 521 4325 seu
543 4260 721 4327 caecutire
743 4262 812 4344 ipsa
827 4280 892 4323 non
916 4258 1048 4343 expedit
1071 4261 1265 4327 auctoritate
1288 4278 1346 4325 sua

166 4385 222 4451 sed
244 4406 305 4472 pro
328 4405 520 4470 unoquoque
543 4406 621 4451 casu
643 4385 827 4471 expostulat
854 4384 1078 4451 auctoritatem
1104 4384 1142 4449 R.
1169 4380 1346 4449 Pontificio.
