3292 5109
253 272 321 339 526
721 293 829 342 ltrnrtx
848 295 968 342 66666

254 411 335 464 modo
365 411 475 464 differat
505 413 541 466 ab
571 412 761 482 appellatione
789 420 818 469 et
926 414 1443 486 Resiudioato-quandohabestur

253 483 325 552 apud
344 498 426 552 quem
448 481 566 537 iudicem
592 485 817 554 propoponeoda,
872 485 977 555 gaudet
1002 488 1229 556 praesumptione
1255 488 1326 542 iuris
1350 497 1381 542 66
1404 490 1443 545 de

254 570 317 624 pag.
340 555 402 607 633.
428 583 443 593 -
468 553 537 614 Quid
565 559 657 610 tamen
682 558 713 610 in
739 559 816 625 praxi
873 559 942 620 iure,
962 574 1023 626 pag.
1042 559 1105 622 0383
1124 589 1140 599 -
1161 559 1253 612 locunt
1278 562 1443 616 nonhabet

252 627 306 680 lori
331 622 408 688 eccl,
434 641 495 693 pag.
519 625 615 680 631.-
642 626 756 688 Quando
779 629 817 681 sit
872 628 901 681 iu
914 629 1062 683 66666616
1077 631 1257 684 substantiali
1269 631 1380 685 deiectu
1393 633 1441 686 la-

252 695 439 837 136366
458 699 639 840 Bittide?
659 700 747 766 (nn
765 702 815 753 ⁸¹¹¹'
871 701 1441 843 ttttttttntt⁸uti.;t⁶.¹ttttt⁴u

871 858 935 910 pag.
953 843 1066 896 otu-42
1086 843 1254 898 -Nonnulli
1274 850 1368 899 tamen
1386 846 1440 901 de-

307 911 435 970 Quuestio
463 911 589 966 incidens
614 939 651 952 -
676 911 741 982 quid
769 912 815 978 sit,
870 915 961 968 sectius
978 916 1072 967 6666τί
1095 923 1211 983 possunt
1236 917 1440 972 ratihabitione

253 997 315 1050 666.
335 983 396 1042 536
413 982 508 1035 -oriri
524 984 814 1054 potestinitiolquae-
870 986 1001 1052 partium,
1024 1002 1087 1054 pag.
1105 985 1168 1039 639.
1188 1015 1204 1026 -
1222 986 1343 1047 Quinam
1364 990 1439 1044 666·

251 1054 306 1106 666
325 1055 548 1122 praeiudiciolis,
571 1059 764 1126 peremptorio
786 1059 815 1109 et
870 1063 933 1109 ctus
952 1058 992 1110 rei
1014 1057 1162 1123 iudicatas,
1182 1074 1245 1127 pag.
1264 1060 1327 1112 642.

249 1125 396 1190 dilatoria)
416 1124 443 1176 in
462 1127 564 1190 medio,
583 1128 612 1178 in
631 1127 687 1195 flue
708 1127 815 1191 iudicii,
1314 1185 1328 1202 ⁸

252 1213 316 1264 pag.
328 1197 390 1256 537;
404 1225 419 1235 -
433 1197 493 1250 eius
508 1213 658 1265 processus,
673 1213 734 1267 pag.
745 1198 813 1251 538·
923 1199 1069 1252 Restitutio
1081 1227 1119 1240 --
1131 1199 1171 1253 rei
1188 1204 1218 1253 et
1227 1201 1366 1254 fructuum
1376 1199 1440 1253 exi·

249 1267 294 1320 39.
314 1295 329 1306 ·
351 1267 521 1336 Praecipuae
539 1273 717 1338 quaestiones
742 1269 813 1322 inci·
868 1269 1122 1337 giturasententia
1135 1271 1362 1325 condemnatoris
1373 1271 1436 1325 sive

249 1337 356 1392 dentes:
375 1341 514 1392 recusatio
534 1339 640 1404 iudicis,
668 1357 730 1408 pag.
749 1340 811 1404 541,
868 1340 897 1392 in
911 1343 1202 1410 possessoriusivein
1221 1343 1358 1410 petitorio,
1378 1342 1436 1394 ali-

250 1438 267 1448 ·
296 1413 394 1463 tertius
422 1414 536 1464 ueniens
566 1411 610 1465 rel
644 1422 756 1465 vocotus
784 1413 814 1466 in
868 1416 912 1465 tar
930 1418 1025 1466 66666
1051 1413 1177 1467 restitnit
1203 1429 1342 1481 possessor
1365 1415 1392 1468 b.
1413 1415 1436 1466 f.

250 1497 343 1546 66666,
370 1497 431 1550 pag.
457 1482 519 1544 545;
542 1510 557 1521 -
581 1493 723 1548 attentato,
749 1499 811 1552 pag.
867 1487 897 1536 st
914 1483 999 1537 aliter
1017 1501 1053 1536 m.
1071 1485 1090 1536 f.
1113 1501 1259 1550 possessor,
1285 1501 1347 1552 666.
1370 1484 1436 1537 662.

248 1551 313 1616 5523
332 1581 347 1590 -
366 1555 550 1619 coritumacia,
569 1570 632 1623 pag.
651 1555 712 1614 55u
733 1583 747 1596 -
766 1571 812 1610 se·
868 1582 883 1593 -
904 1553 1049 1610 Possessor
1066 1571 1102 1607 m.
1120 1557 1138 1608 f.
1153 1572 1212 1608 rem
1224 1563 1362 1609 etonnes
1373 1557 1436 1608 fru-

247 1625 398 1692 questrutio
410 1626 612 1694 possessionum
623 1630 652 1679 66
661 1627 811 1692 fructuum,
866 1630 937 1690 ctus,
954 1641 1009 1679 nou
1028 1632 1139 1679 tantum
1157 1628 1266 1679 fructus
1282 1643 1301 1680 a
1320 1641 1392 1680 noro
1403 1631 1436 1681 66

250 1711 312 1764 pag.
337 1695 398 1756 5673
425 1697 571 1750 translatio
594 1697 691 1750 iudicii
713 1701 740 1749 et
765 1715 811 1751 re·
866 1696 991 1751 violento
1016 1713 1174 1766 pooeossme
1198 1704 1366 1767 perceptos,
1382 1697 1433 1752 sod

249 1766 393 1820 nunciatio
411 1767 570 1833 instantiae,
591 1784 653 1838 pag.
672 1769 734 1821 573.
865 1783 935 1837 quos
957 1783 1128 1836 possessores
1155 1778 1264 1823 veteres
1291 1769 1435 1838 percepis-

865 1845 936 1892 sent·
947 1839 1043 1908 iuopia
1056 1845 1149 1893 66666
1159 1847 1283 1904 excusat,
1295 1857 1356 1910 pag.
1366 1839 1430 1893 663

865 1937 881 1948 ·
902 1909 1021 1964 Fructus
1033 1912 1157 1980 percepti
1170 1913 1267 1964 statim
1280 1913 1354 1965 6666
1367 1927 1434 1980 pos·

516 1965 550 2030 R
864 1982 980 2035 sessoris
1004 1983 1030 2034 b.
1056 1983 1074 2035 f.
1098 1985 1157 2036 sive
1181 1985 1337 2051 consumpti
1363 1984 1435 2047 sint,

864 2053 923 2107 sive
941 2058 1079 2118 extantes,
1098 2070 1161 2122 pag.
1181 2053 1294 2107 66466.
1309 2083 1325 2093 -
1340 2054 1431 2107 Alite

301 2122 495 2176 Reconocntio.
507 2151 542 2166 -
557 2123 624 2178 Vide
634 2123 737 2180 Potitio
748 2141 809 2177 mu·
864 2130 958 2193 autem
976 2132 1135 2178 contestata
1152 2141 1249 2178 666666
1273 2127 1382 2178 tructus
1401 2126 1431 2177 in

247 2197 305 2246 666.
863 2196 1042 2250 restitutione
1056 2198 1180 2258 veniunt,
1195 2212 1257 2264 pag.
1270 2197 1331 2250 666.
1343 2226 1359 2236 -
1371 2196 1430 2249 Re·

303 2335 445 2389 Recursus
467 2337 561 2389 -ad
590 2337 808 2407 Principem,

246 2407 358 2476 qiiando
377 2422 429 2460 666
450 2409 601 2462 assumitur
619 2411 807 2479 666166666-

247 2477 398 2546 pollutione
426 2479 643 2543 extraiudiciali,
668 2481 732 2552 quid
758 2483 808 2544 sit,

245 2549 382 2618 quomodo
409 2549 519 2604 differ-ut
544 2551 578 2604 ad
603 2552 807 2620 appellatione,

244 2635 391 2690 quemnam
402 2621 529 2674 6666666
545 2621 653 2690 habeat,
669 2641 730 2692 pag.
745 2624 806 2676 536.

245 2719 261 2730 -
282 2692 423 2746 Recursus
440 2699 530 2760 potest
543 2695 626 2746 etiam
641 2695 742 2748 assumi
758 2711 806 2762 666

244 2763 304 2831 ipso
329 2762 449 2816 remedio
475 2767 658 2818 restitutionis
682 2767 709 2818 iu
735 2769 805 2820 inte·

242 2851 328 2902 yrum
347 2833 391 2888 rel
412 2851 461 2902 666
473 2853 646 2906 quacumque
665 2836 804 2906 snpplica-

245 2907 330 2970 tioue,
348 2922 408 2974 pag.
422 2907 483 2958 637.

297 3047 445 3101 Recusutio
470 3075 507 3088 -
531 3049 642 3114 iudiciS,
668 3049 734 3120 quid
759 3049 805 3114 sit,

244 3135 306 3187 pag.
326 3119 387 3182 5tl;
406 3148 421 3158 -
442 3135 575 3188 quasnam
594 3137 692 3174 causas
710 3122 805 3191 requi·

243 3195 296 3253 rat,
310 3206 371 3257 pag.
385 3191 446 3254 5425
460 3220 475 3228 -
495 3207 629 3260 quosnam
643 3190 746 3245 iudices
758 3209 803 3246 re·

243 3261 352 3328 spiciat,
371 3263 436 3314 ibid.
451 3288 467 3302 -
481 3261 660 3330 Regulariter
673 3263 805 3318 definitur

243 3349 292 3400 per
310 3333 437 3386 arbitros.
459 3331 652 3402 Exceptiones,
667 3351 728 3404 pag.
741 3334 803 3388 534.

243 3432 259 3442 -
280 3403 473 3457 Recusatiouis
492 3405 615 3468 effectus,
631 3422 694 3474 pag.
706 3407 767 3460 544.

296 3545 453 3614 Repressus
463 3574 500 3586 -
512 3564 528 3600 a
542 3546 673 3616 petitorio
685 3545 718 3599 ad
739 3562 802 3616 pos-

240 3619 389 3740 {pperium
413 3618 522 3688 quando
550 3617 720 3683 conceditur,
740 3635 801 3687 pag.

862 2267 974 2320 stitutio
983 2282 1177 2336 expensarum,
1189 2270 1254 2320 uide
1267 2266 1428 2336 Expensae.

917 2408 1063 2462 Restitutio
1088 2410 1118 2461 iu
1143 2411 1295 2477 integrum.
1322 2437 1358 2450 -
1381 2409 1426 2461 66

862 2483 891 2532 66
909 2480 1047 2549 quomodo
1062 2480 1220 2548 applicetur
1236 2479 1429 2545 transactioni,

862 2567 924 2619 pag.
944 2551 987 2604 41.
1008 2580 1023 2590 -
1045 2550 1143 2604 Dolum
1162 2558 1191 2606 et
1210 2557 1316 2605 metum
1339 2552 1429 2619 passis

861 2619 943 2674 datur
969 2624 1110 2676 restitutio
1132 2624 1162 2674 in
1185 2626 1337 2691 inteprum.
1362 2638 1426 2690 pag.

861 2693 923 2744 301.
942 2721 958 2731 -
981 2693 1052 2754 Quid
1078 2696 1116 2747 sit
1140 2693 1193 2748 hoo
1218 2693 1371 2748 reruedium
1398 2699 1430 2746 66

860 2764 961 2834 quibus
990 2767 1122 2832 personis,
1147 2773 1176 2818 et
1199 2781 1256 2835 qua
1284 2764 1318 2817 de
1342 2781 1428 2816 causa

860 2835 1042 2901 concedatur,
1068 2852 1130 2904 666.
1160 2834 1290 2889 aua-303.
1317 2864 1332 2874 -
1360 2835 1428 2888 ttius

860 2906 989 2971 6666666,
1016 2923 1078 2975 666.
1104 2907 1165 2959 sut.
1186 2908 1251 2959 -si
1276 2912 1428 2960 concurrat

859 2977 1011 3031 remedium
1024 2978 1195 3032 ordinarium
1208 2995 1244 3030 an
1258 2976 1350 3030 locum
1363 2978 1425 3030 lieri

859 3051 947 3117 possit
966 3049 1031 3102 hnic
1050 3049 1173 3104 remedio
1192 3048 1427 3110 extraordinario,

860 3137 922 3188 pag.
937 3120 998 3172 217.
1011 3149 1027 3160 -
1041 3119 1159 3180 Quinam
1180 3121 1296 3173 veniant
1313 3118 1426 3173 nomine

859 3192 1006 3262 minorum,
1027 3207 1088 3260 pag.
1108 3191 1170 3244 305.
1191 3220 1205 3230 -
1220 3194 1264 3243 An
1284 3197 1426 3258 competat

858 3261 912 3315 hoc
931 3262 1083 3316 remedium
1102 3262 1202 3315 minori
1223 3261 1356 3316 adversus
1368 3262 1424 3314 mi·

858 3349 963 3399 norem,
983 3333 1161 3401 privilegiato
1179 3331 1314 3388 adversus
1335 3333 1424 3401 privi-

858 3403 1003 3473 legiatum,
1029 3421 1091 3472 pag.
1120 3404 1214 3457 306-7.
1241 3433 1256 3443 -
1282 3403 1430 3464 Quomodo

858 3483 999 3544 competat
1024 3476 1218 3538 beneficiariis,
1241 3491 1303 3543 pag.
1323 3474 1386 3528 306.
1406 3505 1423 3514 -

857 3546 918 3606 Quo
940 3552 1065 3615 tempore
1086 3545 1210 3600 invocari
1238 3549 1339 3614 potest,
1358 3562 1423 3614 pag.

858 3617 953 3671 307-9.
973 3647 988 3656 -
1008 3617 1123 3678 Quando
1148 3629 1178 3672 et
1201 3633 1322 3687 quanam
1344 3633 1423 3670 com·

857 3694 936 3758 petat
955 3693 1049 3744 aetate
1067 3690 1228 3752 maioribus,
1248 3704 1310 3756 pag.
1329 3686 1392 3741 309.
1404 3718 1421 3727 -

858 3759 913 3813 Pro
925 3761 1094 3829 professione
1105 3759 1237 3828 religiosa
1247 3759 1329 3813 datur
1339 3759 1422 3829 quin·

295 3830 438 3899 Relipiosi.
467 3859 501 3872 -
530 3830 715 3900 Repelluntur
741 3835 802 3886 tum
857 3831 1023 3902 quennium,
1048 3848 1110 3900 pag.
1136 3829 1248 3884 310-11.
1275 3860 1291 3870 -
1316 3829 1424 3883 Contra

241 3901 276 3952 ab
296 3901 403 3969 666666
422 3905 481 3954 tum
496 3918 512 3955 a
524 3903 722 3971 respondendo,
738 3919 801 3972 pag.
856 3919 925 3972 quos
938 3909 1017 3956 actus
1030 3902 1110 3958 detur
1119 3901 1172 3955 hoc
1186 3901 1345 3966 remedium,
1357 3917 1422 3970 pag.

241 3971 284 4024 87.
305 4001 321 4011 -
341 3972 533 4042 Exceptioues,
550 3990 611 4043 pag.
631 3974 728 4028 tit-88.
749 3973 802 4028 Ne·
856 3974 918 4028 311.
939 4002 954 4015 -
973 3974 1092 4034 Quinam
1111 3973 1195 4027 iudex
1208 3974 1246 4026 sit
1260 3983 1422 4041 competens

241 4050 349 4112 queunt
367 4043 499 4097 constitui
520 4051 721 4114 procuratores,
738 4061 800 4114 pag.
855 4046 886 4097 in
898 4061 983 4098 causa
995 4047 1186 4107 restitutionis,
1197 4059 1260 4113 pag.
1271 4043 1301 4096 31
1311 4046 1332 4094 1.
1342 4073 1359 4083 -
1370 4043 1422 4096 Est

243 4113 303 4167 164.
329 4145 344 4154 -
371 4116 519 4183 Religiosis
543 4115 624 4170 datur
650 4116 801 4170 remedium
856 4114 1422 4170 etiamromedinmoxuaordiuarinmad

228 4189 421 4240 'restitutionis
435 4191 464 4240 in
478 4189 618 4257 integrum
628 4195 726 4242 contra
736 4203 800 4256 pro·
855 4187 1025 4241 sententiam
1043 4186 1261 4256 inpugnandam,
1279 4202 1343 4255 666.
1357 4185 1420 4240 637.

208 4291 211 4296 -
239 4257 387 4312 sessionem
413 4258 581 4327 religiosam,
606 4259 800 4330 66631061.

908 4330 994 4383 Reus.
1008 4327 1125 4389 -Quid
1144 4328 1240 4384 veniat
1253 4328 1365 4382 nomine
1376 4327 1420 4379 rei

293 4401 457 4470 Replicatis.
471 4430 505 4442 --
521 4400 591 4462 Quid
604 4401 650 4466 sit,
663 4417 724 4470 666.
738 4399 798 4454 261.
855 4399 884 4454 16
903 4400 1015 4468 iudicio,
1028 4417 1091 4470 pag.
1109 4400 1154 4453 74.
1167 4429 1183 4440 -
1199 4399 1338 4465 Definitio,
1354 4413 1419 4467 pag.
