3292 5109
308 237 373 302 104
824 262 907 309 rans
933 262 967 308 11.

306 380 498 463 exquiratur
532 384 631 447 vetuti
665 390 774 449 votum
802 389 836 449 et
861 385 1157 451 animadversiones
1180 386 1293 473 (uulgo
1317 386 1484 470 informa·

307 501 428 584 tiones)
451 524 548 591 super
571 507 732 573 instantiis
755 514 932 575 oratorum.

399 628 473 693 100.
498 630 677 714 Rescripta
707 632 790 715 quod
821 632 946 707 attinet,
980 634 1107 699 adverti
1138 634 1249 706 debet,
1274 632 1333 700 sub
1356 633 1487 698 diversa

308 748 415 815 torma
448 753 611 839 expediri,
637 774 679 819 ex
703 736 769 839 'qua
793 776 905 821 eorum
939 762 1133 823 executores
1168 757 1299 822 diversa
1332 757 1487 821 sinuntur

307 878 492 961 exequendi
515 882 715 945 anctoritate.

399 1008 559 1091 Siquidem
591 1010 750 1095 rescripta
772 1017 906 1096 possunt
929 1013 1026 1078 etiam
1050 1010 1174 1077 directe
1197 1010 1265 1075 dart
1295 1008 1487 1077 oratoribus.

310 1135 363 1217 qui
399 1153 553 1198 concessa
587 1139 719 1201 utantur
755 1136 878 1219 gratia,
916 1135 972 1200 sed
1007 1137 1038 1202 S.
1070 1134 1346 1221 congregationes
1384 1133 1489 1198 solent

310 1261 380 1345 ipsa
403 1260 560 1344 rescripta
592 1259 747 1345 expedire
771 1259 947 1325 Ordinatio
972 1260 1128 1326 dioecesis
1150 1263 1202 1325 vel
1225 1262 1280 1350 alii
1311 1260 1489 1346 praestanti

311 1383 392 1462 viro,
409 1382 461 1465 qui
485 1388 578 1447 ouret
601 1382 640 1448 de
665 1384 859 1448 executione
883 1386 1042 1469 rescripti.
1070 1386 1149 1449 Nam
1173 1386 1334 1470 rescripta
1356 1382 1491 1469 praticae

311 1509 508 1571 constituunt
539 1508 586 1571 ius
616 1508 781 1594 singulare
809 1529 866 1575 seu
889 1508 1114 1595 privilegium,
1139 1516 1172 1577 et
1196 1510 1366 1595 privilegia
1389 1509 1491 1574 inscio

312 1632 485 1717 Superiora
509 1633 584 1705 loci,
610 1652 674 1697 non
698 1633 829 1718 expedit
859 1634 992 1701 subditis
1020 1634 1210 1700 concedere.
1235 1636 1288 1700 Ex
1311 1632 1405 1699 modo
1429 1630 1505 1715 quo'

313 1756 540 1822 executoribus
554 1760 711 1845 rescripta
723 1761 976 1834 committuntur,
991 1760 1120 1825 diversa
1135 1761 1241 1825 forma
1253 1761 1492 1846 concipiuntur.

315 1881 436 1967 Nempe

404 2000 437 2086 α)
461 2003 494 2066 in
517 2002 643 2086 feroce,
668 1978 710 2070 ut'
725 2004 824 2077 aiunt,
849 2005 1025 2090 pratioso;
1049 2005 1175 2089 quando
1198 2006 1232 2068 in
1256 2024 1295 2069 eo
1320 2006 1427 2091 gratia
1449 2004 1498 2069 di·

315 2128 405 2191 recte
433 2126 629 2208 conceditur,
653 2130 722 2192 sine
746 2126 812 2193 ulla
835 2129 1062 2193 commissione
1085 2149 1144 2213 pro
1173 2130 1221 2193 rei
1245 2128 1390 2202 notione;
1414 2131 1498 2191 tnnc

314 2226 509 2313 adhibentur
531 2249 632 2315 verba
651 2272 668 2313 c
685 2252 794 2318 Sucro
822 2249 1046 2338 Conprepatio
1072 2251 1216 2333 petitum
1239 2250 1390 2337 pretium
1413 2268 1498 2315 oro·

317 2372 382 2439 tori
398 2372 540 2459 deniqne
555 2376 728 2459 impertita
743 2383 791 2444 cst
808 2400 839 2441 a.
859 2414 876 2426 -
895 2378 1062 2443 Executor
1078 2386 1155 2443 tunc
1172 2377 1289 2441 dicitur
1305 2394 1422 2441 menas
1438 2394 1500 2438 seu

316 2501 439 2567 habens
454 2503 587 2567 nudum
602 2504 830 2569 ministerium
847 2505 1026 2589 exequendi
1043 2507 1175 2590 petitam
1192 2505 1340 2591 gratiam,
1359 2503 1436 2585 quin
1453 2502 1500 2565 iu-

316 2626 475 2693 dicialiter
498 2630 639 2713 inquirat
655 2629 694 2694 de
711 2633 850 2697 oratoris
874 2630 1108 2697 conditionibus
1125 2637 1157 2695 et
1173 2631 1298 2716 gratiae
1314 2633 1501 2714 opportuna

317 2754 542 2830 concessione;
567 2774 633 2836 seu,
658 2757 704 2820 uti
726 2762 861 2838 vocant,
886 2755 927 2820 de
950 2756 1031 2821 vitio
1062 2754 1269 2837 obreptionis
1299 2752 1352 2817 vel
1382 2751 1501 2819 subre-

313 2874 463 2960 ptionie3
486 2878 630 2961 quamvis
662 2875 795 2942 deberet
817 2877 921 2941 nudus
945 2883 1103 2942 executor
1125 2876 1288 2941 abstinere
1311 2873 1351 2939 ab
1375 2893 1502 2939 execu-

317 3002 415 3073 tione,
432 3001 458 3065 si
477 3000 609 3068 notorie
632 3002 672 3067 de
695 3000 875 3067 huiusmodi
893 3003 971 3066 vitio
994 3006 1173 3076 constaret;
1198 3020 1272 3065 nam
1295 3000 1333 3065 io
1354 3000 1504 3067 notoriis

318 3126 416 3191 culta
436 3125 602 3210 probatio,
627 3128 751 3193 scilicet
774 3127 864 3193 nulla
887 3127 1044 3193 iudicialis
1066 3129 1238 3211 inquisitio.

408 3248 440 3335 b)
464 3250 691 3336 Expediuntur
713 3252 873 3337 rescripta
895 3252 928 3315 in
949 3251 1068 3335 forma
1085 3250 1235 3318 absolute
1251 3249 1502 3321 commiserint,

319 3371 447 3455 quando
471 3374 596 3457 gratiae
619 3374 783 3437 concessio
804 3374 978 3439 remittitur
1001 3374 1130 3438 omnino
1151 3371 1375 3436 deliberationi
1398 3375 1433 3435 et
1456 3373 1504 3435 iu·

320 3496 404 3563 dicio
420 3500 613 3575 executoris
631 3498 715 3584 quod
731 3501 925 3584 exprimitur
940 3500 1030 3564 hisce
1045 3498 1168 3564 uerbis:
1189 3518 1207 3562 ‹
1222 3500 1255 3564 S.
1272 3476 1504 3584 Conpreqotio

322 3623 475 3692 macons
493 3644 616 3708 preces
638 3625 775 3691 remittit
799 3624 942 3692 arbitrio
958 3632 990 3691 et
1005 3624 1229 3691 conscientiae
1243 3621 1404 3705 Episcopi
1421 3641 1504 3687 cum

319 3746 538 3833 facultatibus
568 3752 769 3818 necessariis
788 3772 819 3815 a.
846 3788 863 3798 -
888 3749 998 3825 Quare
1021 3750 1055 3813 in
1077 3748 1141 3813 hoc
1164 3767 1241 3813 casu
1265 3746 1390 3832 gratiae
1422 3764 1505 3810 con-

321 3877 424 3942 cessio
447 3876 587 3943 nondnm
612 3884 660 3943 est
684 3876 771 3944 facta
794 3875 850 3941 sed
875 3874 996 3960 pendet
1019 3871 1059 3937 ab
1083 3872 1218 3937 arbitrio
1235 3866 1431 3945 executoris,
1449 3868 1506 3949 qui

304 4018 392 4087 'eam
416 4004 520 4085 potest
542 3999 594 4064 rel
619 3996 799 4064 concedere
822 3996 878 4061 vel
901 3995 1073 4081 denegare,
1090 3998 1187 4079 prout
1202 3994 1235 4055 in
1252 3989 1387 4055 Domino
1406 4007 1508 4073 expe-

322 4120 393 4187 dire
417 4123 615 4189 iudicaverit.

412 4239 441 4337 c)
468 4252 646 4317 Praeterea
668 4249 820 4316 dicuntur
844 4249 1014 4337 rescripta
1027 4244 1160 4311 concedi
1184 4246 1217 4307 in
1240 4243 1357 4327 for‘ma
1379 4241 1506 4321 micio,

323 4377 450 4462 quando
463 4382 494 4448 S.
508 4378 723 4464 Congregatio
736 4375 850 4439 annuit
861 4370 989 4457 quidem
1000 4390 1060 4457 pro
1071 4368 1187 4455 qratia
1199 4365 1256 4432 sed
1271 4386 1312 4431 ea
1323 4363 1381 4431 sub
1398 4364 1509 4429 condi·
