3292 5109
312 280 378 347 224
838 292 924 341 rans
946 292 984 339 11.

400 422 472 489 Non
484 418 521 486 fit
531 419 687 486 transitus
700 438 720 483 u
733 415 976 483 Beatiticatione
990 415 1031 480 ad
1044 415 1337 487 Oanouizationem,
1351 413 1412 477 nisi
1428 410 1491 477 duo

310 564 397 611 nova
414 543 594 629 probentur
609 540 784 615 miracula;
808 542 884 625 quia
898 542 946 604 ait
962 538 1155 603 Benedictus
1170 536 1265 610 xlv,
1281 554 1337 619 op.
1353 533 1407 601 eit.
1425 538 1445 598 t.
1461 553 1489 599 c.

310 689 344 735 a.
361 669 386 735 5
393 688 406 734 .·
425 668 578 734 ‹nedum
601 685 784 753 congruens
807 664 864 731 sed
886 672 920 731 et
941 663 1130 731 necessaria
1151 682 1222 729 esse
1245 680 1339 746 posse
1361 658 1492 725 videtur

310 814 468 859 novorum
503 792 734 858 miraculorum
768 790 929 863 accessio,
953 794 990 855 ut
1011 808 1171 853 novorum
1202 786 1328 852 scilicet
1354 786 1492 850 miracu·

309 919 416 983 lorum
439 919 626 983 interventu
648 915 767 982 habeat
790 934 934 981 summus
957 913 1113 980 Pontifex
1135 932 1220 977 nova
1236 911 1366 978 divinae
1382 911 1492 977 volun·

309 1045 385 1110 tatis
404 1045 508 1130 signa,
525 1063 598 1108 cum
616 1062 636 1107 a
652 1042 741 1108 cultu
764 1046 890 1108 tantum
910 1038 1066 1125 permisso
1087 1043 1120 1104 et
1134 1038 1296 1110 restricto,
1313 1038 1419 1122 qualis
1442 1040 1492 1103 at

310 1168 364 1251 qui
388 1166 422 1231 in
446 1162 687 1232 Beatificatione
710 1164 906 1251 indulgetur,
925 1164 1084 1229 transitus
1097 1160 1136 1229 fit
1156 1160 1198 1227 ad
1214 1161 1336 1227 cultum
1358 1179 1492 1246 praece·

309 1294 432 1379 ptivum
454 1297 551 1376 etque
573 1290 614 1356 ad
636 1292 821 1357 universam
843 1288 1024 1355 Ecclesiam
1048 1293 1227 1358 extensum,
1245 1284 1423 1351 cuiusmodi
1441 1288 1492 1350 est

310 1418 365 1483 ille
387 1418 440 1501 qui
465 1415 653 1482 conceditur
668 1417 701 1479 in
718 1415 970 1481 (lenonizatioue
991 1435 1021 1478 ›.
1046 1414 1091 1479 At
1105 1412 1196 1478 nulla
1217 1411 1355 1498 amplius
1370 1408 1412 1475 de
1426 1410 1492 1473 vir·

308 1539 429 1607 tutibus
452 1541 614 1623 inquisitio
637 1538 833 1605 instituenda
856 1544 914 1611 est,
938 1536 1095 1623 siquidem
1110 1534 1151 1602 de
1166 1537 1218 1602 his
1232 1536 1397 1621 appositus
1412 1552 1491 1618 pro-

310 1678 419 1725 cessus
441 1658 645 1743 apostolicus
674 1656 803 1723 habitus
834 1662 899 1731 est,
924 1658 1016 1723 cuius
1045 1657 1208 1721 sententia
1237 1652 1404 1720 definitiva
1438 1652 1492 1718 de

309 1781 423 1862 crevit,
447 1784 597 1845 constare
620 1778 660 1844 de
683 1778 856 1845 virtutibus
878 1780 913 1844 in
935 1778 1040 1865 gradu
1063 1779 1195 1844 heroico
1222 1777 1387 1844 exercitis.

397 1902 528 1988 Aliquid
549 1903 689 1989 speciale
712 1908 762 1971 est
784 1904 818 1969 in
842 1904 981 1968 transitu
1003 1923 1024 1967 a
1046 1899 1289 1967 Beatificetione
1311 1898 1490 1985 aequipol-

283 2084 287 2093 ,
309 2028 390 2096 lenti
404 2048 461 2094 seu
477 2048 630 2095 concessa
641 2048 709 2113 per
723 2048 843 2095 aarum
865 2034 1046 2113 acceptam
1061 2048 1082 2093 a
1097 2027 1237 2094 decretis
1252 2026 1374 2094 Urbani
1390 2025 1490 2100 VIlI;

308 2155 384 2239 quia
403 2159 483 2219 tunc
504 2174 569 2218 non
592 2152 755 2219 sufficiunt
776 2154 840 2219 duo
863 2154 1030 2227 miracula,
1046 2151 1103 2218 sed
1119 2152 1302 2238 applicatur
1321 2150 1490 2217 decretum

309 2280 372 2342 iem
402 2278 552 2350 citatum,
582 2298 602 2343 a
626 2277 801 2343 Benedicta
825 2278 909 2344 XIV
937 2277 1056 2344 editum
1079 2276 1135 2343 die
1157 2274 1209 2344 23
1231 2274 1364 2359 Αρνίὶίε
1385 2273 1490 2354 1741,

308 2399 421 2466 iubens
445 2405 583 2485 quatuor
606 2402 728 2486 requiri
751 2400 911 2467 miracula
926 2420 986 2488 per
1000 2405 1100 2466 testes
1115 2400 1159 2466 de
1173 2398 1249 2463 visa
1269 2394 1489 2481 comprobata,

309 2524 436 2610 quando
456 2527 592 2591 virtutes
614 2545 634 2590 e
656 2524 790 2597 testibus
805 2525 848 2591 de
872 2524 993 2590 auditu
1015 2524 1172 2610 probatae
1194 2524 1269 2589 sint
1294 2558 1313 2571 -
1338 2524 1491 2589 Iamrero

309 2650 342 2712 in
366 2647 492 2715 casibus
517 2649 661 2734 exceptis
684 2669 704 2713 a
726 2649 868 2715 decretis
891 2647 1016 2716 Urbani
1031 2648 1117 2715 Vlll
1142 2648 1230 2713 fama
1252 2648 1410 2713 virtutum
1432 2652 1492 2710 aut

308 2771 457 2856 martyrii
472 2772 599 2835 nonnisi
613 2769 779 2837 traditioni
795 2770 965 2835 commissa
979 2789 1052 2835 esse
1066 2774 1181 2856 potest.
1198 2805 1217 2817 ·
1232 2769 1414 2833 Praeterea
1427 2768 1491 2832 sin·

307 2892 422 2978 gulare
438 2896 496 2965 est,
514 2896 557 2964 ut,
574 2889 704 2957 obtenta
720 2890 952 2977 approbatione
975 2910 1068 2961 casus
1084 2892 1224 2978 excepti,
1241 2911 1307 2956 non
1323 2888 1379 2958 flat
1400 2896 1491 2957 tran·

307 3016 386 3081 situs
408 3014 450 3080 ad
472 3014 649 3081 solemnem
666 3015 957 3088 canonizationem,
978 3015 1039 3081 nisi
1058 3020 1156 3080 antea
1178 3014 1356 3082 discussum
1371 3016 1413 3080 sit
1429 3012 1489 3079 du·

306 3142 403 3224 bium,
428 3144 456 3208 si
478 3146 596 3228 agetur
617 3141 657 3207 de
680 3140 936 3224 confessoribus,
963 3144 1058 3208 (Aa
1080 3148 1206 3210 coartet
1235 3142 1278 3209 dc
1308 3142 1491 3211 arraona

312 3266 571 3354 Theolopalibaa
594 3272 627 3333 et
644 3266 884 3334 cardinalibus
901 3268 939 3332 ia
962 3287 1044 3336 casu
1059 3268 1153 3334 etad
1175 3269 1330 3352 effectum
1353 3270 1396 3336 de
1419 3288 1490 3354 quo

306 3388 455 3476 apilio»
478 3388 553 3474 (bac
576 3389 720 3454 clausula
743 3409 845 3474 usque
868 3390 1107 3456 concluduntur
1129 3388 1227 3455 dubia
1249 3392 1282 3463 in
1305 3390 1489 3459 huiusmodi

306 3512 434 3598 causis);
458 3513 485 3578 si
508 3511 549 3577 de
572 3513 781 3600 Martyribus
803 3533 822 3578 ‹
844 3514 901 3579 Aa
924 3515 1114 3581 coartatae
1136 3514 1303 3601 martyrio
1327 3521 1360 3582 et
1381 3536 1490 3583 causa

305 3634 518 3720 martyrii».
547 3636 629 3701 Dein
653 3636 782 3722 expleto
805 3636 1031 3703 favorabiliter
1054 3638 1171 3703 iudicio
1192 3657 1293 3723 super
1315 3638 1491 3705 virtutibus

306 3763 363 3825 eut
385 3780 484 3847 super
505 3764 674 3848 martyrio,
698 3764 891 3848 proponitur
914 3764 949 3829 in
972 3764 1076 3830 causis
1093 3762 1322 3831 confessorum
1345 3763 1487 3831 dubium:

309 3886 399 3952 «Aa
423 3890 548 3953 constet
570 3886 613 3954 de
635 3888 812 3954 miraculis
831 3906 921 3973 quae
939 3893 1019 3971 pest
1040 3888 1211 3955 indultam
1233 3888 1490 3956 commotionem

304 4017 576 4093 macenorum
592 4031 623 4088 ›;
640 4013 673 4077 in
696 4013 800 4078 causis
816 4012 1001 4099 Martyrum
1019 4008 1108 4101 alda
1124 4017 1250 4081 coartet
1264 4012 1308 4079 de
1322 4014 1430 4101 siquis
1441 4012 1490 4099 (l)

267 4204 271 4211 ·
394 4185 434 4259 (1)
455 4186 543 4258 Sipna
560 4188 726 4242 invocantur
739 4187 768 4241 in
781 4188 873 4242 causis
891 4193 1047 4260 martyrum
1063 4193 1093 4243 at
1105 4193 1171 4243 sunt
1189 4190 1359 4260 prodigiales
1372 4198 1490 4245 eventus

305 4294 355 4345 aut
373 4296 510 4363 portenta,
530 4292 631 4365 quibus
650 4292 723 4348 Deus
741 4298 895 4365 martyrem
915 4295 1023 4364 inipso
1043 4294 1122 4349 obitu
1142 4300 1191 4349 aut
1211 4301 1273 4366 post
1291 4296 1399 4350 obitum
1419 4296 1488 4351 illu-

305 4397 419 4461 stravit3
439 4414 525 4469 quare
545 4399 655 4468 signum
674 4402 717 4455 est
736 4400 814 4469 quasi
834 4400 1002 4454 miraculum
1018 4402 1223 4471 pertransiens,
1242 4400 1333 4456 veluti
1352 4412 1488 4456 meteora
