3292 5109
785 643 965 711 TITULUS
997 642 1039 708 11.

357 911 402 958 DE
425 912 517 961 MODO
540 912 755 961 Pnocunnnm
778 915 804 961 S·
831 914 912 961 ROM.
937 911 1469 963 cONGREGATIONIBUS'chMUNI.

324 1154 540 1213 summarium.
560 1188 593 1200 -
612 1158 655 1213 93.
674 1159 758 1213 certa
772 1159 936 1229 procedendi
952 1159 1066 1213 ratioet
1085 1159 1331 1229 partimomnibus
1349 1158 1507 1212 communis

412 1268 538 1318 servatur
551 1264 623 1333 apud
636 1264 662 1317 S.
676 1264 924 1333 congregationes.
936 1292 970 1305 ···
981 1263 1024 1317 94.
1038 1262 1065 1317 S.
1077 1263 1318 1334 congregationes
1329 1281 1364 1318 ex
1377 1263 1506 1333 pluribus

413 1368 607 1423 Cardinalibus
633 1369 795 1424 coalescunt
820 1380 848 1425 et
873 1369 1014 1425 nonnullis
1041 1371 1225 1434 officialibus3
1248 1377 1278 1425 et
1303 1370 1420 1441 regulae
1437 1385 1506 1439 pro·

413 1488 507 1527 cessus
536 1471 758 1527 fundamentales
789 1473 818 1527 in
849 1473 1007 1559 huiusmodi
1028 1450 1238 1530 'constitutione
1269 1475 1436 1528 innituntur.
1470 1501 1505 1513 -

413 1579 457 1633 95.
483 1580 668 1649 Distinguitur
686 1585 841 1635 conventus
863 1580 1053 1637 cardinalium
1078 1580 1298 1651 Congregationi
1321 1580 1505 1648 addictorum,

412 1683 459 1753 qui
484 1688 637 1738 conventus
658 1683 746 1754 plena
774 1682 959 1755 Cornqreqatio
978 1686 1071 1738 vecari
1099 1686 1217 1752 solet,a
1245 1702 1398 1756 congressu
1419 1700 1505 1755 quem

413 1790 495 1843 etatis
512 1789 610 1844 diebus
630 1786 714 1844 habet
733 1789 889 1843 Cardinalis
903 1790 1065 1845 Praefectus
1083 1807 1146 1844 eum
1165 1790 1308 1845 nonnullis
1326 1789 1505 1844 officialibus

413 1923 448 1935 -
465 1894 508 1949 96.
529 1894 567 1949 lbi
588 1895 773 1965 expediuntur
791 1895 907 1964 negotia
926 1912 980 1950 non
1000 1896 1220 1967 graviora‚quae
1238 1900 1333 1950 minen
1352 1894 1449 1967 aliqua
1463 1895 1508 1949 in·

412 2003 509 2073 digent
522 2002 732 2067 deliberatione;
747 2006 878 2075 graviora
890 2021 957 2060 vero
970 2003 1014 2059 vel
1034 2011 1237 2075 praeparantur
1248 2008 1278 2059 et
1293 2004 1506 2059 deferunturad

412 2109 522 2180 plenam
536 2110 789 2179 Congregationem
802 2111 847 2166 vel
860 2113 1045 2166 remittuntur
1057 2112 1091 2164 ad
1105 2114 1277 2167 audientiam
1290 2110 1506 2166 numantinus

412 2232 461 2271 seu
480 2235 551 2289 quae
575 2216 653 2271 nulla
676 2218 840 2289 quaestione
863 2217 1052 2287 implicantur,
1070 2219 1106 2273 ab
1125 2218 1293 2272 officialibus
1317 2217 1506 2287 expediuntur

414 2324 443 2377 in
462 2322 556 2377 debita
574 2325 677 2389 forma;
705 2324 784 2378 cuius
804 2325 947 2394 potissime
966 2331 1008 2380 est
1032 2343 1095 2394 pars
1118 2326 1285 2395 subscriptio
1304 2325 1455 2380 Secretarii
1475 2329 1508 2379 et

415 2428 571 2483 cardinalis
593 2429 740 2484 Praefecti.
765 2457 801 2471 -
825 2429 871 2483 97.
891 2411 1046 2497 Quomodo,
1065 2431 1095 2486 in
1120 2448 1236 2499 genere,
1263 2430 1378 2500 negotia
1399 2430 1507 2485 debitia

413 2536 587 2589 instruantur
597 2537 777 2601 documentis,
790 2537 954 2593 necessariis
966 2554 1107 2608 congruae
1119 2538 1298 2607 expeditioni.
1315 2568 1352 2581 ·-
1370 2538 1414 2592 98.
1428 2538 1508 2594 lnter

412 2644 543 2713 graviora
573 2645 686 2712 negotia
713 2645 883 2701 recensenda
910 2650 975 2699 sunt
1002 2644 1158 2714 iudicialis,
1186 2662 1303 2716 quorum
1334 2651 1507 2702 contentiosa

413 2756 548 2817 mactetis,
563 2768 612 2821 per
629 2768 668 2817 se,
682 2768 699 2805 a
712 2750 970 2823 congregationum
989 2753 1119 2807 instituto
1138 2753 1232 2808 aliena
1244 2759 1295 2808 est
1314 2783 1349 2827 -ς
1367 2754 1410 2809 99.
1429 2753 1507 2816 Quo·

332 2914 336 2921 ,
413 2854 527 2923 tuplicis
554 2856 665 2925 generis
693 2861 756 2910 aete
785 2858 920 2926 prodeant
944 2875 962 2911 a
983 2857 1010 2911 S.
1029 2857 1307 2927 congregationibus.
1327 2887 1363 2900 —
1384 2858 1442 2912 100.
1464 2858 1507 2915 De

412 2962 501 3015 forma
526 2960 732 3029 rescriptorum.
758 2988 795 3003 -
823 2961 881 3016 101.
900 2962 1041 3024 Quomodo
1060 2964 1238 3034 quaestiones
1257 2964 1373 3034 proponi
1392 2964 1508 3018 soleant

412 3069 463 3123 sub
483 3070 573 3123 torma
590 3068 675 3121 dubii.
696 3096 729 3111 -
751 3070 807 3123 102.
823 3069 863 3124 De
876 3070 1018 3124 nonnullis
1034 3070 1162 3125 'formulis
1175 3072 1227 3125 sub
1240 3070 1341 3141 quibua
1360 3072 1508 3141 responsio

413 3173 490 3229 reddi
509 3172 593 3239 solet,
614 3178 663 3227 aut
685 3174 729 3229 edi
753 3174 905 3230 decretum.
934 3204 969 3219 -
1000 3176 1059 3231 103.
1081 3176 1120 3232 De
1141 3176 1245 3231 litteris
1265 3181 1295 3232 et
1314 3177 1434 3233 decretis
1453 3195 1507 3233 eo·

412 3297 529 3351 rumque
549 3282 720 3336 executione.

412 3514 465 3579 93.
491 3514 639 3581 Succedit
670 3515 761 3580 modo
786 3516 949 3600 generalis
973 3518 1123 3585 tractatio
1147 3516 1187 3582 de
1210 3520 1425 3603 rationeque
1448 3539 1506 3583 ne—

324 3641 411 3726 gotia
434 3642 467 3705 in
491 3640 522 3707 S.
547 3640 855 3727 congregationibus
882 3643 1106 3728 expediuntur,
1132 3663 1204 3709 cum
1228 3645 1291 3709 iam
1315 3644 1507 3711 earumdem

232 3746 236 3759 ’
324 3784 524 3830 communem
549 3766 818 3850 explicaverimus
841 3766 999 3851 originem
1015 3771 1049 3831 et
1064 3772 1223 3842 naturam,
1236 3787 1300 3833 nec
1322 3788 1387 3833 nnn
1410 3789 1507 3853 pree-

324 3889 490 3974 cipuorum
513 3888 719 3953 tribunalium
744 3890 855 3954 euriae
876 3889 1106 3955 tradiderimus
1124 3893 1385 3959 constitutionem
1402 3898 1435 3957 et
1451 3912 1506 3957 re·

324 4012 416 4099 gulas
439 4030 626 4097 processus;
651 4010 736 4075 unde
764 4010 870 4077 facilis
900 4018 1004 4077 strata
1027 4019 1077 4079 est
1100 4015 1154 4078 via
1176 4016 1340 4100 praesenti
1372 4016 1506 4098 inquisi-

324 4136 413 4202 tioni.
439 4169 456 4181 -
483 4134 577 4199 Retio
610 4139 718 4201 autem
751 4133 947 4219 procedendi
977 4138 1010 4200 in
1034 4136 1065 4201 S.
1092 4136 1403 4223 congregationibus
1427 4158 1507 4206 eum

324 4257 437 4342 primis
467 4258 641 4342 respondet
673 4259 807 4325 istarum
832 4260 1061 4342 constitutioni,
1085 4281 1143 4326 seu
1167 4261 1362 4327 ordinationi
1392 4282 1507 4348 perse-

325 4400 439 4448 narum
463 4382 576 4466 quibus
598 4383 673 4447 illae
696 4383 892 4449 coalescunt.
931 4383 933 4389 '
