3292 5109
629 298 836 348 censensus
859 299 910 350 111.
1292 281 1354 352 491

182 423 392 498 quaestionibus
405 423 568 496 prepositis3
586 428 616 480 et
633 428 780 496 postquam
793 423 904 480 demum
916 423 1158 496 deprehenderint,
1170 442 1226 499 qua
1241 426 1358 498 quisque

183 535 288 608 polleat
300 535 439 606 gravitate
452 535 653 592 sententiarum
666 539 695 592 et
707 535 850 606 elegantia
867 538 1003 592 sermonis
1015 539 1045 594 in
1056 537 1241 595 conciuncula
1253 539 1358 610 scripte

183 649 288 720 pariter
306 653 423 705 exarata
441 651 470 705 et
488 647 576 703 textui
590 647 755 718 evangelice
767 646 812 703 rsl
827 645 910 704 alteri
922 648 988 704 date
1001 648 1120 705 themati
1134 651 1357 709 accommodata:

183 774 287 832 parem,
304 757 334 812 ni
351 759 424 814 forte
448 758 582 814 maiorem
607 754 751 812 solertiam
776 756 988 812 Examinateres
1011 757 1163 814 adhibeant
1183 758 1213 814 in
1232 777 1359 829 perscru-

182 870 274 928 tandis
291 869 356 926 aliis
373 868 565 942 qualitatibus,
584 867 715 938 regimini
738 867 895 922 animarum
920 867 1128 934 consentaneis3
1145 883 1254 922 merum
1272 866 1358 922 hene·

181 982 283 1034 statem
302 978 459 1051 inquirant,
482 977 667 1047 gravitatem,
687 976 877 1048 prudentiam,
902 977 1038 1048 praestita
1061 975 1197 1032 hactenus
1221 977 1357 1034 ecclesiae

182 1084 324 1156 obsequia,
337 1082 502 1155 acquisitam
521 1084 550 1137 in
570 1082 632 1138 aliis
651 1083 813 1140 muneribus
831 1082 942 1138 laudem
956 1083 1068 1154 aliaque
1087 1083 1283 1154 spectabilium
1301 1085 1357 1140 vir·

182 1195 274 1246 tutum
293 1195 472 1260 ornamenta,
490 1193 633 1249 doctrinae
657 1195 735 1247 arcte
760 1191 871 1248 loedere
896 1192 1093 1270 consocianda3
1111 1191 1210 1265 hisque
1228 1193 1358 1250 omnibus

182 1303 338 1360 coniunctis
355 1303 493 1374 expensis,
512 1301 649 1358 inhabiles
668 1319 716 1373 per
735 1319 786 1356 sea
809 1303 943 1373 suffragia
965 1303 1095 1359 reiiciant
1113 1307 1143 1360 et
1160 1303 1275 1362 idoneos
1293 1303 1358 1375 Epi·

181 1424 265 1482 acopo
283 1413 455 1468 renunciant

273 1523 335 1578 «V.
353 1524 491 1581 Absolute
509 1540 643 1580 concursu
662 1523 698 1578 ab
717 1522 856 1593 Episcopo
874 1523 920 1579 rel
938 1539 972 1579 so
990 1524 1123 1594 impedito
1141 1541 1159 1577 a
1176 1522 1290 1580 Vicarie
1309 1540 1357 1594 ge·
1426 1598 1428 1602 Α

182 1632 271 1690 nerali
291 1651 346 1689 una
358 1653 421 1689 cum
434 1635 678 1692 Examinateribus
695 1635 879 1708 synodalibus
891 1651 946 1690 non
959 1635 1138 1706 paucioribus
1155 1651 1240 1706 quam
1258 1635 1357 1702 tribus,

181 1745 279 1800 notula
296 1746 501 1816 compendiaria
519 1747 715 1820 requisiturum
741 1752 825 1804 antea
849 1746 1000 1803 distributa
1021 1747 1150 1802 tradatur
1172 1745 1356 1813 Cancellario,

180 1855 228 1925 qui
247 1853 326 1909 illam
345 1857 498 1922 comburat,
516 1856 561 1912 vel
582 1873 667 1927 penes
686 1861 750 1912 scta
767 1861 877 1913 secrete
895 1857 1042 1924 custodiat,
1055 1860 1085 1912 et
1097 1857 1202 1912 nemini
1217 1856 1356 1922 ostendat,

180 1965 234 2020 nisi
254 1966 435 2046 demandato
454 1967 581 2036 Episcopi
602 1968 646 2022 vsl
666 1969 726 2023 eius
745 1967 851 2023 Vicarii
878 1967 1027 2037 generalis.
1053 1967 1175 2023 Subinde
1193 1983 1260 2022 vero
1278 1967 1357 2023 01·ἀί-

181 2073 284 2138 narius,
303 2090 365 2128 cum
385 2073 504 2143 primum
524 2075 550 2129 ei
569 2075 692 2142 libuerit,
711 2076 799 2144 eligat
817 2093 852 2132 ex
870 2075 1032 2145 approbatis
1054 2073 1224 2144 digniorem,
1242 2092 1295 2131 nec
1313 2075 1356 2130 illi

181 2186 318 2255 possessio
336 2183 395 2238 ulle
414 2183 611 2254 appellationis
628 2185 673 2240 uel
692 2183 868 2240 inhibitionis
886 2187 1003 2240 obtentu
1022 2183 1189 2239 retardetur.

270 2311 286 2345 a
299 2292 345 2346 Vl.
365 2291 393 2345 Si
413 2308 494 2363 quem
514 2292 678 2348 clericorum
699 2292 840 2362 appellare
853 2294 1006 2364 contigerit
1017 2311 1035 2348 a
1046 2293 1122 2348 mala
1134 2291 1271 2348 relatione
1284 2293 1357 2348 Ena·

181 2399 349 2454 minatorem
362 2401 407 2456 vsl
420 2403 455 2457 ab
469 2401 654 2458 irrationabili
674 2403 777 2457 iudicio
796 2401 936 2472 Episcopi,
949 2418 1043 2456 coram
1058 2401 1148 2457 iudice
1159 2401 1356 2472 appellationis

181 2514 245 2564 acta
263 2525 412 2565 concursus
431 2511 542 2580 integra
559 2511 672 2567 omnine
691 2512 833 2582 producat.
852 2515 882 2566 et
900 2511 992 2574 iudex,
1010 2511 1065 2565 nisi
1083 2510 1142 2564 illia
1159 2510 1228 2566 visis
1246 2514 1275 2567 et
1294 2527 1357 2581 grs-

180 2619 292 2673 samius
310 2624 466 2689 comperto,
485 2621 653 2676 senteutiam
672 2637 727 2674 non
746 2621 919 2689 pronunciet.
945 2620 1097 2676 Praeterea
1115 2619 1144 2673 in
1163 2620 1276 2675 terenda
1295 2638 1357 2677 sen·

180 2725 271 2781 tentia
289 2741 323 2780 ac
340 2727 493 2796 reparando
512 2729 683 2793 gravamine,
701 2727 774 2783 idern
794 2727 877 2782 iudex
901 2727 1040 2781 innitatur
1062 2726 1236 2782 solummodo
1255 2729 1356 2796 proba-

180 2835 304 2888 tionibus
323 2836 358 2889 ab
377 2837 448 2890 actis
467 2836 570 2890 elicitis
582 2840 641 2890 tarn
656 2840 782 2905 respectu
796 2835 940 2890 doctrinae
952 2853 1035 2906 quam
1049 2835 1168 2890 aliorum
1183 2836 1355 2891 meritorum.

181 2941 250 3003 eria
269 2958 335 2998 vere
355 2960 372 2998 a
390 2943 501 3012 publica
525 2942 676 2998 indictione
695 2961 782 3014 usque
807 2943 842 2996 sd
861 2943 934 2997 diem
959 2941 1048 2997 habiti
1074 2961 1225 2998 concursus
1246 2947 1356 2999 tantum

179 3051 313 3118 temperis
332 3051 504 3118 intercessit,
524 3057 658 3124 quantum
677 3053 818 3108 satisfuit
837 3053 980 3108 commode
1004 3051 1167 3108 exhibendis
1193 3052 1356 3109 necessariis

179 3159 296 3227 iuribus,
314 3161 550 3228 attestationibus,
562 3162 705 3233 requisitis
724 3161 843 3231 aliisque
861 3161 1027 3215 meritorum
1041 3161 1230 3227 documentis3
1243 3161 1356 3229 idcirce,

180 3269 211 3320 ut
228 3265 344 3336 quaevis
360 3267 408 3320 via
426 3265 568 3320 fraudibus
587 3268 771 3335 praecidatur,
785 3266 914 3321 volumus
933 3283 965 3321 ac
985 3267 1111 3322 districtc
1130 3267 1301 3334 mandamus,
1320 3285 1355 3324 ne

180 3375 270 3431 dictae
288 3377 492 3442 attestationes,
504 3375 573 3430 fides
587 3379 643 3430 tam
657 3377 802 3431 iudiciales
815 3394 897 3447 quam
911 3377 1137 3432 extraiudiciales
1149 3381 1179 3432 et
1190 3377 1356 3433 documenta

180 3497 361 3554 quaecunque
385 3483 507 3538 studiose
532 3484 688 3554 conquisita
707 3487 817 3551 etpost
843 3500 1022 3539 concursum.
1042 3486 1075 3538 ut
1092 3483 1186 3548 aient,
1213 3483 1353 3552 expiscats

179 3587 238 3642 ullo
257 3587 337 3642 mode
356 3589 540 3658 recipiantur:
560 3605 614 3643 nen
634 3589 809 3644 obstantibus
834 3605 918 3658 snpra
943 3591 1106 3644 memoratis
1124 3588 1229 3646 litteris
1247 3605 1264 3643 a
1282 3589 1355 3644 Gon·

179 3698 344 3766 gregatione
356 3697 474 3753 concilii
488 3699 642 3754 Tridentini
662 3698 817 3768 Interprete
831 3715 905 3752 anno
920 3698 984 3753 1721
1002 3699 1092 3767 editis,
1105 3699 1206 3771 quibus
1223 3699 1257 3754 ad
1278 3715 1357 3769 prae·

179 3805 324 3860 missorem
343 3807 472 3862 effectum
490 3807 520 3860 iu
539 3806 591 3860 hac
610 3810 689 3876 parte
714 3807 897 3875 derogamus,
919 3806 978 3861 illis
1001 3812 1094 3864 tamen
1118 3810 1147 3864 in
1166 3808 1282 3879 reliquis
1299 3826 1356 3862 una

179 3925 243 3963 crim
262 3910 390 3964 omnibus
409 3911 436 3964 in
456 3912 496 3968 eis
515 3912 654 3966 contentis
673 3911 791 3966 firmiter
810 3911 840 3964 in
859 3927 909 3965 sue
929 3913 1028 3966 robore
1046 3912 1242 3979 permansuris.

266 4017 356 4074 «Vll.
377 4017 432 4073 Ubi
453 4035 519 4073 vere
538 4019 698 4087 Episcopus,
712 4017 873 4088 posthabito
886 4034 941 4072 uno
959 4018 1005 4073 rel
1024 4017 1115 4072 altere
1133 4035 1168 4073 ex
1186 4020 1354 4088 approbatis,

179 4123 326 4180 ecclesiam
351 4125 501 4181 contulerit
526 4125 617 4194 magis
639 4124 739 4179 idoneo
762 4125 797 4178 ob
823 4123 947 4195 aliquam
971 4125 1024 4178 sibi
1048 4125 1102 4193 ipsi
1125 4129 1234 4180 tantum
1260 4130 1354 4180 notam

179 4247 300 4298 causam,
319 4249 401 4302 quam
422 4234 534 4287 censeat
553 4229 704 4300 significari
730 4235 861 4300 oportere
885 4231 971 4286 iudici
995 4230 1193 4301 appellationis
1210 4231 1244 4286 ad
1263 4232 1356 4288 deter-

179 4335 297 4405 gendam
310 4335 430 4392 iniustae
444 4339 560 4391 sortasse
573 4334 788 4406 praeelectionis
803 4339 910 4390 notam:
924 4337 1108 4392 familiaribus
1120 4336 1225 4392 litteris
1236 4337 1354 4391 iudicem

178 4441 325 4500 certiorem
350 4441 452 4502 efficiet
470 4441 649 4514 {inviolabilis
672 4441 772 4498 secreti
797 4441 862 4513 loge
887 4443 1003 4498 adiecta.
1029 4443 1117 4498 Nemo
1142 4443 1194 4510 sit,
1212 4444 1266 4515 -qui
1282 4432 1357 4500 bane
