3292 5109
475 304 521 351 DE
544 303 684 353 lumcns
707 303 972 353 nccnnslasmots
1255 284 1323 353 235

142 424 247 493 etium
262 428 517 495 Ecclesiasticus
535 429 583 495 ad
604 427 726 495 Urbem
744 427 955 514 Cariamque
968 426 1067 493 Rom.
1091 426 1321 493 venientes

143 552 329 640 honorifice
360 574 457 623 more
489 556 662 623 maloram
693 554 912 639 accipiuntur
927 576 959 619 a.
983 556 1051 620 Pro
1074 554 1220 621 curanda
1241 576 1322 622 vero

141 675 325 743 huiusmodi
341 678 459 743 rituum
476 680 508 743 et
523 678 801 745 caeremoniarum
816 681 885 744 tum
908 696 1077 744 sacrarum
1096 682 1163 745 tum
1179 678 1321 744 civilium

141 818 299 887 congrua
328 800 524 869 eaeeaaoae
546 802 580 866 in
603 800 735 888 Capella
758 804 790 867 et
812 800 898 867 Aula
920 797 1102 875 Pontificia,
1126 800 1210 866 idem
1234 802 1321 867 Pon-

141 928 225 993 tifex
248 928 386 995 instituit
408 927 698 1014 congregationem
722 926 1007 993 Caeremonialem.
1034 926 1139 991 Huius
1164 926 1322 992 cardina-

140 1053 230 1118 litiae
254 1052 521 1141 congregationis
551 1052 793 1138 praefecturam
816 1052 903 1138 gerit
926 1048 1108 1116 Cardinalis
1131 1050 1223 1117 Sacri
1246 1050 1321 1118 col·

140 1178 219 1264 legii
243 1178 408 1253 oceanum
431 1197 515 1243 unus
539 1196 582 1241 ex
604 1176 770 1261 Magistris
791 1176 1075 1242 Caeremoniarnm
1100 1174 1216 1239 Palatii
1232 1176 1320 1261 Apo·

142 1300 248 1367 stolici
272 1300 447 1369 Secretarii
469 1320 585 1365 manns
607 1300 734 1385 explet;
758 1304 792 1364 et
814 1298 917 1365 ceteri
943 1297 1227 1366 caeremoniarum
1254 1298 1320 1363 Ma-

143 1426 236 1512 gistri
259 1431 335 1492 sant
359 1427 574 1494 Coasattores
596 1426 679 1492 auli.

233 1552 307 1617 196.
333 1552 553 1637 competentia
581 1552 676 1618 huius
707 1552 866 1637 congreg.
895 1552 945 1616 est
967 1550 1143 1617 exocaliva
1174 1556 1206 1616 et
1230 1550 1320 1618 iadi-

143 1675 249 1743 atatis.
276 1712 294 1725 -
319 1677 379 1743 Est
401 1676 591 1749 exocaliva,
617 1676 733 1761 quippe
768 1676 831 1741 ista
863 1674 971 1740 studet
1004 1679 1039 1738 ut
1072 1674 1158 1739 sacri
1181 1675 1263 1740 ritus
1285 1674 1319 1737 in

143 1800 278 1886 publicis
301 1798 517 1866 functionibus
544 1797 710 1883 papalibus
740 1797 954 1863 observentur
976 1801 1009 1860 et
1032 1795 1183 1880 religiose
1205 1794 1319 1880 imple-

143 1932 250 1993 antur.
276 1962 294 1976 -
320 1927 401 1991 Item
425 1945 497 1993 cum
514 1925 631 2011 Reges.
649 1924 819 2009 Principes
843 1941 1020 2006 eorumque
1040 1920 1207 1993 Oratores,
1224 1921 1321 1986 aliae·

143 2068 205 2133 que
227 2048 370 2135 insignes
401 2067 559 2134 personne
589 2046 776 2113 solemniter
798 2044 839 2110 ad
868 2042 1033 2110 Pontificis
1055 2042 1237 2128 adloquium
1261 2042 1318 2108 ad-

144 2172 323 2255 mittuntur,
340 2192 471 2240 normas
491 2172 655 2237 constituit
677 2168 897 2235 observandas
919 2170 951 2235 in
976 2168 1161 2233 eorumdem
1185 2186 1318 2267 accessu

144 2302 176 2363 et
192 2298 330 2363 solemni
352 2296 561 2372 admissione;
586 2314 705 2362 curans
719 2300 755 2360 at
769 2294 849 2359 ordo
865 2294 1144 2359 caeremoniarum
1168 2295 1319 2380 exigatur

143 2422 182 2489 ad
204 2423 337 2508 regulas
359 2422 550 2509 iampridem
573 2443 633 2509 usu
657 2426 805 2507 receptas
829 2420 861 2485 in
886 2419 983 2486 coria
1004 2418 1169 2486 Pontificis
1192 2425 1225 2485 et
1247 2426 1318 2485 tra·

143 2546 253 2613 ditioni
270 2544 316 2632 (l)
341 2546 535 2611 commissas.
565 2546 673 2619 Quare
697 2543 772 2610 dum
794 2545 876 2609 istae
898 2540 1107 2607 admissiones
1128 2543 1235 2607 locum
1258 2541 1317 2607 ha-

141 2669 228 2743 hent.
253 2670 456 2735 Secretarius
478 2669 573 2734 huius
597 2669 696 2753 cong.
722 2666 813 2733 adest
835 2668 869 2732 in
891 2664 1017 2731 Palatio
1040 2666 1225 2751 Apostolico
1240 2666 1319 2751 vigi·

141 2796 212 2861 lans
235 2802 270 2860 nt
293 2796 402 2859 omnia
426 2794 488 2859 rita
511 2793 714 2879 expleantur.

232 2920 321 2987 idem
345 2920 547 2987 Secretarius
577 2920 737 3006 appositas
760 2918 815 2985 dat
837 2935 968 2981 normas
991 2919 1057 2980 tum
1090 2913 1182 2979 novis
1205 2912 1317 2980 cardi-

140 3042 277 3114 nalibus,
295 3044 348 3127 qui
365 3061 425 3128 per
439 3046 530 3107 actus
545 3040 703 3105 solemnes
719 3040 888 3124 suspicare
904 3035 1022 3103 debent
1036 3034 1225 3121 dignitatem
1242 3034 1318 3099 Car·

140 3168 312 3243 dinalatus,
335 3172 403 3232 tum
419 3167 512 3233 Viris
530 3166 682 3252 allegatis
697 3164 738 3230 ad
753 3163 911 3231 tradenda
934 3159 1157 3228 Cardinalibus
1179 3158 1317 3244 insignia

140 3293 375 3363 cardinalatus.

230 3416 453 3503 competentia
481 3414 653 3482 iudicialis
683 3418 858 3481 exercetur
879 3411 920 3477 ab
949 3410 1013 3477 hac
1036 3411 1135 3494 (long.
1159 3410 1193 3473 in
1216 3426 1316 3492 expe-

141 3538 266 3607 diendis
282 3540 512 3606 controversiis
528 3540 618 3605 circa
633 3540 715 3613 iura,
732 3556 814 3623 quan
830 3540 1015 3621 competunt
1037 3535 1184 3619 personis
1200 3533 1318 3599 curiae

143 3662 331 3732 Pontificiae
354 3664 489 3730 addictis
504 3665 536 3730 in
557 3665 658 3729 sacris
682 3670 714 3729 et
737 3661 933 3729 solemnibus
955 3657 1181 3726 functionibus.
1207 3658 1318 3742 Nuper

141 3786 209 3855 eius
231 3786 349 3853 iudicio
373 3787 532 3874 dirempto
555 3787 616 3854 suit
639 3787 863 3852 controversia
885 3782 926 3850 de
947 3784 1041 3849 titulo
1064 3780 1238 3863 Principis
1257 3778 1317 3846 As·

229 4108 269 4179 (l)
289 4108 351 4163 Non
375 4107 448 4163 enim
471 4106 591 4164 habetur
615 4108 644 4163 in
667 4108 753 4162 curia
782 4105 900 4162 Romani
926 4103 1071 4159 Pontifiois
1098 4102 1193 4157 codex
1220 4100 1315 4155 Caeri-

141 4212 282 4278 mom'alis,
300 4212 347 4266 sed
367 4213 551 4267 observantur
573 4218 702 4282 receptae
722 4210 944 4276 consuetudines,
964 4225 1081 4279 quaram
1100 4206 1180 4262 testis
1199 4207 1242 4260 ast
1259 4208 1317 4259 tra·

142 4316 220 4385 ditio,
232 4321 261 4372 et
274 4318 297 4371 si
311 4332 383 4389 qnae
396 4316 496 4371 adsunt
508 4316 613 4387 scripta
630 4318 805 4382 documenta,
819 4313 888 4370 haec
901 4320 1016 4369 exarata
1033 4312 1145 4367 suntad
1158 4308 1317 4365 referendos

143 4419 267 4477 invectos
285 4438 386 4479 mores.
405 4422 445 4477 cl.
459 4422 614 4490 Lunadoro,
627 4422 775 4477 Relatioae
787 4422 867 4478 della
880 4420 964 4476 corte
976 4421 1006 4475 di
1024 4420 1120 4474 Roma.
1145 4421 1221 4473 Tom.
1234 4415 1273 4469 11.
