3292 5109
309 266 378 331 372
831 284 915 332 raas
941 282 976 329 11.

311 408 510 495 expostulari
542 410 603 474 nisi
633 410 921 495 promulgationem
946 414 979 473 et
1002 408 1252 494 divulgationem
1285 409 1363 475 iure
1392 414 1493 473 natu-

310 536 381 601 rali
404 536 591 620 requisitam
615 535 655 601 ad
678 535 971 621 pariendam‘legis
996 534 1233 621 obligationem.

401 659 478 725 296.
495 659 625 744 Aliquid
647 660 741 725 modo
765 660 934 727 dicendum
960 668 1009 727 est
1032 660 1072 727 de
1088 660 1208 728 Sacrae
1225 660 1498 745 congregationis

315 786 446 851 Rituum
463 785 612 851 decretis.
630 787 734 851 Huius
750 786 1016 873 congregationis
1039 786 1171 851 decreta
1187 804 1359 863 commuue
1374 783 1497 849 habent

316 930 389 974 cum
413 910 485 975 aliis
516 912 639 976 emissis
662 931 682 975 a
705 910 737 977 S.
762 910 1021 997 Congregatione
1045 911 1188 982 Concilii,
1213 915 1248 975 ut
1275 912 1401 995 possint
1425 929 1499 975 eme

315 1036 452 1122 triplicis
475 1038 605 1123 generis
628 1058 688 1122 pro
711 1038 829 1123 triplici
848 1042 1005 1123 potestate
1021 1057 1083 1121 qua
1098 1037 1158 1101 ista
1174 1035 1282 1121 pollet,
1304 1054 1425 1120 nempe
1447 1036 1496 1100 in·

316 1159 530 1243 terpretativa
545 1160 652 1245 legum
669 1159 842 1241 ritualium,
859 1158 1041 1246 legislativa
1056 1160 1088 1224 in
1104 1160 1238 1225 materia
1255 1176 1427 1223 sacrorum
1452 1158 1495 1221 ri-

314 1290 405 1351 tuum
422 1291 454 1349 et
470 1284 610 1350 iudiciali
627 1284 659 1349 in
676 1286 907 1349 controversiis
923 1285 1012 1350 circa
1028 1286 1147 1350 rituum
1167 1284 1370 1368 aliarumque
1394 1286 1496 1349 ritua-

313 1408 392 1473 lium
415 1409 704 1493 praescriptionum
728 1408 965 1473 observantiam
990 1410 1124 1475 exortis.
1146 1408 1217 1473 Hoc
1240 1407 1343 1473 habet
1366 1412 1501 1473 omnino

314 1530 374 1596 sibi
404 1532 570 1617 proprium
601 1537 637 1595 ut
667 1532 735 1595 eius
765 1530 914 1612 decreta,
939 1532 1035 1597 etiam
1066 1550 1137 1597 non
1160 1531 1312 1597 consulto
1339 1530 1500 1597 Romano

316 1650 491 1737 Pontifiee
516 1652 687 1738 publicata,
703 1652 831 1737 plenam
848 1651 1014 1717 obtineant
1029 1654 1272 1729 auctoritatem
1298 1656 1410 1738 prouti
1427 1674 1501 1719 cou-

314 1773 476 1842 firmatum
501 1777 562 1841 tuit
585 1775 715 1841 decreto
739 1777 802 1841 iam
827 1778 880 1841 cit.
898 1776 953 1841 die
975 1775 1026 1842 23
1050 1776 1137 1842 Μαὶἰ
1159 1776 1258 1842 1846.
1280 1777 1499 1841 Nihilominus

316 1902 349 1967 in
380 1922 471 1969 more
503 1909 553 1970 est
581 1903 676 1968 huius
706 1902 737 1969 S.
763 1902 882 1987 cong„
908 1903 1070 1969 Summum
1103 1900 1294 1967 Pontificem
1327 1905 1503 1968 consulere

317 2025 409 2107 quasi
433 2022 472 2087 ad
495 2025 649 2089 maiorem
674 2023 814 2090 decretis
837 2006 1069 2091 conciliandam
1095 2026 1325 2091 reverentiam.

405 2150 545 2215 Decreta
567 2170 648 2234 quae
671 2150 711 2214 ab
735 2150 798 2216 hac
818 2150 918 2237 Cong.
935 2151 1103 2238 prodeunt,
1120 2152 1184 2216 alia
1199 2150 1356 2217 dicuntur
1371 2152 1498 2232 somnu-

196 2273 199 2277 ’
317 2272 394 2339 liter
408 2275 593 2359 generalia,
612 2276 675 2339 alia
691 2274 958 2359 aequipollenter
973 2277 1158 2363 generalia,
1176 2276 1241 2340 alia
1252 2277 1500 2358 particularius

315 2394 397 2461 Sunt
417 2395 611 2479 formaliter
631 2398 808 2483 generalia
832 2416 913 2483 quac
938 2400 1153 2466 enuncientur
1179 2397 1237 2462 sub
1269 2398 1415 2462 formula
1438 2419 1494 2484 ge·
1614 2406 1615 2413 ’

317 2520 423 2585 nerali
447 2540 504 2585 seu
527 2542 599 2586 cum
622 2523 848 2606 inscriptione:
874 2524 1045 2588 Decretum
1068 2524 1240 2608 generale,
1266 2523 1319 2588 vel
1346 2522 1444 2589 Urbis
1465 2530 1497 2587 et

319 2643 429 2716 Orbis.
453 2648 509 2709 aut
531 2645 595 2709 alia
618 2646 724 2709 simili.
742 2645 828 2711 Sunt
852 2646 1117 2731 aequipollenter
1139 2646 1327 2733 genualia,
1342 2666 1427 2729 quae
1449 2650 1496 2709 in-

315 2774 538 2855 terpretantur
561 2770 614 2835 vel
637 2776 822 2856 proponunt
852 2772 990 2855 aliquam
1015 2772 1164 2837 ritualem
1194 2772 1495 2857 praescriptionem.

318 2896 427 2957 tamen
452 2893 607 2977 inscripta
631 2894 760 2957 nomine
783 2893 989 2979 particularis
1005 2894 1172 2959 Ecclesiae
1187 2894 1239 2959 rel
1256 2894 1425 2978 dignitatis
1446 2914 1500 2978 pc—

236 3042 239 3048 ·
318 3016 477 3080 stulantis.
496 3017 546 3081 lta
568 3036 620 3080 ex.
638 3036 687 3101 gr.
705 3017 889 3100 praefectus
912 3018 1182 3081 coerimoniarum
1204 3016 1411 3083 Cathedralis
1428 3003 1496 3081 'lle

316 3138 442 3203 litensis
465 3138 553 3201 inter
575 3137 640 3201 alia
662 3137 853 3222 postulavit:
877 3138 967 3202 «An
990 3137 1159 3211 sacerdos,
1176 3137 1317 3221 quando
1334 3136 1498 3203 bmaedieit

311 3262 484 3346 poputum
507 3250 608 3328 saera
626 3262 778 3347 pyxide,
803 3262 921 3329 debeat
944 3262 1039 3328 ittam
1063 3268 1167 3329 totam
1190 3260 1368 3345 cooperare
1391 3266 1501 3327 eatre-

318 3388 491 3453 mitatibus
507 3388 573 3453 veti
588 3387 727 3473 adiungi
742 3387 938 3463 humeralm
955 3386 1244 3473 quenradrncdum
1259 3384 1352 3451 iubet
1372 3384 1499 3450 rituale

318 3510 516 3578 Romanum
533 3510 570 3575 in
586 3512 754 3579 delatione
769 3512 883 3579 viatici
899 3534 918 3576 a
938 3518 969 3577 et
986 3512 1016 3579 S.
1035 3512 1249 3599 Congregatio
1267 3510 1323 3577 die
1338 3508 1384 3576 13
1399 3509 1496 3576 Febr.

318 3635 412 3703 1839
434 3636 618 3722 respondit:
644 3636 802 3703 «Deberi
823 3637 861 3703 in
885 3636 1108 3705 benedicendo
1136 3638 1265 3723 populo
1293 3656 1373 3703 eum
1398 3654 1500 3702 sara-e

314 3762 451 3848 putride
466 3758 561 3828 illam
586 3768 690 3828 toturn
714 3763 890 3847 cooperire
906 3762 1174 3830 entremitatibus
1196 3761 1262 3829 neti
1285 3760 1429 3847 oblnnpi
1444 3760 1500 3826 bn·

318 3888 460 3954 merulis
475 3910 507 3953 a.
533 3888 625 3963 Quod
649 3888 815 3955 decretum
839 3909 882 3956 ex
905 3889 1053 3957 subiecta
1075 3888 1222 3956 materia
1253 3909 1311 3955 seu
1339 3888 1502 3974 aequipol-

318 4013 426 4078 lenter
456 4018 505 4079 est
534 4014 689 4101 generale
719 4035 775 4081 seu
807 4034 919 4080 omnes
952 4015 1116 4081 Ecclesias
1146 4018 1273 4101 spectat
1303 4018 1338 4079 et
1368 4013 1498 4099 obligat.

319 4138 402 4205 Sunt
423 4159 504 4205 vero
523 4139 754 4222 particularia
777 4140 911 4205 decreta
934 4158 1063 4205 causam
1087 4140 1140 4205 vel
1162 4158 1338 4226 personam
1362 4138 1498 4225 particu-

318 4264 422 4330 larem
447 4265 663 4351 respicientia,
689 4264 772 4349 quo'd
796 4266 892 4331 etiam
916 4264 1095 4332 desumitur
1118 4286 1160 4331 ex
1183 4266 1331 4333 subiecta
1354 4265 1500 4337 materia

320 4388 473 4452 nimirum
497 4406 539 4452 ex
563 4390 712 4473 rescripti
738 4388 901 4474 conceptis
923 4388 1041 4455 verbis.
