3292 5109
508 272 552 319 nn
576 272 715 320 inurens
738 270 1004 319 nccnasmsrrms
1292 252 1364 318 267*

177 413 251 467 vae,
276 396 392 480 quippe
415 396 480 461 vim
504 417 594 463 suam
617 399 746 463 nonnisi
776 396 817 461 ab
850 396 1082 482 approbatione
1106 395 1274 463 Pontificis
1296 418 1363 463 sor·

177 518 313 581 tiuntur.

267 644 408 709 Praeter
431 642 716 712 emiraordiaaria
744 648 887 732 negotia,
917 646 982 711 alia
1009 645 1140 732 expedit
1170 644 1362 727 ordinaria,

178 764 281 846 quoad
312 764 623 831 administrationem
656 766 910 833 ecclesiasticam
941 766 1154 853 quarumdam
1180 769 1360 853 regionum.

178 886 342 969 Siquidem
366 890 451 956 illius
475 892 624 975 regimini
648 893 839 957 commissae
861 896 938 957 sunt
960 892 1087 977 aliquae
1110 892 1306 977 provinciae,
1327 893 1361 954 in

178 1010 292 1090 quibus
315 1010 504 1077 hierarchia
527 1014 749 1079 ecclesiastica
779 1016 954 1080 constituta
981 1020 1031 1081 est
1052 1034 1092 1080 ac
1115 1016 1164 1079 ius
1191 1033 1362 1078 commune

177 1136 282 1220 riget;
307 1136 383 1199 item
407 1136 562 1201 nonnulla
585 1157 752 1225 sacrarum
777 1139 964 1205 missionum
986 1139 1070 1204 loca.
1092 1140 1164 1204 Hoc
1185 1140 1362 1224 praecipue

179 1260 298 1326 factum
315 1266 364 1327 est
379 1260 419 1325 ob
436 1262 582 1347 politicas
606 1265 759 1337 rationes,
784 1268 841 1329 aut
862 1265 1090 1349 expostulante
1106 1284 1171 1329 uno
1186 1264 1240 1329 vel
1255 1263 1360 1329 altero

179 1385 264 1449 civili
290 1386 459 1471 gubernio.

266 1510 344 1577 220.
369 1514 533 1599 Regiones
564 1513 749 1598 praedictae
781 1518 857 1579 sunt
886 1514 1080 1599 praesertim
1111 1513 1265 1579 America
1295 1512 1361 1577 La-

177 1636 245 1699 tina
269 1632 333 1721 (l),
357 1634 520 1701 dioeceses
545 1636 685 1721 Imperio
709 1636 846 1701 Russico
869 1636 1049 1718 subiectae,
1080 1638 1249 1703 territoria
1271 1658 1355 1722 quae

178 1762 312 1827 subsunt
327 1762 583 1848 iuripatronatus
601 1764 699 1849 Regis
715 1763 901 1830 Lusitaniae
913 1765 946 1827 in
963 1764 1043 1829 Asia
1058 1768 1090 1828 et
1106 1765 1139 1827 in
1155 1764 1279 1839 Africa,
1297 1771 1358 1831 etc.

265 1889 382 1955 Notum
407 1892 465 1963 est,
489 1889 523 1954 in
549 1890 702 1955 Amerina
717 1889 923 1955 Meridionali
939 1890 1112 1955 nonnullas
1128 1892 1271 1957 existere
1286 1912 1360 1977 apo·

178 2009 307 2076 stolicas
330 2012 518 2097 legationes,
544 2030 627 2095 quae
650 2012 836 2077 mandatum
852 2012 974 2079 habent
993 2011 1358 2100 politico-religiosum,

178 2156 322 2222 quaeque
345 2157 365 2201 a
389 2138 575 2204 Secretaria
599 2139 723 2222 Status,
747 2140 800 2205 vel
823 2140 865 2205 ab
888 2140 951 2247 hac
974 2140 1076 2207 Sacra
1098 2140 1358 2230 congregatione

266 2365 305 2437 (l)
326 2366 355 2419 ln
375 2367 506 2421 America
526 2366 627 2421 Latina
646 2366 803 2423 hierarchia
822 2368 1013 2424 ecclesiastica
1025 2371 1188 2441 iampridem
1201 2376 1295 2427 erecta
1307 2376 1359 2438 est,

178 2476 206 2525 et
223 2472 282 2525 lere
302 2470 405 2541 ubique
424 2470 581 2539 applicatur
600 2471 643 2525 ius
662 2488 823 2527 commune:
843 2490 942 2528 novom
969 2479 1077 2529 tantum
1103 2476 1204 2529 ibidem
1223 2480 1289 2529 sunt
1308 2476 1359 2530 vi-

178 2579 298 2633 cariatus
317 2576 481 2647 Apostolici,
500 2578 550 2631 sub
573 2577 758 2647 dependentia
777 2580 860 2635 huius
879 2580 905 2635 S.
923 2580 1164 2652 congregationis,
1178 2588 1207 2639 et
1220 2602 1361 2654 perpauca

178 2684 239 2739 loca
257 2685 427 2753 missionum,
447 2688 547 2757 quibus
566 2687 715 2741 convenire
741 2688 835 2757 potius
853 2688 963 2743 videtur
981 2688 1103 2758 speciale
1123 2690 1166 2743 ius
1185 2690 1358 2758 pontificium

178 2791 203 2845 S.
223 2793 252 2846 C.
271 2792 304 2847 da
325 2794 508 2863 Propaganda
527 2794 603 2849 Pida.

265 2899 347 2954 Circa
364 2916 389 2953 a.
412 2900 489 2967 1820,
509 2900 668 2971 provinciae
688 2900 802 2957 huiusce
828 2902 960 2971 regionis,
979 2902 1046 2956 olim
1066 2902 1217 2972 Hispaniae
1235 2902 1358 2957 dominio

176 3004 312 3071 subditae,
331 3007 359 3058 in
378 3005 539 3060 libertatem
558 3006 701 3076 politicam
720 3024 749 3061 ee
768 3007 950 3073 vindicantes,
968 3024 1031 3060 cum
1051 3007 1212 3076 Apostolica
1225 2996 1296 3063 Se⁰de
1313 3009 1358 3062 di·

178 3116 251 3167 recte
270 3128 355 3183 agere
373 3114 530 3169 voluerunt.
550 3114 704 3169 petitiones
723 3116 859 3187 siquidem
886 3116 1084 3187 cuiuscumque
1108 3116 1220 3184 generis
1237 3133 1255 3169 a
1274 3132 1355 3185 prae·

177 3215 257 3269 dictis
283 3216 428 3271 American
454 3217 578 3286 partibus
603 3216 637 3271 ad
663 3218 817 3273 Romanam
842 3218 954 3273 Curiam
979 3223 1063 3273 antea
1089 3219 1290 3289 perveniebant
1308 3237 1357 3289 per

177 3320 318 3375 tramitem
343 3321 480 3391 hispanici
499 3322 592 3387 officii,
614 3322 700 3392 vulgo
719 3325 844 3393 Apameia
862 3328 897 3378 de
913 3340 1016 3394 preces
1038 3326 1198 3393 nuncupati.
1219 3325 1287 3378 Post
1304 3342 1356 3379 an-

177 3426 246 3497 tiqui
266 3428 411 3497 regiminis
430 3430 609 3493 eversionem,
629 3430 763 3500 Hispania
783 3431 864 3487 valde
883 3432 1006 3487 sollicita
1024 3436 1085 3486 erat
1105 3436 1136 3485 ut
1155 3430 1257 3485 Sancta
1273 3430 1357 3487 Sedes

177 3546 277 3584 novum
296 3548 389 3586 rerum
408 3536 512 3587 statum
531 3532 682 3587 nullimode
699 3533 881 3602 ratihaberet,
900 3550 933 3588 ac
953 3533 1067 3603 proinde
1080 3531 1256 3602 negotiorum
1271 3550 1357 3602 expe·

175 3636 243 3691 ditio
262 3636 409 3691 admodum
429 3638 550 3692 difficilis
569 3644 630 3693 erat
649 3640 677 3693 in
696 3641 744 3694 via
762 3640 911 3695 ordinaria.
933 3640 974 3694 ad
993 3639 1149 3694 huiusmodi
1170 3638 1294 3694 tollenda
1311 3638 1357 3692 in·

175 3744 327 3809 commoda,
345 3762 417 3816 quae
436 3748 464 3800 in
484 3748 638 3801 animarum
657 3747 787 3803 damnum
802 3752 958 3815 vertebant,
971 3748 1100 3803 Summus
1115 3748 1243 3803 Pontifex
1260 3766 1356 3803 earum

175 3852 320 3921 regionum
340 3868 443 3919 curam,
462 3868 566 3921 preces,
585 3854 700 3923 negotia
719 3854 863 3909 remittere
879 3856 972 3924 coepit
990 3854 1055 3908 huic
1074 3854 1175 3909 Sacrae
1194 3854 1357 3926 congrega·

176 3956 252 4011 tioni.
265 3956 380 4022 Verum,
398 3956 471 4027 quod
490 3974 539 4027 par
558 3957 669 4011 modum
694 3959 866 4028 provisoriae
885 3959 1059 4027 exceptionis
1078 3958 1267 4013 introductum
1287 3963 1356 4024 arat,

175 4068 265 4119 tractu
286 4065 428 4134 temporis,
447 4066 611 4135 praesertim
630 4066 702 4121 aba
719 4066 797 4132 1850,
811 4066 839 4119 in
853 4066 897 4119 ius
915 4066 1085 4119 ordinarium
1100 4066 1213 4119 transiit
1225 4070 1254 4120 et
1266 4064 1356 4119 adhuc

174 4168 259 4239 viget,
278 4172 399 4225 maxime
424 4186 508 4241 quum
528 4172 607 4225 valde
632 4172 805 4225 commodum
830 4172 868 4224 sit
889 4172 1105 4227 recurrentibus.
1126 4201 1139 4213 ·
1159 4171 1303 4225 similibus
1321 4170 1355 4225 de

174 4280 272 4345 causis,
292 4279 443 4350 eodemque
463 4282 520 4335 fere
540 4285 679 4349 tempora,
705 4280 812 4335 tributa
830 4286 892 4335 sunt
919 4280 984 4335 huic
1002 4278 1219 4350 congregationi
1239 4276 1355 4348 negotia

175 4382 354 4438 Brasiliensis
372 4384 502 4454 regionis,
521 4400 592 4455 quae
611 4401 628 4437 a
648 4384 809 4438 Lusitanica
828 4385 934 4441 ditione
953 4385 1112 4441 necessita.
1134 4386 1211 4441 1822.
