3292 5109
463 344 506 390 nn
529 344 668 393 ionicus
693 344 959 393 sconssnmrrcis
1255 326 1301 393 99

124 464 308 530 Secretario
329 474 363 532 et
385 466 481 531 hodie
503 469 600 534 etiam
624 488 697 533 cum
720 469 791 535 aliis
815 467 1005 535 officialibus
1027 468 1169 535 eiusdem
1189 469 1302 535 Secre-

125 588 204 668 tarii,
220 593 359 685 vocatur
373 608 583 675 congressus.
607 626 625 637 -
648 590 782 678 Singula
800 611 927 676 quoque
942 591 1152 667 hebdomada
1168 592 1298 681 dempto

125 712 326 777 vacationum
349 719 503 799 tempore,
527 716 628 779 semel
651 720 706 780 aut
738 716 795 790 bis,
819 717 912 781 statis
934 716 1055 791 diebus,
1079 717 1219 784 babetur
1240 720 1300 785 bu·

125 834 255 901 iusmodi
279 855 480 922 congressam
501 838 535 902 in
558 838 689 905 aedibus
713 838 893 905 cardinalis
917 840 1091 905 Praefecti.

210 962 254 1026 At
277 962 451 1027 nonnullae
467 963 741 1049 Congregationes
766 984 830 1029 non
850 964 972 1030 habent
990 965 1207 1039 Praefectum.
1224 969 1300 1051 quia

128 1086 277 1153 Pontifex
300 1086 358 1152 sibi
383 1090 565 1154 reservavit
589 1088 849 1164 Praefecturam;
874 1094 909 1155 ut
939 1090 1061 1155 factum
1084 1096 1135 1156 est
1156 1091 1189 1156 in
1212 1091 1299 1157 con-

107 1211 312 1295 gregatione
336 1210 512 1296 Supremas
535 1217 569 1279 et
592 1212 685 1279 Univ.
710 1212 943 1296 Inquisitionis‚
974 1215 1008 1278 in
1038 1213 1299 1301 congregatione

129 1326 362 1416 coerimoniali‚
378 1341 410 1402 et
431 1337 465 1399 in
483 1336 582 1421 Gong.
600 1336 720 1403 Sacrae
736 1337 948 1402 visitationis.
965 1337 1092 1403 Verum
1107 1339 1141 1401 in
1157 1338 1208 1403 his
1232 1359 1302 1404 mu·

130 1478 204 1522 uera
220 1458 400 1523 cardinalis
417 1458 581 1524 Praefecti
603 1462 675 1545 geri
698 1460 803 1525 solent
818 1480 839 1524 a
854 1463 982 1526 seniore
998 1462 1084 1526 inter
1098 1461 1297 1529 cardinales.

212 1582 266 1647 96.
293 1584 363 1649 Non
386 1603 451 1649 una
467 1588 515 1649 ost
529 1604 626 1649 causa
642 1583 682 1649 ob
702 1604 796 1668 quam
821 1585 961 1650 inaximo
984 1587 1195 1651 excreverint
1218 1605 1303 1671 quae

129 1705 166 1769 ad
187 1706 218 1773 S.
242 1706 518 1793 congregationes
544 1706 736 1773 deferuntur
760 1707 905 1793 negotia;
930 1707 1004 1773 inde
1028 1711 1179 1775 materies
1202 1716 1300 1775 aucta

132 1840 176 1899 est
196 1840 263 1899 tum
285 1833 537 1919 congressibus,
561 1839 631 1900 tum
651 1834 762 1916 plenis
785 1835 1104 1922 congregationibus
1111 1855 1126 1919 ;
1149 1835 1205 1901 sed
1232 1838 1303 1903 istis

133 1958 356 2044 posterioribus
371 1959 568 2045 temporibus
583 1962 684 2045 magis
701 1960 847 2025 evolutus
871 1965 920 2025 est
935 1981 1012 2026 usus
1034 1967 1067 2026 et
1089 1962 1227 2028 ambitus
1242 1982 1300 2027 seu

134 2084 338 2169 competentia
367 2103 610 2171 congressuum
641 2104 735 2167 quam
762 2084 951 2167 plenorum
982 2087 1296 2172 congregationum,

135 2210 202 2292 quia
223 2210 316 2274 nimis
338 2229 440 2294 grave
464 2215 549 2274 esset
571 2211 698 2295 saepius
720 2210 844 2275 habere
862 2210 986 2293 platos
1009 2212 1298 2297 congregationes,

136 2354 223 2417 quum
244 2333 361 2419 singuli
385 2332 572 2397 cardinales
588 2336 635 2397 tot
657 2331 728 2396 aliis
744 2331 873 2425 distenti
895 2334 961 2397 sint
983 2333 1246 2418 occupationibus
1269 2338 1302 2399 at

137 2456 252 2542 longior
271 2458 312 2520 sit
335 2474 504 2541 processus
522 2474 582 2539 pro
598 2455 735 2539 negotiis
752 2462 842 2519 recte
857 2455 1089 2539 praeparandis
1112 2454 1301 2522 discussioni
1343 2546 1348 2555 Ι

138 2586 166 2642 et
179 2578 394 2644 deliberationi
410 2580 551 2643 omnium
567 2577 787 2645 cardinalium
803 2578 899 2642 alicui
923 2580 1167 2665 congregationi
1186 2580 1300 2646 iuscri-

139 2705 262 2783 piorum.

219 2824 319 2887 Porro
344 2822 473 2907 negotia
498 2822 612 2906 cuique
631 2820 882 2906 congregationi
907 2824 1122 2906 competentia
1144 2824 1208 2887 alia
1222 2844 1303 2909 gra-

141 2946 224 3011 oioro
238 2954 320 3017 suot,
345 2946 410 3009 alia
424 2945 571 3027 minora,
596 2946 660 3009 alia
684 2944 972 3019 eostraiudicialio,
995 2946 1061 3010 alia
1075 2945 1262 3013 iudicialis.
1282 2983 1300 2997 ·

142 3066 277 3155 citaeque
292 3070 509 3156 congregatio
533 3089 591 3135 sua
613 3068 752 3135 admittit
775 3070 913 3153 negotia,
931 3069 1043 3134 eadem
1067 3071 1247 3139 inscribens
1266 3072 1299 3136 iu

141 3216 218 3259 suum
233 3196 481 3278 Protocotlum;
504 3196 561 3261 sed
584 3195 663 3259 nihil
688 3193 841 3279 prohibet
861 3197 1030 3278 quominus
1053 3198 1217 3282 negotium
1233 3198 1296 3262 iam

142 3318 236 3383 taliter
257 3320 454 3403 inscriptum,
479 3323 603 3403 postea,
628 3338 665 3383 re
694 3318 807 3381 melius
835 3335 1008 3403 perpensa,
1032 3318 1074 3383 ad
1097 3321 1193 3384 aliam
1217 3321 1302 3387 con·

140 3442 346 3525 gregationem
371 3442 562 3512 remittatur,
587 3442 676 3505 iussu
698 3443 806 3506 tamen
829 3440 927 3527 ipsius
942 3439 1220 3525 congregationis,
1236 3461 1303 3506 non

140 3562 261 3648 simplici
285 3564 424 3649 partium
448 3564 621 3629 voluntate.

218 3688 344 3751 Minora
375 3690 513 3773 negotia,
539 3708 621 3771 quae
643 3688 789 3773 expediri
818 3687 935 3753 debent
958 3706 978 3750 a
1001 3692 1092 3752 certa
1115 3686 1303 3774 congrega·

140 3811 216 3876 tione
238 3832 294 3897 pro
317 3810 524 3876 facultatibus
548 3811 661 3895 quibus
684 3813 753 3897 ipsa
777 3812 886 3897 pollet.
903 3813 930 3877 si
950 3811 1040 3876 nulla
1064 3811 1230 3896 indigeant
1252 3812 1307 3879 de·

142 3933 333 4011 liberatione,
359 3937 398 4003 ab
430 3935 617 4003 officialibus
641 3939 845 4005 Secretariae
880 3938 1072 4023 rediguntur
1099 3942 1132 4004 in
1163 3940 1303 4007 debitam

145 4064 275 4148 rescripti
299 4065 446 4135 formam,
464 4084 545 4148 quae
567 4062 602 4129 lit
626 4066 811 4131 authentica
831 4063 890 4151 p'er
907 4064 1173 4152 subscriptionem
1190 4069 1304 4134 Secre-

145 4186 207 4249 iarii
227 4192 258 4255 et
280 4188 459 4254 cardinalis
485 4188 661 4256 Praefecti.

186 4378 188 4381 .
221 4308 308 4375 luter
323 4310 449 4375 minora
472 4311 610 4397 negotia,
634 4312 788 4375 nonnulla
812 4313 920 4397 aliqua
943 4314 1149 4400 implicantur
1173 4314 1306 4381 difficul-

146 4433 216 4507 tate;
238 4434 308 4502 iude
326 4438 532 4503 remittuntur
547 4438 767 4504 deliberationi
786 4459 1005 4527 congressus;
1026 4448 1059 4507 et
1074 4442 1303 4527 expediuntur,
