3292 5109
309 250 376 317 428
839 268 923 317 ruas
948 268 984 315 11.

307 397 358 457 est
381 412 494 458 eorum
516 392 615 459 iudex
637 396 834 479 competens,
858 410 933 475 cap.
951 391 1044 458 Sane
1063 390 1117 457 De
1139 391 1206 469 for.
1226 396 1363 474 compet
1432 388 1494 457 Sed

309 511 343 575 in
367 514 587 581 criminalibus
609 534 674 579 non
697 520 803 600 potest
828 514 997 581 conveniri
1019 512 1222 601 (Episcopus)
1239 532 1352 578 eoram
1368 512 1494 579 Metro-

308 638 468 723 politauo;
493 660 568 707 uam
591 641 633 706 de
655 639 782 707 delictis
807 640 984 706 maioribus
1011 638 1211 724 depositione
1238 638 1346 723 dignis
1378 657 1496 723 cogno

307 764 371 829 scit
385 766 473 830 solus
486 765 589 851 Papa;
606 766 646 831 de
660 766 798 832 minimis
811 766 989 833 Concilium
1001 764 1218 830 Provinciale.
1235 763 1362 831 concii.
1382 762 1494 835 Trio„

309 884 396 955 Sess.
413 890 474 963 24,
492 908 566 973 cop.
584 890 619 965 5,
635 888 690 956 De
711 890 776 973 ref.
794 910 826 955 ».

400 1014 580 1080 Praeterea
609 1016 636 1079 si
663 1012 860 1079 contendant
890 1013 1042 1100 Episcopi
1071 1011 1274 1077 diversarum
1306 1010 1497 1097 provincia·

308 1156 382 1201 rum
417 1138 473 1203 ille
507 1140 775 1224 Metropolitanus
808 1144 859 1205 est
893 1144 1096 1223 competens,
1133 1156 1179 1203 em
1212 1154 1288 1219 cap.
1326 1135 1425 1201 Sane
1458 1133 1495 1211 3,

308 1258 360 1325 De
380 1260 448 1344 for.
473 1280 583 1344 comp.
606 1262 656 1337 X,
681 1260 738 1346 (ΙΙ,
762 1262 806 1347 2),
832 1263 865 1325 in
896 1262 987 1327 cuius
1017 1260 1274 1346 provinciano]
1299 1264 1352 1325 est
1375 1278 1435 1323 res
1457 1258 1496 1323 de

308 1401 374 1467 qua
396 1384 619 1458 contendatur,
640 1386 693 1450 vel
717 1386 895 1472 Episcopus
917 1389 973 1449 aut
996 1384 1146 1469 Episcopi
1169 1382 1496 1469 comprehenduntur

308 1508 363 1591 qui
379 1510 412 1573 in
428 1528 525 1574 causa
540 1510 786 1581 conveniuntur,
803 1509 894 1592 quasi
909 1508 962 1573 rei
977 1507 1141 1575 moventi.
1157 1540 1176 1557 -
1190 1508 1318 1572 Verum
1332 1506 1495 1579 Barbosa‚

308 1631 451 1698 Detur.
475 1635 588 1701 eccles.
612 1634 724 1707 unio„
750 1634 804 1701 tib.
830 1633 864 1709 1,
889 1653 963 1719 cap.
989 1634 1022 1709 7,
1046 1654 1080 1698 a.
1105 1633 1153 1699 49
1185 1632 1304 1699 refert:
1334 1654 1352 1695 ‹
1379 1634 1496 1698 Inveni

309 1754 342 1819 S.
368 1754 468 1841 cong.
493 1756 711 1823 cardinalium
739 1758 876 1842 negotiis
901 1756 969 1821 EE.
994 1760 1027 1823 et
1050 1753 1119 1821 RE.
1144 1756 1418 1839 praepositorum,
1444 1774 1496 1818 re-

308 1877 476 1963 scripsisse
500 1879 658 1965 Episcopo
682 1879 835 1965 Regiensi
860 1879 917 1945 sub
942 1878 998 1945 die
1019 1877 1064 1944 31
1086 1878 1174 1943 Moti
1195 1878 1299 1955 1588,
1318 1878 1494 1963 Arcbiepi-

308 2018 441 2085 scopum
464 2020 529 2067 non
552 2022 645 2088 posse
676 2002 813 2069 iudicem
844 2022 914 2069 esse
938 2004 972 2067 iu
995 2002 1100 2067 causis
1130 2001 1282 2067 civilibus
1314 2021 1401 2086 quae
1430 2002 1495 2087 agi·

308 2130 421 2190 tantur
443 2134 558 2192 contra
580 2130 758 2215 Episcopos
781 2124 1010 2215 suffraganeos
1026 2149 1058 2190 a.
1075 2128 1118 2195 Et
1140 2126 1203 2191 hoc
1225 2134 1276 2193 est
1292 2128 1494 2193 conformius

308 2252 487 2319 hodiernae
508 2254 704 2341 disciplinae,
721 2256 796 2339 quia
815 2275 875 2339 pro
898 2251 1185 2319 consultationibus
1200 2258 1233 2317 et
1250 2253 1493 2335 quaestiouibus
1621 2228 1622 2257 ³

310 2380 541 2466 Episcoporum
556 2381 667 2447 Sixtus
679 2380 712 2444 V
722 2382 900 2465 appositam
916 2378 1052 2443 instituit
1063 2378 1371 2463 congregationem.
1386 2378 1490 2453 Quum

309 2520 389 2567 vero
405 2501 480 2567 buic
504 2502 754 2589 Congregationi
776 2502 967 2587 permissum
992 2522 1057 2567 non
1080 2501 1121 2565 sit
1144 2500 1257 2564 videre
1278 2518 1397 2565 causas
1421 2520 1494 2565 cum

309 2626 423 2692 ordine
446 2630 559 2693 stricte
581 2628 733 2701 iudiciali,
759 2630 949 2693 constitutus
968 2626 1029 2692 luit
1045 2625 1183 2691 Auditor
1197 2624 1370 2697 camerae,
1397 2626 1495 2691 iudex
1620 2642 1621 2651 ¹

309 2752 504 2820 Ordinarius
519 2754 750 2838 Episcoporum
775 2754 980 2837 ipsorumque
995 2751 1225 2818 cardinalium.
1240 2750 1349 2817 Hodie
1373 2772 1494 2817 causae

307 2894 390 2961 pure
414 2877 526 2941 civiles
549 2875 654 2941 solent
676 2877 831 2941 committi
855 2876 951 2942 etiam
975 2876 1075 2961 Gong.
1100 2872 1254 2950 concilii;
1280 2894 1402 2940 causae
1428 2878 1495 2940 cri-

308 3000 444 3067 minales
460 2999 770 3086 congregationibus
794 3000 1013 3066 cardinalium
1037 2997 1239 3085 specialibus.
1263 3034 1281 3048 ·
1308 2998 1374 3065 Sed
1397 3000 1495 3066 bodie

309 3126 553 3193 controversiae
577 3124 610 3188 in
633 3124 746 3208 quibus
769 3124 822 3189 vel
842 3125 1019 3211 Episcopus
1043 3128 1093 3189 est
1114 3142 1196 3190 reus
1218 3131 1415 3193 comoedus.
1441 3126 1494 3191 val

309 3247 459 3333 Episcopi
484 3248 579 3312 etiam
602 3246 804 3313 diversarum
829 3247 1069 3330 provinciarum
1098 3246 1184 3311 inter
1215 3266 1250 3310 se
1279 3246 1494 3327 contendunt,

309 3372 413 3438 solent
436 3372 559 3437 directe
583 3371 703 3437 referri
726 3370 767 3436 ad
789 3371 941 3437 iudicium
966 3369 1144 3437 Pontificis.

397 3499 432 3583 2)
456 3501 495 3562 ln
525 3498 668 3565 subditos
691 3494 986 3584 suffraganeorum,
1011 3498 1281 3583 Metropolitanus
1313 3506 1364 3565 est
1396 3500 1495 3586 iudex

309 3618 492 3686 ordinarius
521 3626 645 3686 tantum
669 3622 703 3684 in
726 3622 832 3685 causis
862 3620 1130 3705 appellationum,
1154 3640 1260 3705 neque
1283 3624 1315 3685 ei
1340 3624 1495 3707 competit

308 3746 475 3831 querelam
500 3749 653 3831 excipere
676 3745 841 3819 nullitatis,
860 3746 910 3810 vel
936 3746 1170 3811 restitutionem
1191 3748 1378 3813 concedere
1394 3751 1427 3813 in
1443 3750 1493 3813 in·
1617 3776 1618 3779 ¹

307 3876 456 3957 tegrum‚
481 3877 619 3957 excepto
641 3891 719 3937 casu
742 3890 804 3955 quo
827 3891 900 3936 cum
932 3865 1162 3955 suffraganeus
1191 3876 1391 3957 cognoverit
1416 3874 1494 3939 iudi·

308 3997 435 4064 cialiter
458 3998 499 4064 de
521 3998 655 4082 querela
684 3997 840 4062 nullitatis
872 4001 928 4063 aut
958 3996 998 4061 de
1029 3998 1233 4062 restitutione
1258 3999 1292 4063 in
1318 4000 1490 4088 integrum.

309 4122 502 4189 senteutiam
525 4119 608 4195 edat,
623 4119 780 4187 adversus
802 4139 899 4203 quam
921 4118 1093 4205 appellatio
1114 4121 1340 4205 interponitur
1363 4122 1404 4188 ad
1427 4124 1492 4188 Me

309 4247 548 4333 tropolitanurn.

400 4373 480 4437 Nam
504 4373 529 4436 si
554 4366 785 4454 suffraganeus
810 4375 926 4435 renuat
949 4368 1114 4454 querelam
1131 4368 1291 4457 excipere
1309 4374 1363 4439 vel
1380 4392 1488 4459 cogno·
