3292 5109
508 287 718 337 uu1uu1cns
744 287 1010 337 ucouusrnsmors
1283 270 1351 339 403

173 431 294 497 «quae
317 412 350 476 in
374 411 492 475 Nostra
515 410 614 476 Curia
644 409 790 496 expediri
821 411 935 493 solent,
960 412 1132 477 multorum
1156 410 1351 480 Officialium

175 555 194 598 ‹
210 554 344 620 operam
360 532 553 619 expostulat,
569 533 681 634 plures
702 553 743 634 ao
765 535 876 598 varios
891 535 923 597 in
942 534 1059 599 Nostra
1074 533 1172 600 Curia
1187 533 1350 601 Officiales

173 683 194 724 e
211 660 506 727 Praedeoessorum
531 661 721 726 Nostrorum
738 662 897 747 sapientia
914 662 1086 729 constituit.
1105 660 1270 729 Officiales
1284 665 1351 731 No-

120 871 123 877 .
172 803 193 847 s
211 789 299 851 strae
315 765 434 849 (iuriae
456 783 641 868 superiores
662 788 754 850 sunt:
772 784 926 851 Vinarius
943 786 1122 859 Generalis,
1140 786 1302 853 Patronus
1319 794 1351 853 et

171 908 385 1007 ePromotor
409 906 553 990 Fisoalis,
579 907 781 975 Secretarius
799 908 940 977 Sanctae
955 911 1167 984 visitationis,
1189 911 1350 977 Patronus

174 1050 405 1116 «pauperum,
437 1031 565 1097 Iudices
595 1033 890 1107 matrimoniorum,
924 1034 1086 1099 Patronus
1116 1037 1149 1099 et
1177 1034 1352 1100 Promotor

175 1180 196 1222 ‹
211 1159 298 1224 Fisoi
322 1158 353 1225 S.
377 1157 590 1231 visitationis,
615 1158 816 1223 Procurator
847 1178 1034 1245 pauperum.
1060 1194 1078 1209 -
1104 1156 1270 1226 Officiales
1299 1160 1351 1225 in·
1423 1254 1425 1259 Ι

175 1306 194 1349 ‹
210 1285 350 1351 seriores
373 1288 463 1350 sunt:
486 1283 644 1369 Magister
659 1288 815 1357 actorum,
832 1302 889 1349 seu
906 1283 1126 1350 Cancellarius
1142 1284 1268 1358 Curiae,
1284 1283 1351 1349 Ar-

175 1410 378 1475 ‹ohivarius
402 1408 529 1481 Curiae,
554 1409 705 1473 Notarius
727 1428 787 1493 pro
802 1407 1004 1483 Monialibus,
1023 1408 1148 1474 Notarii
1170 1430 1230 1494 pro
1246 1414 1351 1479 causis

175 1553 194 1597 ‹
215 1533 390 1599 Servorum
415 1532 482 1604 Dei,
508 1531 632 1595 Notarii
648 1529 823 1604 ordinarii,
840 1530 892 1595 vel
908 1533 1054 1605 actuarii,
1072 1530 1274 1599 Secretarius
1290 1535 1362 1601 Vi·.

174 1677 195 1720 s
212 1657 293 1722 carii
319 1655 500 1727 Generalis,
526 1652 685 1721 Officialis
707 1654 846 1721 Adiutor
868 1653 1044 1722 Secretarii
1067 1655 1164 1739 Glari,
1188 1657 1351 1723 Oanoella·
1434 1712 1439 1727 .

174 1784 281 1847 «rius
310 1781 342 1849 S.
367 1780 564 1863 visitationi,
589 1780 764 1848 Adiutores
793 1781 945 1868 Magistri
976 1784 1142 1857 Actorum,
1175 1782 1349 1851 secretarii

173 1906 284 1973 «Vin.
312 1906 493 1980 Generalis,
518 1907 724 1973 Notariorum
753 1911 786 1973 et
809 1906 840 1973 S.
865 1906 1076 1981 Visitatiouis,
1108 1907 1246 1993 denique
1269 1910 1351 1976 Gur-

176 2050 305 2097 ‹sores
320 2051 350 2096 ».
377 2032 565 2117 Appositum
590 2032 686 2096 etiam
709 2032 917 2096 constitutum
936 2035 985 2097 est
998 2031 1140 2097 tribunal
1162 2052 1222 2118 pro
1245 2034 1351 2099 oausis

174 2150 454 2219 Beatifloationum
485 2172 654 2218 servorum
681 2152 740 2219 Dei
770 2158 804 2219 et
833 2152 1026 2219 Sanctorum
1058 2154 1349 2221 Canonizationum.
