3292 5109
483 302 527 351 ne
545 302 692 352 runrcus
715 303 983 353 nocnnsrlsrrors
1277 286 1325 355 59

137 446 298 513 promum,
316 448 434 514 nempe
449 427 631 494 ordinatum
648 447 707 515 pro
724 428 921 515 recipiendis
935 427 1203 515 appellationibus
1218 448 1238 493 a
1253 448 1323 495 sen·

136 554 250 621 tentiis
270 559 341 620 tum
372 553 513 619 iudicum
543 552 698 619 dioecesis
721 571 887 634 romanae,
915 557 982 618 tum
1009 548 1150 619 iudicum
1178 553 1323 619 universi

135 680 236 746 orbis.
260 717 278 729 -
303 680 518 747 Nihilominus
534 676 630 764 quum
654 680 726 745 iure
749 681 906 766 primatus
928 678 1105 745 nonnullae
1120 698 1238 745 causae
1261 680 1324 745 im·

135 805 277 872 mediate
307 804 349 871 ad
379 806 542 871 Summum
572 800 761 870 Pontificem
791 810 825 871 et
855 805 1054 891 potissimum
1084 804 1255 891 graviores
1280 803 1325 869 ab

135 930 291 995 universo
319 928 399 995 orbe
422 927 623 1010 deserantur,
651 928 787 1015 proinde
805 940 859 994 'ex
886 930 937 995 his
964 929 1141 994 nonnullae
1167 930 1321 995 committi

136 1055 379 1116 consueverunt
394 1048 563 1116 Auditorio
579 1050 611 1115 S.
626 1050 729 1115 Rotae
746 1051 778 1113 in
795 1050 900 1135 prima
912 1050 1065 1115 instantia
1075 1046 1286 1115 definiendae.
1301 1084 1322 1098 -

136 1168 200 1235 Sed
223 1170 280 1235 hic
307 1173 357 1237 est
388 1188 483 1235 casus
505 1169 689 1256 singularis,
707 1190 767 1256 pro
790 1171 906 1257 regula
928 1172 1013 1236 enim
1036 1168 1185 1245 habetur.
1201 1189 1222 1235 a
1237 1171 1324 1236 Rota

137 1316 253 1363 censes
276 1295 406 1363 deliniri
430 1298 463 1363 in
486 1296 590 1383 gradu
612 1297 840 1383 appellationis
858 1297 915 1383 (1).
1206 1390 1209 1395 Ι

228 1422 282 1489 62.
308 1419 380 1488 Hoc
403 1423 585 1488 institutum
614 1421 785 1489 tribunalis
809 1422 841 1489 S.
867 1421 971 1489 Rotae
993 1422 1095 1509 magis
1117 1418 1325 1491 confirmavit

136 1552 170 1613 et
193 1550 356 1633 expressit
381 1547 576 1613 Benedictus
591 1547 673 1613 XIV
690 1547 799 1614 Const.
817 1547 971 1614 lmtitiae
994 1552 1025 1613 et
1044 1547 1152 1631 pacis,
1175 1550 1324 1613 stateem

135 1670 358 1739 tantummodo
383 1672 418 1737 in
441 1670 582 1737 secunda
605 1670 659 1739 vel
682 1670 831 1737 ulteriori
855 1672 1009 1737 instantia
1031 1690 1145 1737 causas
1167 1669 1207 1736 ab
1223 1669 1322 1736 Audi·

136 1795 264 1863 toribus
287 1796 475 1863 iudicandas
498 1815 569 1863 esse
585 1794 642 1884 (2).

227 1919 292 1987 Sed
325 1926 496 2007 praeterea
524 1941 586 2007 quo
614 1919 786 1987 tribunalis
817 1920 1033 2007 competentia
1061 1919 1177 1986 melius
1210 1918 1321 1985 deter-

137 2046 329 2120 minaretur,
351 2046 506 2113 Pontifex
540 2047 705 2133 sapienter
734 2046 884 2113 distinxit
912 2066 1027 2112 causas
1056 2046 1199 2118 reicies,
1231 2064 1318 2109 com·

137 2170 310 2236 mittendas
333 2171 485 2236 nimirum
509 2176 633 2236 tantum
658 2171 762 2236 Rotae
786 2168 995 2237 Auditoribus
1025 2170 1080 2254 qui
1101 2168 1321 2255 procederent

136 2296 275 2362 servatis
306 2294 429 2381 regulis
461 2294 557 2361 huius
584 2294 763 2378 Auditorii,
795 2316 815 2361 a
840 2294 1049 2379 praelatitiie
1081 2292 1320 2360 committendis

222 2611 263 2684 (l)
284 2612 469 2682 Plettenberg
482 2610 509 2665 S.
525 2612 557 2678 1.,
574 2612 681 2667 Neritia
699 2612 883 2667 tribunalium
905 2612 1008 2667 Curiae
1025 2612 1115 2678 Rom,
1132 2630 1192 2682 cop.
1206 2613 1254 2679 15,
1273 2612 1317 2665 De

134 2728 197 2773 rota
214 2736 303 2785 rom,
325 2718 449 2773 eamdem
469 2719 510 2772 ita
528 2719 703 2773 describitcc
720 2718 793 2773 Rota
813 2718 940 2772 Romans
957 2723 1002 2773 est
1019 2717 1151 2773 iudicium
1171 2718 1198 2771 S.
1218 2718 1318 2773 Ponti·

133 2824 192 2877 ficis
210 2822 286 2894 quod
304 2822 450 2893 cognoscit
474 2840 572 2877 causas
598 2824 742 2896 utriusque
760 2824 822 2888 fori,
843 2822 1032 2878 Ecclesiastici
1054 2823 1165 2894 quidem
1184 2840 1234 2892 per
1253 2824 1316 2878 uni·

133 2945 242 2983 versum
266 2928 362 2983 orbem
382 2924 559 2993 catholicum,
569 2933 711 2999 tamquam
731 2928 855 2982 tribunal
872 2928 977 2983 Vicarii
996 2927 1099 2981 Christi
1118 2927 1268 2997 generalia,
1287 2933 1317 2984 et

133 3034 263 3106 Episcopi
290 3034 433 3091 Ecclesiae
459 3034 640 3091 Universalis.
667 3035 732 3088 Fori
752 3052 819 3090 vero
844 3034 1007 3105 temporalis
1032 3039 1062 3090 et
1086 3035 1194 3105 profani
1218 3052 1318 3090 causas

133 3143 243 3195 tantum
263 3140 371 3207 civiles,
390 3157 444 3196 non
464 3140 633 3207 criminales,
651 3140 735 3211 idque
753 3144 785 3195 ut
804 3140 953 3209 plurimum
966 3141 1012 3193 via
1030 3137 1228 3209 appellationis
1239 3139 1274 3193 ad
1286 3156 1318 3195 se

133 3247 279 3303 devolutas
304 3247 439 3302 diiudicat
464 3253 607 3320 nmquam
632 3246 811 3301 disasterium
832 3246 970 3316 Principis
988 3245 1150 3315 temporalis
1174 3246 1251 3300 urbis
1268 3262 1317 3301 ro·

133 3370 231 3409 manae
249 3358 280 3410 et
300 3352 379 3407 illius
397 3352 496 3407 ltaliae
509 3352 632 3419 ditionis,
646 3369 718 3423 quae
737 3352 834 3406 Status
853 3350 1065 3407 Ecclesiasticus
1082 3334 1250 3417 nominetur,
1263 3367 1317 3407 nec

134 3478 187 3515 non
208 3461 335 3515 civitatis
354 3460 556 3515 Avenionensis
574 3464 604 3515 et
623 3461 772 3515 comitatus
791 3458 929 3514 Venusini
950 3460 979 3514 in
998 3458 1090 3513 Gallia
1102 3473 1128 3515 tr.

220 3564 262 3636 (2)
282 3564 377 3619 Codex
395 3564 584 3633 Gregorianns
603 3561 742 3635 cit.‚lquia
768 3562 932 3618 facultatem
960 3562 1118 3632 appellandi
1149 3562 1316 3618 arctioribus

134 3671 273 3727 limitibus
283 3670 419 3737 cohibuit,
432 3688 532 3741 nempe
543 3675 653 3725 tertiam
663 3669 806 3741 prohibuit
815 3670 1012 3740 appellationis
1022 3670 1194 3737 instantiam,
1206 3673 1318 3742 quando

133 3780 187 3834 duo
206 3783 370 3849 conformes
387 3780 540 3833 serrtemiae
558 3777 672 3834 habitae
692 3779 748 3833 sint
766 3778 793 3831 in
813 3778 921 3832 duobus
939 3776 1078 3846 prioribus
1092 3774 1232 3847 gradibus,
1245 3777 1316 3833 haec

131 3884 232 3939 statuit
249 3883 415 3937 art.1040:
433 3894 451 3937 ct
470 3884 637 3939 Tribunalia
656 3884 683 3937 S.
696 3884 784 3937 Rotae
802 3892 830 3938 et
845 3883 949 3952 plenae
965 3881 1100 3941 Gamerae
1111 3900 1168 3937 nort
1181 3892 1315 3953 poterunt

132 3992 326 4059 pronunciare
339 3991 368 4044 in
381 3992 462 4045 tertio
474 3991 675 4045 iurisdictionis
687 3992 780 4061 prada
792 3990 943 4043 sententies
955 4007 973 4042 a
984 3990 1093 4043 duobus
1104 3989 1246 4060 priorious
1258 3991 1315 4062 dif-

135 4099 253 4167 formes,
264 4096 322 4149 nisi
337 4098 535 4167 praemittetur
547 4097 655 4168 drrplec
673 4100 897 4167 experimentum
915 4106 942 4151 ct
956 4098 1011 4150 m'si
1024 4096 1114 4151 editae
1126 4098 1181 4149 sint
1192 4098 1248 4151 duo
1267 4098 1314 4152 dc·

135 4202 254 4256 cisioncs
267 4202 382 4255 omm'no
395 4205 555 4271 conformes
568 4211 594 4256 et
606 4204 761 4273 apartibus
771 4205 960 4273 imprecantes,
972 4208 1083 4273 quando
1095 4205 1315 4273 compareamus

132 4320 220 4373 nepus
237 4305 290 4375 fiet
311 4304 390 4359 locus
408 4304 546 4373 recursui,
560 4307 684 4376 paecepit
701 4316 753 4359 art.
769 4304 841 4358 997.
855 4334 889 4347 -
902 4306 1093 4378 praescriptio
1108 4324 1181 4379 qaae
1197 4310 1249 4363 boc
1266 4325 1315 4362 or·

132 4408 216 4463 ticaclo
238 4410 405 4476 cominatur,
423 4426 478 4463 non
495 4409 655 4481 applicatur
674 4412 833 4465 commercii
851 4415 942 4466 caune
954 4428 979 4468 r.
