3292 5109
496 294 541 339 ua
565 293 705 340 rumoris
730 292 995 341 accessusrrcrs
1292 271 1337 338 29

159 412 282 479 dinario
313 419 534 499 competente;
567 416 715 480 rescissio
746 401 895 481 actorum
928 416 1142 492 iudicialium;
1165 416 1345 481 arbitrium·

159 538 355 620 apem'tionir
371 539 451 613 oris,
467 540 497 602 vi
517 540 607 605 cuius
632 538 786 605 Pontifex
809 541 886 603 sinit
909 540 1022 624 quaeri
1044 538 1084 603 de
1107 539 1220 603 valore
1244 544 1338 604 actus

158 663 301 747 aseipso
316 664 420 748 positi.
446 669 479 728 et
501 662 565 727 alia
587 662 751 729 eiusmodi.
770 662 903 737 Officiis,
928 684 947 727 e
970 663 1336 744 cont1·a‚exordinario

156 784 305 850 mandato
321 788 526 852 commissum
542 793 592 852 est
606 788 659 853 vel
674 794 748 852 acta
768 788 883 871 exequi
901 789 1053 873 gratiosa
1070 787 1123 852 vel
1140 806 1180 852 ea
1195 788 1339 873 interpo-
1393 865 1396 870 ἱ

155 929 245 991 nere,
270 928 352 993 quae
372 911 561 976 secundum
583 916 649 991 aut,
672 908 713 974 ad
737 930 905 981 summum,
925 915 1068 992 praeter
1090 910 1145 975 tur
1167 908 1257 974 fiunt.

245 1038 297 1102 Ex
317 1038 413 1102 dictis
428 1042 554 1103 constat
569 1056 727 1120 quaenam
743 1036 783 1101 sit
799 1036 968 1121 provincia
984 1035 1177 1121 Signaturae
1193 1036 1336 1100 Gratiae.

241 1166 298 1231 33.
323 1164 410 1231 Olim
437 1165 520 1230 haec
551 1164 702 1229 distincta
729 1183 793 1226 non
822 1167 894 1227 erat
916 1182 936 1227 a
957 1162 1112 1227 tribunali
1144 1163 1339 1249 Signaturae

155 1290 319 1364 Iustitiae3
343 1294 378 1353 at
401 1287 661 1353 Alexandeer
690 1307 720 1351 a.
748 1287 835 1352 1492
862 1307 959 1352 unam
982 1285 1022 1352 ab
1046 1286 1111 1351 alia
1133 1287 1281 1353 distinxit
1305 1293 1343 1352 et·

154 1412 263 1479 divisit
280 1432 318 1477 ea
334 1413 509 1498 praecipue
526 1410 565 1475 de
581 1430 681 1477 causa
703 1412 778 1495 quia
794 1413 827 1477 in
844 1411 1019 1496 Signatum
1039 1413 1183 1478 Iustitiae
1207 1413 1340 1495 negotia

155 1537 311 1625 agitanda
341 1542 437 1603 erant
464 1556 554 1603 more
577 1537 733 1618 iudiciali,
760 1537 834 1601 duro
859 1539 892 1602 in
916 1538 1092 1623 Signatum
1114 1540 1246 1604 Gratiae
1270 1545 1338 1602 tan-

153 1664 319 1730 tummodo
343 1662 584 1729 deliberandum
608 1670 689 1743 erat,
706 1682 748 1727 an
773 1663 943 1748 expediret
966 1663 998 1726 in
1023 1669 1113 1729 certo
1137 1684 1214 1728 casu
1228 1664 1336 1749 legum

154 1787 311 1852 relaxare
334 1789 398 1849 vim
423 1806 481 1871 pro
505 1804 656 1871 suprema
681 1786 842 1871 Principis
866 1790 1034 1871 potestate.

242 1910 300 1975 34.
326 1908 421 1975 Gard.
439 1910 485 1974 Do
499 1908 588 1973 Luca
603 1928 657 1992 op.
675 1909 727 1976 cit.
745 1908 814 1975 Dis.
833 1907 876 1974 31
899 1910 944 1973 ita
959 1909 1338 1994 describitSignaturam

155 2036 318 2101 Iustitiae:
338 2053 357 2098 ‹
374 2032 580 2099 Generaliter
602 2052 661 2117 pro
685 2032 831 2098 omnibus
855 2035 1023 2117 utriusque
1041 2030 1195 2119 pontificii
1212 2038 1245 2098 et
1260 2038 1337 2098 tem-

156 2158 279 2241 poralis
296 2157 494 2241 principatus
508 2175 548 2220 ac
564 2156 660 2220 etiam
677 2155 883 2240 particularis
901 2156 1110 2241 Episcopatus
1128 2154 1217 2221 urbis
1233 2159 1340 2220 causis

154 2286 185 2346 et
208 2283 351 2367 negotiis
375 2288 438 2347 tam
469 2281 687 2367 spiritualibus
711 2301 805 2366 quam
830 2280 985 2367 profanu,
1014 2301 1074 2366 pro
1106 2281 1219 2365 quibus
1250 2283 1338 2365 prin-

152 2408 260 2494 cipem
285 2408 376 2473 adire
407 2412 555 2492 oporteat
577 2406 618 2471 ad
642 2404 790 2473 effectum
815 2406 1034 2473 committendi
1057 2427 1171 2472 causas
1199 2407 1340 2492 appella·

153 2534 253 2599 tionis
275 2531 329 2596 vel
353 2533 564 2598 restitutionis
579 2532 613 2596 in
629 2534 790 2617 integrum
815 2533 884 2597 sive
908 2530 1074 2597 decidendi
1098 2532 1338 2595 controversias

151 2679 252 2744 super
278 2656 344 2721 fori
367 2657 581 2740 competentia
595 2705 649 2729 .....
666 2662 809 2722 erectum
836 2663 885 2723 est
907 2656 970 2723 hoc
991 2656 1135 2724 tribunal
1152 2657 1244 2742 quod
1269 2657 1340 2721 vice

154 2802 195 2848 ac
228 2780 374 2849 nomiae
396 2780 517 2862 Papae
552 2780 677 2866 regitur
710 2800 770 2864 per
797 2778 1002 2846 Cardinalem
1030 2781 1099 2844 eius
1126 2779 1336 2845 Praefectum

153 2915 213 2975 etc.
232 2930 253 2973 a
274 2906 472 2982 -Quocirca
496 2906 670 2991 Signatum
692 2903 808 2972 effecta
832 2891 889 2971 est
902 2908 1034 2992 proprie
1056 2907 1196 2972 tribunal
1222 2928 1338 2974 causas

152 3030 314 3097 dirimens
337 3028 408 3094 cicc
428 3048 469 3094 uc
491 3028 629 3095 nomiae
652 3028 771 3113 Papae.
798 3030 941 3113 Namque
964 3048 1023 3114 per
1043 3029 1267 3095 Alexandrum
1288 3030 1336 3095 VI

152 3156 237 3223 haec
254 3156 431 3241 Signatum
454 3156 651 3241 singularem
668 3174 707 3221 ac
722 3156 885 3241 propriam
903 3160 997 3220 nacta
1013 3162 1062 3220 est
1078 3156 1338 3220 constitutionem

152 3280 191 3346 ad
215 3283 326 3347 instar
348 3280 418 3344 veri
442 3278 612 3345 tribunalis
635 3280 811 3344 sententias
835 3279 959 3344 edentis
982 3282 1054 3343 vice
1078 3300 1117 3344 ac
1143 3279 1339 3345 auctoritate

152 3403 335 3471 Pontificis.
354 3405 444 3469 cuius
468 3408 541 3469 acta
559 3404 695 3489 proinde
714 3404 808 3489 pleno
826 3405 979 3469 fruuntur
994 3404 1116 3476 valore,
1135 3406 1212 3488 quin
1229 3405 1340 3490 Papae

152 3530 375 3615 signaturam
400 3528 556 3593 reserant.
587 3528 712 3592 Verum
737 3533 785 3592 est
814 3528 958 3593 tribunal
982 3528 1129 3593 omnibus
1152 3529 1225 3593 aliis
1248 3550 1339 3615 supe·

151 3652 233 3725 rius,
257 3650 376 3736 quippe
399 3669 438 3715 ea
461 3648 608 3715 decernit
631 3671 712 3735 quae
736 3651 776 3715 ab
799 3652 868 3717 istis
892 3671 956 3735 qua
979 3652 1140 3736 Principis
1164 3654 1250 3717 iussa
1274 3674 1339 3717 ser·

151 3774 264 3840 vanda
292 3780 376 3841 sunt.
413 3810 429 3821 ·
468 3774 505 3840 In
530 3774 640 3841 codice
667 3796 686 3839 a
710 3776 869 3861 Gregorio
893 3776 977 3841 XVI
1005 3775 1089 3841 edito
1113 3796 1141 3840 a.
1169 3775 1340 3859 1834p120

152 3902 297 3987 negotiis
320 3898 524 3965 iudicialibus
547 3904 580 3964 et
602 3898 748 3963 civilibus
769 3896 825 3986 (l),
846 3918 908 3982 quo
924 3899 957 3962 in
973 3898 1084 3963 codice
1100 3897 1217 3962 iudicia
1240 3902 1273 3961 et
1295 3896 1341 3961 iu·

247 4196 290 4269 (l)
310 4196 364 4251 Hic
382 4196 469 4253 codex
488 4198 589 4265 italice
603 4202 733 4253 exaratus
752 4198 793 4252 ita
811 4198 974 4252 inscribitur
992 4198 1193 4269 Reqolumento
1212 4196 1341 4267 Leqislc-

156 4304 211 4355 tino
233 4318 250 4357 e
273 4302 434 4357 Giudr'aiata
455 4320 512 4374 per
535 4306 578 4374 qli
601 4305 686 4376 affari
710 4305 788 4358 ciuili
812 4315 941 4359 emuncto
960 4305 1041 4358 dallo
1061 4304 1168 4358 Santttd
1186 4306 1217 4358 di
1235 4304 1341 4357 Nostro

156 4406 281 4476 Signore
302 4406 439 4478 Gregorio
458 4408 537 4479 Papa
557 4408 631 4462 XVI
646 4413 699 4464 etc.
725 4411 818 4465 Antea
836 4410 978 4479 prodierat
994 4423 1012 4467 r(
1029 4412 1103 4492 Moto
1120 4412 1239 4480 proprio
1259 4409 1341 4465 detta
