<?xml version="1.0" encoding="UTF-8"?>
<!DOCTYPE html PUBLIC "-//W3C//DTD XHTML 1.0 Transitional//EN"
    "http://www.w3.org/TR/xhtml1/DTD/xhtml1-transitional.dtd">
<html xmlns="http://www.w3.org/1999/xhtml" xml:lang="en" lang="en">
 <head>
  <title>
</title>
<meta http-equiv="Content-Type" content="text/html;charset=utf-8" />
  <meta name='ocr-system' content='tesseract 3.04.00' />
  <meta name='ocr-capabilities' content='ocr_page ocr_carea ocr_par ocr_line ocrx_word'/>
</head>
<body>
  <div class='ocr_page' id='page_1' title='image "./praelectionesin03legagoog_0236.png"; bbox 0 0 3292 5109; ppageno 0'>
   <div class='ocr_carea' id='block_1_1' title="bbox 315 276 988 343">
    <p class='ocr_par' dir='ltr' id='par_1_1' title="bbox 315 276 988 343">
     <span class='ocr_line' id='line_1_1' title="bbox 315 276 988 343; baseline -0.007 -1"><span class='ocrx_word' id='word_1_1' title='bbox 315 276 383 343; x_wconf 81' lang='lat'>232</span> <span class='ocrx_word' id='word_1_2' title='bbox 844 292 928 340; x_wconf 76' lang='lat' dir='ltr'>rans</span> <span class='ocrx_word' id='word_1_3' title='bbox 952 293 988 340; x_wconf 90' lang='lat'>11.</span> 
     </span>
    </p>
   </div>
   <div class='ocr_carea' id='block_1_2' title="bbox 312 414 1496 880">
    <p class='ocr_par' dir='ltr' id='par_1_2' title="bbox 312 414 1496 880">
     <span class='ocr_line' id='line_1_2' title="bbox 317 414 1496 505; baseline -0.003 -19"><span class='ocrx_word' id='word_1_4' title='bbox 317 420 494 505; x_wconf 78' lang='lat' dir='ltr'>Principes,</span> <span class='ocrx_word' id='word_1_5' title='bbox 518 422 550 483; x_wconf 91' lang='lat' dir='ltr'>et</span> <span class='ocrx_word' id='word_1_6' title='bbox 577 418 743 488; x_wconf 80' lang='lat' dir='ltr'>enunciat.</span> <span class='ocrx_word' id='word_1_7' title='bbox 768 420 840 501; x_wconf 90' lang='lat' dir='ltr'>post</span> <span class='ocrx_word' id='word_1_8' title='bbox 868 422 915 482; x_wconf 89' lang='lat' dir='ltr'>tot</span> <span class='ocrx_word' id='word_1_9' title='bbox 938 414 1190 503; x_wconf 86' lang='lat' dir='ltr'>significationes</span> <span class='ocrx_word' id='word_1_10' title='bbox 1217 417 1346 484; x_wconf 84' lang='lat' dir='ltr'>divinae</span> <span class='ocrx_word' id='word_1_11' title='bbox 1369 416 1496 483; x_wconf 85' lang='lat' dir='ltr'>Volun-</span> 
     </span>
     <span class='ocr_line' id='line_1_3' title="bbox 313 541 1493 628; baseline -0.003 -15"><span class='ocrx_word' id='word_1_12' title='bbox 313 548 405 620; x_wconf 80' lang='lat' dir='ltr'>tatis,</span> <span class='ocrx_word' id='word_1_13' title='bbox 431 542 578 610; x_wconf 88' lang='lat' dir='ltr'>Pontifici</span> <span class='ocrx_word' id='word_1_14' title='bbox 609 542 807 628; x_wconf 90' lang='lat' dir='ltr'>propositum</span> <span class='ocrx_word' id='word_1_15' title='bbox 831 561 904 608; x_wconf 90' lang='lat' dir='ltr'>esse</span> <span class='ocrx_word' id='word_1_16' title='bbox 927 541 1122 608; x_wconf 87' lang='lat' dir='ltr'>decernendi</span> <span class='ocrx_word' id='word_1_17' title='bbox 1154 542 1330 610; x_wconf 90' lang='lat' dir='ltr'>solemnem</span> <span class='ocrx_word' id='word_1_18' title='bbox 1359 544 1493 610; x_wconf 85' lang='lat' dir='ltr'>Canoni-</span> 
     </span>
     <span class='ocr_line' id='line_1_4' title="bbox 312 666 1493 751; baseline -0.003 -14"><span class='ocrx_word' id='word_1_19' title='bbox 312 674 480 743; x_wconf 84' lang='lat' dir='ltr'>zationem,</span> <span class='ocrx_word' id='word_1_20' title='bbox 505 667 561 733; x_wconf 87' lang='lat' dir='ltr'>sed</span> <span class='ocrx_word' id='word_1_21' title='bbox 584 673 681 732; x_wconf 85' lang='lat' dir='ltr'>antea</span> <span class='ocrx_word' id='word_1_22' title='bbox 702 666 896 732; x_wconf 88' lang='lat' dir='ltr'>sententiam</span> <span class='ocrx_word' id='word_1_23' title='bbox 919 666 1095 751; x_wconf 76' lang='lat' dir='ltr'>exquirere</span> <span class='ocrx_word' id='word_1_24' title='bbox 1117 667 1203 733; x_wconf 85' lang='lat' dir='ltr'>velle</span> <span class='ocrx_word' id='word_1_25' title='bbox 1224 672 1257 733; x_wconf 88' lang='lat' dir='ltr'>et</span> <span class='ocrx_word' id='word_1_26' title='bbox 1273 667 1493 735; x_wconf 81' lang='lat' dir='ltr'>cardinalium</span> 
     </span>
     <span class='ocr_line' id='line_1_5' title="bbox 315 788 1492 880; baseline -0.001 -21"><span class='ocrx_word' id='word_1_27' title='bbox 315 800 347 861; x_wconf 92' lang='lat' dir='ltr'>et</span> <span class='ocrx_word' id='word_1_28' title='bbox 362 794 602 880; x_wconf 77' lang='lat' dir='ltr'>Episcoporum</span> <span class='ocrx_word' id='word_1_29' title='bbox 619 789 723 874; x_wconf 92' lang='lat' dir='ltr'>quiin</span> <span class='ocrx_word' id='word_1_30' title='bbox 739 788 849 854; x_wconf 81' lang='lat' dir='ltr'>tuturo</span> <span class='ocrx_word' id='word_1_31' title='bbox 865 809 1044 876; x_wconf 84' lang='lat' dir='ltr'>congressu</span> <span class='ocrx_word' id='word_1_32' title='bbox 1059 810 1150 855; x_wconf 87' lang='lat' dir='ltr'>suam</span> <span class='ocrx_word' id='word_1_33' title='bbox 1168 795 1310 856; x_wconf 81' lang='lat' dir='ltr'>mentem</span> <span class='ocrx_word' id='word_1_34' title='bbox 1329 795 1492 877; x_wconf 89' lang='lat' dir='ltr'>aperient.</span> 
     </span>
    </p>
   </div>
   <div class='ocr_carea' id='block_1_3' title="bbox 313 915 1494 1627">
    <p class='ocr_par' dir='ltr' id='par_1_3' title="bbox 313 915 1494 1627">
     <span class='ocr_line' id='line_1_6' title="bbox 314 915 1494 1006; baseline -0.002 -20"><span class='ocrx_word' id='word_1_35' title='bbox 314 920 400 985; x_wconf 89' lang='lat' dir='ltr'>Hinc</span> <span class='ocrx_word' id='word_1_36' title='bbox 416 918 567 983; x_wconf 80' lang='lat' dir='ltr'>indicitur</span> <span class='ocrx_word' id='word_1_37' title='bbox 583 916 814 982; x_wconf 87' lang='lat' dir='ltr'>Consistorium</span> <span class='ocrx_word' id='word_1_38' title='bbox 829 915 1097 999; x_wconf 79' lang='lat' dir='ltr'>semipreblicum,</span> <span class='ocrx_word' id='word_1_39' title='bbox 1111 918 1166 1001; x_wconf 90' lang='lat' dir='ltr'>qui</span> <span class='ocrx_word' id='word_1_40' title='bbox 1181 918 1322 1002; x_wconf 87' lang='lat' dir='ltr'>speciem</span> <span class='ocrx_word' id='word_1_41' title='bbox 1338 920 1494 1006; x_wconf 82' lang='lat' dir='ltr'>exprimit</span> 
     </span>
     <span class='ocr_line' id='line_1_7' title="bbox 313 1026 1493 1128; baseline -0.001 -16"><span class='ocrx_word' id='word_1_42' title='bbox 313 1045 442 1112; x_wconf 89' lang='lat' dir='ltr'>concilii</span> <span class='ocrx_word' id='word_1_43' title='bbox 470 1041 685 1117; x_wconf 77' lang='lat' dir='ltr'>oecumenici,</span> <span class='ocrx_word' id='word_1_44' title='bbox 709 1042 784 1125; x_wconf 92' lang='lat' dir='ltr'>quia</span> <span class='ocrx_word' id='word_1_45' title='bbox 807 1026 840 1105; x_wconf 91' lang='lat' dir='ltr'>in</span> <span class='ocrx_word' id='word_1_46' title='bbox 867 1041 922 1105; x_wconf 94' lang='lat' dir='ltr'>illo</span> <span class='ocrx_word' id='word_1_47' title='bbox 945 1036 1134 1128; x_wconf 85' lang='lat' dir='ltr'>suffragium</span> <span class='ocrx_word' id='word_1_48' title='bbox 1157 1042 1286 1117; x_wconf 84' lang='lat' dir='ltr'>ferunt,</span> <span class='ocrx_word' id='word_1_49' title='bbox 1309 1043 1350 1109; x_wconf 89' lang='lat' dir='ltr'>de</span> <span class='ocrx_word' id='word_1_50' title='bbox 1373 1046 1493 1111; x_wconf 87' lang='lat' dir='ltr'>merito</span> 
     </span>
     <span class='ocr_line' id='line_1_8' title="bbox 313 1162 1494 1249; baseline -0.002 -12"><span class='ocrx_word' id='word_1_51' title='bbox 313 1189 438 1239; x_wconf 80' lang='lat' dir='ltr'>causae.</span> <span class='ocrx_word' id='word_1_52' title='bbox 452 1165 640 1235; x_wconf 77' lang='lat' dir='ltr'>cardinales</span> <span class='ocrx_word' id='word_1_53' title='bbox 655 1171 688 1229; x_wconf 88' lang='lat' dir='ltr'>et</span> <span class='ocrx_word' id='word_1_54' title='bbox 703 1163 865 1249; x_wconf 81' lang='lat' dir='ltr'>Episcopi.</span> <span class='ocrx_word' id='word_1_55' title='bbox 881 1162 1097 1238; x_wconf 84' lang='lat' dir='ltr'>Quamobrem</span> <span class='ocrx_word' id='word_1_56' title='bbox 1108 1164 1315 1232; x_wconf 80' lang='lat' dir='ltr'>canonizatio</span> <span class='ocrx_word' id='word_1_57' title='bbox 1330 1173 1381 1233; x_wconf 86' lang='lat' dir='ltr'>est</span> <span class='ocrx_word' id='word_1_58' title='bbox 1395 1174 1494 1235; x_wconf 86' lang='lat' dir='ltr'>actus</span> 
     </span>
     <span class='ocr_line' id='line_1_9' title="bbox 313 1288 1494 1377; baseline -0.002 -17"><span class='ocrx_word' id='word_1_59' title='bbox 313 1294 564 1361; x_wconf 80' lang='lat' dir='ltr'>solemnissimus</span> <span class='ocrx_word' id='word_1_60' title='bbox 587 1310 652 1357; x_wconf 93' lang='lat' dir='ltr'>non</span> <span class='ocrx_word' id='word_1_61' title='bbox 673 1294 799 1355; x_wconf 84' lang='lat' dir='ltr'>tantum</span> <span class='ocrx_word' id='word_1_62' title='bbox 814 1288 855 1354; x_wconf 94' lang='lat' dir='ltr'>ob</span> <span class='ocrx_word' id='word_1_63' title='bbox 875 1308 986 1354; x_wconf 87' lang='lat' dir='ltr'>sacras</span> <span class='ocrx_word' id='word_1_64' title='bbox 1009 1289 1192 1355; x_wconf 80' lang='lat' dir='ltr'>functiones</span> <span class='ocrx_word' id='word_1_65' title='bbox 1215 1294 1494 1377; x_wconf 86' lang='lat' dir='ltr'>sumptuosissimo</span> 
     </span>
     <span class='ocr_line' id='line_1_10' title="bbox 314 1410 1494 1504; baseline -0.003 -21"><span class='ocrx_word' id='word_1_66' title='bbox 314 1421 470 1504; x_wconf 87' lang='lat' dir='ltr'>apparatu</span> <span class='ocrx_word' id='word_1_67' title='bbox 501 1412 702 1500; x_wconf 85' lang='lat' dir='ltr'>peragendas</span> <span class='ocrx_word' id='word_1_68' title='bbox 725 1415 759 1478; x_wconf 95' lang='lat' dir='ltr'>in</span> <span class='ocrx_word' id='word_1_69' title='bbox 783 1412 923 1478; x_wconf 87' lang='lat' dir='ltr'>Basilica</span> <span class='ocrx_word' id='word_1_70' title='bbox 945 1410 1124 1488; x_wconf 86' lang='lat' dir='ltr'>Vaticana;</span> <span class='ocrx_word' id='word_1_71' title='bbox 1148 1411 1206 1477; x_wconf 86' lang='lat' dir='ltr'>sed</span> <span class='ocrx_word' id='word_1_72' title='bbox 1232 1414 1329 1478; x_wconf 90' lang='lat' dir='ltr'>etiam</span> <span class='ocrx_word' id='word_1_73' title='bbox 1353 1416 1429 1499; x_wconf 90' lang='lat' dir='ltr'>quia</span> <span class='ocrx_word' id='word_1_74' title='bbox 1452 1414 1494 1480; x_wconf 83' lang='lat' dir='ltr'>ad</span> 
     </span>
     <span class='ocr_line' id='line_1_11' title="bbox 315 1532 1378 1627; baseline -0.004 -24"><span class='ocrx_word' id='word_1_75' title='bbox 315 1542 406 1627; x_wconf 82' lang='lat' dir='ltr'>istam</span> <span class='ocrx_word' id='word_1_76' title='bbox 430 1536 560 1603; x_wconf 89' lang='lat' dir='ltr'>devenit</span> <span class='ocrx_word' id='word_1_77' title='bbox 583 1534 737 1601; x_wconf 82' lang='lat' dir='ltr'>Pontifex</span> <span class='ocrx_word' id='word_1_78' title='bbox 759 1532 983 1600; x_wconf 87' lang='lat' dir='ltr'>obsecundans</span> <span class='ocrx_word' id='word_1_79' title='bbox 1005 1534 1088 1600; x_wconf 87' lang='lat' dir='ltr'>votis</span> <span class='ocrx_word' id='word_1_80' title='bbox 1111 1536 1257 1600; x_wconf 87' lang='lat' dir='ltr'>universi</span> <span class='ocrx_word' id='word_1_81' title='bbox 1280 1534 1378 1601; x_wconf 89' lang='lat' dir='ltr'>orbis.</span> 
     </span>
    </p>
   </div>
   <div class='ocr_carea' id='block_1_4' title="bbox 234 1658 1496 4489">
    <p class='ocr_par' dir='ltr' id='par_1_4' title="bbox 234 1658 1496 4489">
     <span class='ocr_line' id='line_1_12' title="bbox 405 1658 1496 1745; baseline -0.002 -18"><span class='ocrx_word' id='word_1_82' title='bbox 405 1662 477 1727; x_wconf 79' lang='lat'>194.</span> <span class='ocrx_word' id='word_1_83' title='bbox 501 1662 635 1725; x_wconf 83' lang='lat' dir='ltr'>Domum</span> <span class='ocrx_word' id='word_1_84' title='bbox 654 1658 694 1723; x_wconf 92' lang='lat' dir='ltr'>de</span> <span class='ocrx_word' id='word_1_85' title='bbox 709 1660 866 1743; x_wconf 90' lang='lat' dir='ltr'>personis,</span> <span class='ocrx_word' id='word_1_86' title='bbox 883 1678 965 1742; x_wconf 91' lang='lat' dir='ltr'>quae</span> <span class='ocrx_word' id='word_1_87' title='bbox 985 1659 1019 1723; x_wconf 93' lang='lat' dir='ltr'>in</span> <span class='ocrx_word' id='word_1_88' title='bbox 1041 1659 1133 1723; x_wconf 89' lang='lat' dir='ltr'>hisce</span> <span class='ocrx_word' id='word_1_89' title='bbox 1154 1660 1262 1724; x_wconf 88' lang='lat' dir='ltr'>causis</span> <span class='ocrx_word' id='word_1_90' title='bbox 1286 1664 1415 1745; x_wconf 89' lang='lat' dir='ltr'>partem</span> <span class='ocrx_word' id='word_1_91' title='bbox 1435 1659 1496 1725; x_wconf 91' lang='lat' dir='ltr'>ha·</span> 
     </span>
     <span class='ocr_line' id='line_1_13' title="bbox 313 1783 1493 1871; baseline -0.003 -18"><span class='ocrx_word' id='word_1_92' title='bbox 313 1788 398 1862; x_wconf 86' lang='lat' dir='ltr'>bant,</span> <span class='ocrx_word' id='word_1_93' title='bbox 423 1785 541 1871; x_wconf 90' lang='lat' dir='ltr'>aliquid</span> <span class='ocrx_word' id='word_1_94' title='bbox 565 1785 790 1871; x_wconf 88' lang='lat' dir='ltr'>explicandum</span> <span class='ocrx_word' id='word_1_95' title='bbox 815 1790 873 1850; x_wconf 90' lang='lat' dir='ltr'>est.</span> <span class='ocrx_word' id='word_1_96' title='bbox 905 1785 984 1851; x_wconf 82' lang='lat' dir='ltr'>Cum</span> <span class='ocrx_word' id='word_1_97' title='bbox 1007 1783 1120 1869; x_wconf 92' lang='lat' dir='ltr'>primis</span> <span class='ocrx_word' id='word_1_98' title='bbox 1143 1783 1174 1850; x_wconf 90' lang='lat' dir='ltr'>S.</span> <span class='ocrx_word' id='word_1_99' title='bbox 1201 1785 1300 1871; x_wconf 80' lang='lat' dir='ltr'>(long.</span> <span class='ocrx_word' id='word_1_100' title='bbox 1326 1804 1493 1870; x_wconf 89' lang='lat' dir='ltr'>nunquam</span> 
     </span>
     <span class='ocr_line' id='line_1_14' title="bbox 314 1907 1494 1999; baseline -0.003 -21"><span class='ocrx_word' id='word_1_101' title='bbox 314 1911 459 1999; x_wconf 88' lang='lat' dir='ltr'>procedit</span> <span class='ocrx_word' id='word_1_102' title='bbox 480 1910 521 1976; x_wconf 90' lang='lat' dir='ltr'>ad</span> <span class='ocrx_word' id='word_1_103' title='bbox 543 1907 769 1975; x_wconf 88' lang='lat' dir='ltr'>instaurandas</span> <span class='ocrx_word' id='word_1_104' title='bbox 792 1908 852 1974; x_wconf 88' lang='lat' dir='ltr'>has</span> <span class='ocrx_word' id='word_1_105' title='bbox 875 1928 989 1974; x_wconf 86' lang='lat' dir='ltr'>causas</span> <span class='ocrx_word' id='word_1_106' title='bbox 1004 1928 1051 1975; x_wconf 74' lang='lat' dir='ltr'>eea</span> <span class='ocrx_word' id='word_1_107' title='bbox 1073 1908 1192 1993; x_wconf 83' lang='lat' dir='ltr'>officio,</span> <span class='ocrx_word' id='word_1_108' title='bbox 1214 1908 1270 1975; x_wconf 89' lang='lat' dir='ltr'>sed</span> <span class='ocrx_word' id='word_1_109' title='bbox 1293 1930 1423 1995; x_wconf 90' lang='lat' dir='ltr'>semper</span> <span class='ocrx_word' id='word_1_110' title='bbox 1446 1914 1494 1975; x_wconf 88' lang='lat' dir='ltr'>at·</span> 
     </span>
     <span class='ocr_line' id='line_1_15' title="bbox 313 2031 1493 2119; baseline -0.002 -18"><span class='ocrx_word' id='word_1_111' title='bbox 313 2035 415 2103; x_wconf 90' lang='lat' dir='ltr'>tendit</span> <span class='ocrx_word' id='word_1_112' title='bbox 445 2034 628 2099; x_wconf 84' lang='lat' dir='ltr'>instantiam</span> <span class='ocrx_word' id='word_1_113' title='bbox 654 2032 883 2104; x_wconf 89' lang='lat' dir='ltr'>Postulatoris‚</span> <span class='ocrx_word' id='word_1_114' title='bbox 907 2031 993 2096; x_wconf 92' lang='lat' dir='ltr'>illius</span> <span class='ocrx_word' id='word_1_115' title='bbox 1016 2050 1132 2116; x_wconf 90' lang='lat' dir='ltr'>nempe</span> <span class='ocrx_word' id='word_1_116' title='bbox 1155 2033 1210 2116; x_wconf 93' lang='lat' dir='ltr'>qui</span> <span class='ocrx_word' id='word_1_117' title='bbox 1233 2034 1355 2098; x_wconf 88' lang='lat' dir='ltr'>actoris</span> <span class='ocrx_word' id='word_1_118' title='bbox 1379 2039 1493 2119; x_wconf 86' lang='lat' dir='ltr'>partes</span> 
     </span>
     <span class='ocr_line' id='line_1_16' title="bbox 313 2150 1493 2243; baseline -0.003 -20"><span class='ocrx_word' id='word_1_119' title='bbox 313 2158 388 2243; x_wconf 87' lang='lat' dir='ltr'>agit,</span> <span class='ocrx_word' id='word_1_120' title='bbox 406 2158 529 2222; x_wconf 89' lang='lat' dir='ltr'>instans</span> <span class='ocrx_word' id='word_1_121' title='bbox 547 2175 606 2240; x_wconf 93' lang='lat' dir='ltr'>pro</span> <span class='ocrx_word' id='word_1_122' title='bbox 631 2172 747 2221; x_wconf 90' lang='lat' dir='ltr'>causae</span> <span class='ocrx_word' id='word_1_123' title='bbox 771 2152 1008 2219; x_wconf 84' lang='lat' dir='ltr'>introductione</span> <span class='ocrx_word' id='word_1_124' title='bbox 1023 2158 1055 2219; x_wconf 86' lang='lat' dir='ltr'>et</span> <span class='ocrx_word' id='word_1_125' title='bbox 1073 2150 1269 2221; x_wconf 87' lang='lat' dir='ltr'>definitione.</span> <span class='ocrx_word' id='word_1_126' title='bbox 1295 2189 1313 2204; x_wconf 86' lang='lat'>-</span> <span class='ocrx_word' id='word_1_127' title='bbox 1338 2154 1402 2223; x_wconf 87' lang='lat' dir='ltr'>Sed</span> <span class='ocrx_word' id='word_1_128' title='bbox 1427 2156 1493 2220; x_wconf 92' lang='lat' dir='ltr'>Po·</span> 
     </span>
     <span class='ocr_line' id='line_1_17' title="bbox 312 2279 1491 2366; baseline -0.001 -18"><span class='ocrx_word' id='word_1_129' title='bbox 312 2284 447 2348; x_wconf 85' lang='lat' dir='ltr'>stolator</span> <span class='ocrx_word' id='word_1_130' title='bbox 462 2301 528 2347; x_wconf 93' lang='lat' dir='ltr'>non</span> <span class='ocrx_word' id='word_1_131' title='bbox 542 2284 645 2366; x_wconf 88' lang='lat' dir='ltr'>potest</span> <span class='ocrx_word' id='word_1_132' title='bbox 660 2298 720 2365; x_wconf 89' lang='lat' dir='ltr'>per</span> <span class='ocrx_word' id='word_1_133' title='bbox 735 2298 770 2345; x_wconf 90' lang='lat' dir='ltr'>se</span> <span class='ocrx_word' id='word_1_134' title='bbox 786 2279 895 2343; x_wconf 90' lang='lat' dir='ltr'>omnia</span> <span class='ocrx_word' id='word_1_135' title='bbox 917 2279 1062 2363; x_wconf 91' lang='lat' dir='ltr'>explere,</span> <span class='ocrx_word' id='word_1_136' title='bbox 1087 2279 1247 2362; x_wconf 87' lang='lat' dir='ltr'>siquidem</span> <span class='ocrx_word' id='word_1_137' title='bbox 1270 2280 1491 2347; x_wconf 88' lang='lat' dir='ltr'>defensionem</span> 
     </span>
     <span class='ocr_line' id='line_1_18' title="bbox 312 2403 1491 2489; baseline -0.003 -15"><span class='ocrx_word' id='word_1_138' title='bbox 312 2426 427 2474; x_wconf 87' lang='lat' dir='ltr'>causae</span> <span class='ocrx_word' id='word_1_139' title='bbox 451 2408 651 2471; x_wconf 83' lang='lat' dir='ltr'>committere</span> <span class='ocrx_word' id='word_1_140' title='bbox 674 2404 768 2470; x_wconf 91' lang='lat' dir='ltr'>debet</span> <span class='ocrx_word' id='word_1_141' title='bbox 790 2403 1010 2489; x_wconf 83' lang='lat' dir='ltr'>peragendam</span> <span class='ocrx_word' id='word_1_142' title='bbox 1025 2404 1192 2471; x_wconf 83' lang='lat' dir='ltr'>Advocato</span> <span class='ocrx_word' id='word_1_143' title='bbox 1208 2411 1242 2470; x_wconf 88' lang='lat' dir='ltr'>et</span> <span class='ocrx_word' id='word_1_144' title='bbox 1262 2406 1491 2481; x_wconf 87' lang='lat' dir='ltr'>Procuratori‚</span> 
     </span>
     <span class='ocr_line' id='line_1_19' title="bbox 312 2528 1491 2619; baseline -0.002 -22"><span class='ocrx_word' id='word_1_145' title='bbox 312 2552 448 2619; x_wconf 91' lang='lat' dir='ltr'>quorum</span> <span class='ocrx_word' id='word_1_146' title='bbox 477 2551 592 2597; x_wconf 90' lang='lat' dir='ltr'>munus</span> <span class='ocrx_word' id='word_1_147' title='bbox 616 2534 665 2597; x_wconf 89' lang='lat' dir='ltr'>est</span> <span class='ocrx_word' id='word_1_148' title='bbox 693 2528 896 2601; x_wconf 87' lang='lat' dir='ltr'>distinctum,</span> <span class='ocrx_word' id='word_1_149' title='bbox 921 2530 1028 2614; x_wconf 89' lang='lat' dir='ltr'>prouti</span> <span class='ocrx_word' id='word_1_150' title='bbox 1059 2528 1204 2594; x_wconf 88' lang='lat' dir='ltr'>inculcat</span> <span class='ocrx_word' id='word_1_151' title='bbox 1225 2529 1400 2595; x_wconf 88' lang='lat' dir='ltr'>Decretum</span> <span class='ocrx_word' id='word_1_152' title='bbox 1425 2531 1491 2597; x_wconf 88' lang='lat' dir='ltr'>iam</span> 
     </span>
     <span class='ocr_line' id='line_1_20' title="bbox 234 2652 1491 2739; baseline -0.002 -16"><span class='ocrx_word' id='word_1_153' title='bbox 234 2677 239 2693; x_wconf 92' lang='lat'><strong>·</strong></span> <span class='ocrx_word' id='word_1_154' title='bbox 312 2658 365 2723; x_wconf 91' lang='lat' dir='ltr'>cit.</span> <span class='ocrx_word' id='word_1_155' title='bbox 390 2657 434 2722; x_wconf 82' lang='lat'>12</span> <span class='ocrx_word' id='word_1_156' title='bbox 455 2656 543 2722; x_wconf 84' lang='lat' dir='ltr'>Maii</span> <span class='ocrx_word' id='word_1_157' title='bbox 566 2654 666 2731; x_wconf 84' lang='lat'><strong><em>1897,</em></strong></span> <span class='ocrx_word' id='word_1_158' title='bbox 690 2653 890 2739; x_wconf 86' lang='lat' dir='ltr'>distinguens</span> <span class='ocrx_word' id='word_1_159' title='bbox 914 2653 1065 2719; x_wconf 71' lang='lat' dir='ltr'>tetralice</span> <span class='ocrx_word' id='word_1_160' title='bbox 1088 2656 1182 2719; x_wconf 89' lang='lat' dir='ltr'>unius</span> <span class='ocrx_word' id='word_1_161' title='bbox 1205 2659 1237 2720; x_wconf 91' lang='lat' dir='ltr'>et</span> <span class='ocrx_word' id='word_1_162' title='bbox 1260 2654 1395 2720; x_wconf 89' lang='lat' dir='ltr'>alterius</span> <span class='ocrx_word' id='word_1_163' title='bbox 1419 2652 1491 2720; x_wconf 88' lang='lat' dir='ltr'>offi-</span> 
     </span>
     <span class='ocr_line' id='line_1_21' title="bbox 311 2777 1493 2865; baseline 0 -18"><span class='ocrx_word' id='word_1_164' title='bbox 311 2782 395 2848; x_wconf 92' lang='lat' dir='ltr'>cium</span> <span class='ocrx_word' id='word_1_165' title='bbox 419 2780 523 2865; x_wconf 92' lang='lat' dir='ltr'>quoad</span> <span class='ocrx_word' id='word_1_166' title='bbox 545 2785 620 2845; x_wconf 89' lang='lat' dir='ltr'>acta</span> <span class='ocrx_word' id='word_1_167' title='bbox 646 2778 826 2864; x_wconf 87' lang='lat' dir='ltr'>patrocinii.</span> <span class='ocrx_word' id='word_1_168' title='bbox 852 2812 871 2825; x_wconf 94' lang='lat'>·</span> <span class='ocrx_word' id='word_1_169' title='bbox 898 2777 1014 2843; x_wconf 87' lang='lat' dir='ltr'>Partes</span> <span class='ocrx_word' id='word_1_170' title='bbox 1035 2779 1126 2862; x_wconf 90' lang='lat' dir='ltr'>quasi</span> <span class='ocrx_word' id='word_1_171' title='bbox 1149 2778 1202 2844; x_wconf 85' lang='lat' dir='ltr'>rei</span> <span class='ocrx_word' id='word_1_172' title='bbox 1223 2798 1282 2843; x_wconf 89' lang='lat' dir='ltr'>seu</span> <span class='ocrx_word' id='word_1_173' title='bbox 1304 2784 1493 2847; x_wconf 77' lang='lat' dir='ltr'>conventus</span> 
     </span>
     <span class='ocr_line' id='line_1_22' title="bbox 311 2901 1492 2989; baseline 0.001 -20"><span class='ocrx_word' id='word_1_174' title='bbox 311 2904 421 2989; x_wconf 85' lang='lat' dir='ltr'>explet</span> <span class='ocrx_word' id='word_1_175' title='bbox 446 2906 617 2970; x_wconf 76' lang='lat' dir='ltr'>Promotou¹</span> <span class='ocrx_word' id='word_1_176' title='bbox 640 2901 743 2983; x_wconf 87' lang='lat' dir='ltr'>Fidei,</span> <span class='ocrx_word' id='word_1_177' title='bbox 767 2921 831 2986; x_wconf 89' lang='lat' dir='ltr'>qua</span> <span class='ocrx_word' id='word_1_178' title='bbox 855 2902 1057 2967; x_wconf 85' lang='lat' dir='ltr'>Procurator</span> <span class='ocrx_word' id='word_1_179' title='bbox 1079 2902 1223 2976; x_wconf 87' lang='lat' dir='ltr'>Fiscalis,</span> <span class='ocrx_word' id='word_1_180' title='bbox 1240 2908 1400 2986; x_wconf 89' lang='lat' dir='ltr'>quatenus</span> <span class='ocrx_word' id='word_1_181' title='bbox 1423 2904 1492 2989; x_wconf 86' lang='lat' dir='ltr'>ipse</span> 
     </span>
     <span class='ocr_line' id='line_1_23' title="bbox 311 3026 1493 3115; baseline 0 -18"><span class='ocrx_word' id='word_1_182' title='bbox 311 3028 503 3097; x_wconf 87' lang='lat' dir='ltr'>contradicit</span> <span class='ocrx_word' id='word_1_183' title='bbox 536 3027 706 3093; x_wconf 88' lang='lat' dir='ltr'>intentioni</span> <span class='ocrx_word' id='word_1_184' title='bbox 731 3026 945 3092; x_wconf 88' lang='lat' dir='ltr'>Postulatoris</span> <span class='ocrx_word' id='word_1_185' title='bbox 976 3047 1034 3091; x_wconf 89' lang='lat' dir='ltr'>seu</span> <span class='ocrx_word' id='word_1_186' title='bbox 1065 3028 1185 3092; x_wconf 89' lang='lat' dir='ltr'>actoris</span> <span class='ocrx_word' id='word_1_187' title='bbox 1216 3028 1308 3093; x_wconf 82' lang='lat' dir='ltr'>iuxta</span> <span class='ocrx_word' id='word_1_188' title='bbox 1330 3030 1493 3115; x_wconf 90' lang='lat' dir='ltr'>principia</span> 
     </span>
     <span class='ocr_line' id='line_1_24' title="bbox 310 3149 1493 3240; baseline 0.001 -21"><span class='ocrx_word' id='word_1_189' title='bbox 310 3154 472 3240; x_wconf 91' lang='lat' dir='ltr'>explicata</span> <span class='ocrx_word' id='word_1_190' title='bbox 487 3154 521 3216; x_wconf 92' lang='lat' dir='ltr'>iu</span> <span class='ocrx_word' id='word_1_191' title='bbox 536 3151 599 3217; x_wconf 89' lang='lat' dir='ltr'>vol.</span> <span class='ocrx_word' id='word_1_192' title='bbox 617 3154 642 3224; x_wconf 93' lang='grc' dir='ltr'>Ι,</span> <span class='ocrx_word' id='word_1_193' title='bbox 667 3149 792 3216; x_wconf 81' lang='lat' dir='ltr'>n.132.</span> <span class='ocrx_word' id='word_1_194' title='bbox 818 3152 857 3216; x_wconf 94' lang='lat' dir='ltr'>In</span> <span class='ocrx_word' id='word_1_195' title='bbox 879 3150 999 3217; x_wconf 88' lang='lat' dir='ltr'>litteris</span> <span class='ocrx_word' id='word_1_196' title='bbox 1021 3172 1101 3216; x_wconf 87' lang='lat' dir='ltr'>vero</span> <span class='ocrx_word' id='word_1_197' title='bbox 1124 3151 1413 3219; x_wconf 75' lang='lat' dir='ltr'>remissoriatibus</span> <span class='ocrx_word' id='word_1_198' title='bbox 1435 3159 1493 3220; x_wconf 88' lang='lat' dir='ltr'>aut</span> 
     </span>
     <span class='ocr_line' id='line_1_25' title="bbox 312 3272 1494 3361; baseline -0.001 -16"><span class='ocrx_word' id='word_1_199' title='bbox 312 3275 643 3361; x_wconf 74' lang='lat' dir='ltr'>compulsorialibus,</span> <span class='ocrx_word' id='word_1_200' title='bbox 668 3272 782 3359; x_wconf 87' lang='lat' dir='ltr'>quibus</span> <span class='ocrx_word' id='word_1_201' title='bbox 804 3273 927 3340; x_wconf 89' lang='lat' dir='ltr'>iudices</span> <span class='ocrx_word' id='word_1_202' title='bbox 955 3276 1194 3341; x_wconf 89' lang='lat' dir='ltr'>constituuntur</span> <span class='ocrx_word' id='word_1_203' title='bbox 1216 3273 1374 3361; x_wconf 84' lang='lat' dir='ltr'>delegati,</span> <span class='ocrx_word' id='word_1_204' title='bbox 1398 3276 1494 3343; x_wconf 89' lang='lat' dir='ltr'>Fidei</span> 
     </span>
     <span class='ocr_line' id='line_1_26' title="bbox 315 3401 1493 3489; baseline 0.002 -19"><span class='ocrx_word' id='word_1_205' title='bbox 315 3406 485 3471; x_wconf 86' lang='lat' dir='ltr'>Promotor</span> <span class='ocrx_word' id='word_1_206' title='bbox 508 3402 658 3489; x_wconf 90' lang='lat' dir='ltr'>proponit</span> <span class='ocrx_word' id='word_1_207' title='bbox 680 3402 934 3487; x_wconf 83' lang='lat' dir='ltr'>interrogatoria</span> <span class='ocrx_word' id='word_1_208' title='bbox 957 3401 1107 3468; x_wconf 82' lang='lat' dir='ltr'>facienda</span> <span class='ocrx_word' id='word_1_209' title='bbox 1128 3401 1273 3468; x_wconf 89' lang='lat' dir='ltr'>testibus.</span> <span class='ocrx_word' id='word_1_210' title='bbox 1299 3439 1317 3453; x_wconf 93' lang='lat'>·</span> <span class='ocrx_word' id='word_1_211' title='bbox 1344 3405 1493 3472; x_wconf 89' lang='lat' dir='ltr'>Interro-</span> 
     </span>
     <span class='ocr_line' id='line_1_27' title="bbox 312 3524 1493 3615; baseline 0.003 -22"><span class='ocrx_word' id='word_1_212' title='bbox 312 3530 438 3615; x_wconf 79' lang='lat' dir='ltr'>gatoria</span> <span class='ocrx_word' id='word_1_213' title='bbox 459 3528 657 3613; x_wconf 87' lang='lat' dir='ltr'>potissimum</span> <span class='ocrx_word' id='word_1_214' title='bbox 674 3526 797 3592; x_wconf 87' lang='lat' dir='ltr'>evolvit</span> <span class='ocrx_word' id='word_1_215' title='bbox 820 3545 919 3611; x_wconf 90' lang='lat' dir='ltr'>super</span> <span class='ocrx_word' id='word_1_216' title='bbox 935 3524 1174 3610; x_wconf 88' lang='lat' dir='ltr'>quaestionibus</span> <span class='ocrx_word' id='word_1_217' title='bbox 1196 3546 1254 3591; x_wconf 89' lang='lat' dir='ltr'>seu</span> <span class='ocrx_word' id='word_1_218' title='bbox 1270 3527 1365 3593; x_wconf 86' lang='lat' dir='ltr'>lactis</span> <span class='ocrx_word' id='word_1_219' title='bbox 1387 3548 1493 3596; x_wconf 90' lang='lat' dir='ltr'>enun-</span> 
     </span>
     <span class='ocr_line' id='line_1_28' title="bbox 311 3650 1491 3736; baseline 0 -15"><span class='ocrx_word' id='word_1_220' title='bbox 311 3656 403 3721; x_wconf 88' lang='lat' dir='ltr'>ciatis</span> <span class='ocrx_word' id='word_1_221' title='bbox 429 3674 449 3719; x_wconf 92' lang='lat' dir='ltr'>a</span> <span class='ocrx_word' id='word_1_222' title='bbox 476 3652 679 3719; x_wconf 90' lang='lat' dir='ltr'>Postulatore</span> <span class='ocrx_word' id='word_1_223' title='bbox 703 3652 736 3716; x_wconf 93' lang='lat' dir='ltr'>in</span> <span class='ocrx_word' id='word_1_224' title='bbox 762 3651 916 3719; x_wconf 80' lang='lat' dir='ltr'>articulis</span> <span class='ocrx_word' id='word_1_225' title='bbox 943 3672 1001 3717; x_wconf 86' lang='lat' dir='ltr'>seu</span> <span class='ocrx_word' id='word_1_226' title='bbox 1019 3650 1247 3735; x_wconf 76' lang='lat' dir='ltr'>positionibus</span> <span class='ocrx_word' id='word_1_227' title='bbox 1276 3650 1333 3736; x_wconf 85' lang='lat' dir='ltr'>(cs.</span> <span class='ocrx_word' id='word_1_228' title='bbox 1363 3654 1429 3721; x_wconf 86' lang='lat' dir='ltr'>vol.</span> <span class='ocrx_word' id='word_1_229' title='bbox 1458 3656 1491 3730; x_wconf 83' lang='grc' dir='ltr'>Ι,</span> 
     </span>
     <span class='ocr_line' id='line_1_29' title="bbox 311 3774 1491 3865; baseline 0.001 -20"><span class='ocrx_word' id='word_1_230' title='bbox 311 3800 342 3846; x_wconf 91' lang='lat' dir='ltr'>n.</span> <span class='ocrx_word' id='word_1_231' title='bbox 355 3780 442 3865; x_wconf 84' lang='grc'>443),</span> <span class='ocrx_word' id='word_1_232' title='bbox 460 3777 564 3843; x_wconf 90' lang='lat' dir='ltr'>allatis</span> <span class='ocrx_word' id='word_1_233' title='bbox 580 3775 620 3841; x_wconf 87' lang='lat' dir='ltr'>ad</span> <span class='ocrx_word' id='word_1_234' title='bbox 636 3774 829 3861; x_wconf 88' lang='lat' dir='ltr'>explicanda</span> <span class='ocrx_word' id='word_1_235' title='bbox 847 3775 974 3861; x_wconf 87' lang='lat' dir='ltr'>potiora</span> <span class='ocrx_word' id='word_1_236' title='bbox 989 3775 1078 3841; x_wconf 84' lang='lat' dir='ltr'>facta</span> <span class='ocrx_word' id='word_1_237' title='bbox 1093 3781 1126 3841; x_wconf 89' lang='lat' dir='ltr'>et</span> <span class='ocrx_word' id='word_1_238' title='bbox 1145 3775 1307 3843; x_wconf 86' lang='lat' dir='ltr'>factorum</span> <span class='ocrx_word' id='word_1_239' title='bbox 1322 3777 1491 3855; x_wconf 86' lang='lat' dir='ltr'>adiuncta,</span> 
     </span>
     <span class='ocr_line' id='line_1_30' title="bbox 311 3901 1491 3991; baseline -0.001 -20"><span class='ocrx_word' id='word_1_240' title='bbox 311 3905 425 3991; x_wconf 90' lang='lat' dir='ltr'>quibus</span> <span class='ocrx_word' id='word_1_241' title='bbox 440 3905 507 3989; x_wconf 91' lang='lat' dir='ltr'>ipse</span> <span class='ocrx_word' id='word_1_242' title='bbox 529 3902 643 3968; x_wconf 82' lang='lat' dir='ltr'>fundat</span> <span class='ocrx_word' id='word_1_243' title='bbox 664 3922 754 3967; x_wconf 89' lang='lat' dir='ltr'>suam</span> <span class='ocrx_word' id='word_1_244' title='bbox 779 3901 973 3967; x_wconf 89' lang='lat' dir='ltr'>instantiam.</span> <span class='ocrx_word' id='word_1_245' title='bbox 1000 3937 1018 3951; x_wconf 94' lang='lat'>-</span> <span class='ocrx_word' id='word_1_246' title='bbox 1043 3902 1161 3967; x_wconf 88' lang='lat' dir='ltr'>Munus</span> <span class='ocrx_word' id='word_1_247' title='bbox 1177 3901 1268 3967; x_wconf 87' lang='lat' dir='ltr'>Fidei</span> <span class='ocrx_word' id='word_1_248' title='bbox 1286 3901 1491 3970; x_wconf 88' lang='lat' dir='ltr'>Promotoris</span> 
     </span>
     <span class='ocr_line' id='line_1_31' title="bbox 310 4023 1488 4114; baseline -0.002 -19"><span class='ocrx_word' id='word_1_249' title='bbox 310 4047 438 4114; x_wconf 86' lang='lat' dir='ltr'>semper</span> <span class='ocrx_word' id='word_1_250' title='bbox 460 4027 638 4110; x_wconf 88' lang='lat' dir='ltr'>requiritur</span> <span class='ocrx_word' id='word_1_251' title='bbox 652 4027 686 4091; x_wconf 94' lang='lat' dir='ltr'>in</span> <span class='ocrx_word' id='word_1_252' title='bbox 702 4024 903 4111; x_wconf 87' lang='lat' dir='ltr'>processibus</span> <span class='ocrx_word' id='word_1_253' title='bbox 926 4029 994 4091; x_wconf 90' lang='lat' dir='ltr'>tum</span> <span class='ocrx_word' id='word_1_254' title='bbox 1017 4023 1190 4091; x_wconf 89' lang='lat' dir='ltr'>ordinariis</span> <span class='ocrx_word' id='word_1_255' title='bbox 1205 4031 1274 4090; x_wconf 91' lang='lat' dir='ltr'>tum</span> <span class='ocrx_word' id='word_1_256' title='bbox 1289 4026 1488 4111; x_wconf 87' lang='lat' dir='ltr'>apostolicis.</span> 
     </span>
     <span class='ocr_line' id='line_1_32' title="bbox 312 4147 1488 4235; baseline -0.003 -17"><span class='ocrx_word' id='word_1_257' title='bbox 312 4153 351 4218; x_wconf 93' lang='lat' dir='ltr'>In</span> <span class='ocrx_word' id='word_1_258' title='bbox 366 4151 538 4217; x_wconf 89' lang='lat' dir='ltr'>ordinariis</span> <span class='ocrx_word' id='word_1_259' title='bbox 550 4150 727 4235; x_wconf 85' lang='lat' dir='ltr'>Episcopus</span> <span class='ocrx_word' id='word_1_260' title='bbox 739 4150 771 4213; x_wconf 93' lang='lat' dir='ltr'>in</span> <span class='ocrx_word' id='word_1_261' title='bbox 784 4147 874 4213; x_wconf 86' lang='lat' dir='ltr'>Fidei</span> <span class='ocrx_word' id='word_1_262' title='bbox 890 4148 1115 4213; x_wconf 89' lang='lat' dir='ltr'>Promotorem</span> <span class='ocrx_word' id='word_1_263' title='bbox 1132 4147 1263 4234; x_wconf 88' lang='lat' dir='ltr'>deputat</span> <span class='ocrx_word' id='word_1_264' title='bbox 1275 4149 1393 4216; x_wconf 82' lang='lat' dir='ltr'>Curiae</span> <span class='ocrx_word' id='word_1_265' title='bbox 1407 4152 1488 4216; x_wconf 92' lang='lat' dir='ltr'>Pro-</span> 
     </span>
     <span class='ocr_line' id='line_1_33' title="bbox 311 4275 1488 4367; baseline 0.002 -22"><span class='ocrx_word' id='word_1_266' title='bbox 311 4283 494 4345; x_wconf 89' lang='lat' dir='ltr'>curatorem</span> <span class='ocrx_word' id='word_1_267' title='bbox 510 4276 668 4343; x_wconf 89' lang='lat' dir='ltr'>Fiscalem</span> <span class='ocrx_word' id='word_1_268' title='bbox 690 4281 746 4341; x_wconf 87' lang='lat' dir='ltr'>aut</span> <span class='ocrx_word' id='word_1_269' title='bbox 768 4276 868 4341; x_wconf 90' lang='lat' dir='ltr'>alium</span> <span class='ocrx_word' id='word_1_270' title='bbox 887 4275 1151 4341; x_wconf 88' lang='lat' dir='ltr'>Ecclesiasticum</span> <span class='ocrx_word' id='word_1_271' title='bbox 1167 4277 1284 4352; x_wconf 88' lang='lat' dir='ltr'>virum,</span> <span class='ocrx_word' id='word_1_272' title='bbox 1301 4278 1356 4364; x_wconf 90' lang='lat' dir='ltr'>qui</span> <span class='ocrx_word' id='word_1_273' title='bbox 1376 4281 1488 4367; x_wconf 81' lang='lat' dir='ltr'>appel-</span> 
     </span>
     <span class='ocr_line' id='line_1_34' title="bbox 308 4400 1487 4489; baseline 0.007 -23"><span class='ocrx_word' id='word_1_274' title='bbox 308 4401 423 4468; x_wconf 89' lang='lat' dir='ltr'>landus</span> <span class='ocrx_word' id='word_1_275' title='bbox 438 4406 487 4467; x_wconf 87' lang='lat' dir='ltr'>est</span> <span class='ocrx_word' id='word_1_276' title='bbox 502 4402 686 4469; x_wconf 84' lang='lat' dir='ltr'>Promotor</span> <span class='ocrx_word' id='word_1_277' title='bbox 701 4400 854 4477; x_wconf 76' lang='lat' dir='ltr'>Pisatilis,</span> <span class='ocrx_word' id='word_1_278' title='bbox 871 4420 915 4467; x_wconf 91' lang='lat' dir='ltr'>ex</span> <span class='ocrx_word' id='word_1_279' title='bbox 931 4402 1056 4467; x_wconf 81' lang='lat' dir='ltr'>Deerat.</span> <span class='ocrx_word' id='word_1_280' title='bbox 1074 4401 1138 4467; x_wconf 91' lang='lat' dir='ltr'>iam</span> <span class='ocrx_word' id='word_1_281' title='bbox 1153 4402 1208 4470; x_wconf 90' lang='lat' dir='ltr'>cit.</span> <span class='ocrx_word' id='word_1_282' title='bbox 1223 4400 1274 4469; x_wconf 75' lang='lat'>24</span> <span class='ocrx_word' id='word_1_283' title='bbox 1289 4404 1367 4471; x_wconf 80' lang='lat' dir='ltr'>lan.</span> <span class='ocrx_word' id='word_1_284' title='bbox 1381 4405 1487 4489; x_wconf 85' lang='lat'><em>1893,·</em></span> 
     </span>
    </p>
   </div>
   <div class='ocr_carea' id='block_1_5' title="bbox 0 0 1650 5109">
    <p class='ocr_par' dir='ltr' id='par_1_5' title="bbox 0 0 1650 5109">
     <span class='ocr_line' id='line_1_35' title="bbox 0 0 1650 5109; baseline 0 0"><span class='ocrx_word' id='word_1_285' title='bbox 0 0 1650 5109; x_wconf 95' lang='lat' dir='ltr'> </span> 
     </span>
    </p>
   </div>
  </div>
 </body>
</html>
