3292 5109
454 322 498 371 on
522 321 661 371 1oo1cns
684 320 952 370 nocuesrssmcis
1245 301 1309 368 133

138 442 240 529 itaque
256 444 404 527 premio
420 450 451 510 el
465 462 511 510 ea
525 448 618 511 certa
640 443 781 510 scientia
796 463 839 510 ac
857 462 956 509 mera
978 442 1223 510 deliberatione
1242 441 1308 510 No·

134 573 200 631 slra
221 568 328 652 deque
350 565 564 650 Apostolicae
583 566 759 650 potestatis
777 565 1000 649 plenitudine,
1018 565 1112 650 quod
1129 566 1173 632 de
1196 572 1307 633 cetero

132 695 298 778 perpetuis
319 693 448 777 futuris
471 691 677 777 temporibus
704 709 939 777 quaecumque
962 696 1121 775 patentes
1147 710 1207 758 seu
1238 692 1307 760 olio

134 821 261 887 mmine
283 826 535 903 nuncupentur,
552 818 684 885 litterae
700 816 942 903 cluiroqraplta,
958 816 1188 883 instrumenta
1212 822 1308 883 testo·
1369 906 1373 913 ,

134 945 296 1009 montorio
312 949 343 1009 el
359 942 448 1011 oliae
463 961 697 1028 quaecumque
715 941 909 1025 scripturae
930 960 1145 1026 quocumque
1167 940 1306 1007 nomine

133 1074 327 1133 caueantur
342 1088 404 1134 nec
418 1087 488 1135 non
504 1085 738 1152 quaecumque
762 1066 894 1131 litterae
912 1065 1127 1149 Apostolicae
1149 1070 1220 1130 tem
1242 1062 1306 1131 sub

130 1188 261 1269 plumbo
285 1208 392 1273 wem
413 1188 517 1254 simili
538 1186 654 1269 forma
678 1185 799 1261 breuis,
819 1186 1087 1270 eorumdemque
1110 1184 1305 1251 litterarum

134 1312 399 1395 rlposlolicarum
428 1312 692 1397 supplicationes
721 1330 828 1395 super
848 1310 1118 1397 quibuscumque
1144 1310 1302 1398 neqotiis,

131 1435 224 1502 reas
245 1442 279 1503 et
300 1437 396 1504 bonis
418 1442 488 1503 lam
511 1436 689 1503 mobilibus
715 1455 822 1522 quam
852 1435 1090 1510 immobilibus,
1119 1437 1167 1503 ad
1188 1437 1303 1521 ipsam

133 1556 431 1647 conqrequlionem
453 1560 702 1646 quomodolibet
720 1560 1012 1645 pertinentibus...
1032 1580 1097 1627 nec
1117 1580 1189 1629 non
1210 1562 1305 1629 simi·

130 1682 201 1747 liler
221 1702 455 1769 quaecumque
477 1685 607 1751 litterae
630 1703 720 1769 quae
742 1703 788 1751 ea·
809 1684 967 1752 omnibus
996 1683 1119 1749 mundi
1141 1684 1303 1767 portibus

130 1807 231 1874 aden
249 1809 353 1895 Conq.
370 1809 559 1891 scribentur
574 1828 617 1877 ac
635 1810 715 1877 illae
736 1828 827 1894 quae
850 1808 1000 1875 eiusdem
1019 1809 1302 1895 Conqreqatioms

132 1932 259 1998 mmine
269 1938 372 1999 anua
383 1935 514 1999 almam
531 1933 650 2001 Urbem
662 1932 828 2002 Nostram
842 1934 1027 2009 millentur,
1039 1934 1149 2021 qratis
1159 1934 1300 2002 omnino

130 2056 159 2115 el
179 2052 301 2137 absque
322 2057 396 2121 nbc
417 2056 572 2122 mercede
593 2061 655 2122 out
676 2056 821 2123 alicuius
851 2055 903 2121 rei
933 2055 1036 2121 etium
1066 2056 1301 2140 quamtumvis

132 2180 284 2248 odnimce
298 2182 464 2250 solutione
479 2183 645 2266 expediri,
664 2182 792 2267 confici,
808 2180 998 2267 requireri,
1014 2182 1181 2256 relocati,
1207 2182 1305 2248 tradi-
1326 2166 1331 2175 ’

131 2307 161 2366 el
179 2304 261 2369 milli
282 2304 436 2379 debeam,
462 2310 576 2372 tenore
593 2306 830 2389 praesentium
852 2304 1070 2371 concedimus
1092 2310 1126 2371 et
1146 2304 1301 2391 indulqe-

133 2446 200 2493 rum
220 2450 249 2491 ›.
274 2428 365 2495 Unde
388 2430 496 2493 omnia
523 2427 632 2495 officia
661 2428 901 2501 Ecclesiastica,
926 2428 1015 2493 nulle
1042 2430 1187 2513 expetita
1208 2433 1297 2501 taxa,

131 2548 245 2617 litteras
267 2557 299 2618 et
322 2553 482 2636 rescripta
504 2551 581 2617 dant
608 2552 684 2617 huic
707 2551 806 2637 cong.
832 2548 890 2637 (l).
1250 2538 1254 2548 ¹

212 2674 327 2741 Postea
350 2673 433 2739 idem
458 2673 611 2739 Pontifex
634 2674 687 2757 qui
704 2692 844 2739 exerce
866 2692 926 2737 sua
948 2674 1076 2757 privata
1099 2673 1163 2737 iam
1187 2672 1298 2758 ingen·

129 2800 188 2859 tem
212 2799 367 2881 pecuniae
397 2798 462 2863 vim
494 2797 763 2883 suppeditaverat,
792 2797 940 2862 decernit
969 2797 1002 2861 in
1034 2801 1199 2881 posterum
1220 2797 1298 2862 huic

130 2914 220 3002 Gong.
243 2918 412 2983 solvendos
428 2938 499 2985 esse
514 2925 690 3005 proventus
712 2919 822 2984 annuli
845 2917 1044 2985 cardinalitii
1058 2924 1156 2984 antea
1170 2938 1191 2981 a
1206 2918 1294 2984 Cam.

133 3040 304 3124 ¹lpostolica
327 3050 477 3135 exactem
502 3044 648 3112 decernit
669 3046 754 3111 enirn
780 3043 902 3111 eadem
932 3044 1060 3110 const:
1090 3063 1109 3106 ι
1133 3043 1293 3109 Volumus

131 3168 228 3230 autern
255 3173 288 3233 et
318 3168 506 3253 apostolica
536 3169 740 3235 Auctoritute
775 3168 980 3233 decernimus
1009 3166 1094 3251 quod
1123 3188 1234 3235 umnec
1264 3174 1299 3233 et

130 3287 307 3374 quicumque
339 3290 471 3355 cuiusve
502 3292 656 3363 nationis,
689 3289 870 3375 dignitatis,
895 3295 928 3355 et
951 3289 1167 3355 excellentiae
1197 3291 1295 3356 etiam

132 3414 231 3496 regiae
252 3416 384 3498 fuerint,
408 3417 506 3501 qui...
529 3417 563 3480 in
584 3416 717 3482 Sacrum
734 3415 914 3501 Collegium
936 3414 1284 3483 oleoselinon

129 3532 268 3602 dinalium
299 3559 361 3625 per
385 3540 449 3604 Nos
479 3544 513 3607 et
543 3540 704 3605 Romanos
728 3538 903 3605 Pontifices
934 3558 1137 3606 successores
1168 3546 1296 3605 nostros

129 3637 360 3743 coaptabuntur,
386 3662 413 3726 si
436 3670 633 3747 praesentes,
658 3664 765 3729 statim
788 3683 885 3748 quam
909 3663 1096 3730 cardinales
1127 3666 1244 3738 creati,
1258 3666 1296 3754 ‚si

129 3802 201 3848 vero
221 3785 367 3853 absentes
390 3786 529 3868 suerint,
554 3788 588 3852 in
615 3794 689 3853 actu
721 3790 933 3873 susceptionis
963 3788 1059 3853 bireti
1090 3788 1199 3870 rubri,
1222 3790 1297 3855 iura

130 3924 253 3987 pereas
275 3912 403 3975 ratione
426 3910 537 3975 annuli
560 3910 773 3985 cardinalitii,
797 3912 857 3979 etsi
888 3911 979 3976 illum
1003 3929 1066 3975 non
1094 3912 1293 3995 receperint,
1376 3934 1380 3940 ·

210 4207 246 4281 (l)
264 4210 352 4267 Hodie
378 4210 412 4265 ll.
437 4211 464 4266 S.
490 4211 519 4267 c.
538 4212 742 4269 immunitatem
766 4230 784 4266 a
809 4213 883 4267 taxis
906 4212 1034 4268 obtinere
1059 4229 1114 4267 non
1141 4217 1233 4282 potest
1258 4214 1294 4269 ab

75 4396 77 4401 Α
128 4308 217 4366 officiis
231 4315 449 4383 tabellariorum,
463 4332 536 4388 quae
551 4323 687 4387 reguntur·
704 4334 722 4371 a
741 4318 885 4388 guber-niis
900 4317 1047 4385 civilibus3
1059 4322 1088 4373 et
1100 4316 1153 4373 hae
1166 4334 1202 4374 ex
1214 4321 1295 4389 perte

130 4412 184 4467 eins
200 4430 330 4489 expensae
348 4436 405 4475 non
424 4438 522 4491 parum
539 4426 639 4477 auctum
658 4426 731 4476 sunt.
