3292 5109
473 300 516 347 oe
540 300 681 349 ionicus
703 299 972 349 nccnnsiasriors
1267 278 1313 342 43

222 425 276 492 46.
302 426 383 493 Suae
407 428 543 512 originis
565 428 735 513 vestigium
760 446 823 493 non
834 408 974 493 ⁸tautum
990 428 1025 491 in
1040 446 1079 491 eo
1094 429 1228 490 servant
1244 426 1313 491 Au·

136 547 253 614 ditores
282 550 356 633 quia
387 555 462 615 sunt
486 550 650 635 Capeliani
676 550 795 637 Papae,
819 550 877 615 sed
900 551 1003 636 magis
1033 550 1107 633 quia
1136 546 1178 611 ad
1208 548 1312 611 instar

137 674 267 741 Petrum
293 675 529 757 Cardinalium,
554 677 718 743 intereos
741 676 888 741 nonnulli
912 696 955 741 ex
978 674 1102 742 exteris
1130 671 1313 739 nationibus

135 798 305 883 eliguntur.
333 801 462 865 Revera
486 818 586 883 usque
609 798 650 864 ad
673 797 771 865 finem
795 800 895 884 elapsi
919 798 1039 864 saeculi
1061 802 1132 863 tres
1154 802 1250 860 erant
1269 816 1313 863 ex

134 923 211 988 urbe
234 908 355 997 Roma,
380 944 463 991 unus
485 946 503 989 e
527 926 661 996 Tuscia.
686 945 811 991 unuso
840 926 971 989 civitate
995 924 1205 1003 Bononiensi,
1230 942 1313 988 unus
1427 937 1430 946 '

134 1044 290 1111 eDucatu
308 1047 522 1116 Ferrarieusi.
540 1067 622 1113 unus
639 1068 681 1112 ex
702 1049 838 1132 imperio
859 1048 1046 1121 Austriaco;
1063 1066 1144 1111 unus
1160 1064 1179 1110 e
1195 1044 1311 1119 Gallia,

134 1165 193 1231 duo
216 1187 258 1233 ex
283 1168 467 1255 Hispaniis;
491 1190 574 1235 unus
590 1189 608 1234 e
624 1169 791 1255 republica
810 1168 949 1242 Veneta,
966 1188 1049 1233 unus
1064 1188 1083 1233 e
1098 1168 1223 1235 Ducatu
1247 1168 1312 1233 Me

134 1288 321 1355 diolanensi.
352 1292 433 1359 Post
456 1312 566 1357 rerum
589 1291 790 1378 publicarum
822 1293 1009 1357 eversiones
1032 1292 1095 1357 hac
1117 1290 1158 1356 de
1181 1310 1218 1357 re
1240 1310 1311 1356 mu·

134 1416 269 1482 tationes
292 1416 401 1483 tactae
424 1425 515 1515 sunt,
539 1416 596 1483 sed
620 1416 716 1482 bodie
740 1417 837 1482 etiam
862 1416 976 1498 Gallia,
994 1416 1137 1489 Austris,
1155 1414 1313 1501 Hispania

134 1562 220 1607 suum
242 1542 427 1610 auditorem
450 1540 573 1608 habere
597 1540 702 1609 solent
725 1537 781 1628 (l).

216 1668 347 1733 Verum
371 1668 429 1733 etsi
461 1669 493 1733 in
516 1667 722 1752 deputatione
746 1666 913 1732 Auditoris
944 1665 1131 1734 attendatur
1158 1663 1312 1750 benepla-

133 1790 226 1856 citum
249 1794 303 1857 vel
328 1794 546 1878 praesentatio
570 1791 732 1877 Principis
760 1811 778 1856 e
806 1792 897 1857 cuius
920 1790 1012 1859 Statu
1035 1791 1176 1877 eligitur,
1200 1795 1311 1855 tamen
1349 1821 1352 1827 ¹

133 1914 228 1980 semel
251 1935 293 1980 ac
317 1917 388 1997 quis
411 1917 444 1979 io
466 1914 530 1979 hoc
552 1913 694 1981 tribunal
718 1918 886 1999 cooptatus
908 1913 979 1994 fuit,
1003 1913 1134 1978 omnino
1161 1913 1311 1978 immunis

134 2046 180 2107 est
200 2061 220 2105 a
241 2041 467 2107 iurisdictione
493 2044 543 2107 sui
569 2042 730 2128 Principis
754 2060 860 2125 neque
886 2040 984 2106 ullam
1007 2040 1106 2106 habet
1127 2038 1311 2105 mandatam

134 2166 379 2235 sollicitudiuem
403 2188 462 2253 pro
481 2168 619 2252 negotiis
641 2188 719 2233 suae
736 2168 894 2243 civitatis;
910 2187 1007 2251 quum
1031 2166 1309 2233 indiscriminatim

134 2289 164 2354 in
186 2289 259 2355 lites
283 2291 439 2374 cuiusque
462 2292 593 2376 generis
615 2294 650 2356 et
671 2288 780 2355 Status
803 2288 992 2355 incumbere
1015 2288 1139 2356 debeat.
1162 2325 1180 2338 ·
1206 2290 1310 2355 Prae·

132 2416 221 2477 terea
243 2420 280 2479 ut
304 2432 324 2477 a
351 2414 490 2497 partium
513 2413 617 2479 studio
640 2415 682 2479 sit
704 2412 874 2499 expeditus
897 2412 1044 2495 Auditor,
1067 2414 1164 2499 plena
1190 2414 1312 2480 fruitur

133 2535 410 2603 ioamooibiiitate
425 2534 482 2620 (2).

218 2660 271 2723 47.
302 2659 473 2745 Proprium
497 2666 546 2725 est
569 2658 760 2725 Auditorum
784 2660 815 2725 S.
843 2660 946 2725 Rotae
969 2666 1004 2726 ut
1027 2678 1141 2724 causas
1168 2658 1311 2725 iudicent

133 2779 187 2846 sibi
210 2780 385 2849 attributas
407 2803 449 2848 ex
472 2784 707 2850 commissione
722 2784 768 2869 (3)
793 2785 912 2870 Papae.
937 2782 1001 2848 Hic
1024 2804 1092 2849 mos
1115 2784 1309 2850 adamussim

132 2906 306 2990 respondet
327 2907 444 2993 origini
469 2906 565 2972 buius
587 2908 767 2973 tribunalis.
792 2908 854 2975 Sed
872 2910 1039 2993 quaeritur
1054 2928 1096 2973 an
1113 2909 1231 2975 exinde
1246 2910 1309 2975 Au·
1349 2909 1354 2914 ’

134 3031 248 3099 ditores
273 3033 402 3099 dicendi
424 3036 489 3101 sint
514 3034 635 3101 iudices
650 3034 804 3121 delegati.
830 3035 922 3101 Haec
938 3039 987 3100 est
1011 3034 1149 3101 celebris
1165 3036 1309 3121 quaestio

215 3245 256 3313 (l)
272 3245 344 3301 Hinc
358 3246 397 3301 De
411 3246 486 3301 Luca
498 3264 542 3319 op.
557 3252 601 3301 eit.
613 3248 685 3302 Disc.
699 3248 749 3315 32,
763 3247 940 3301 Auditoriom
955 3248 1044 3303 Rotae
1056 3246 1181 3317 appellat
1193 3264 1308 3317 parrum

133 3343 332 3402 Consistorium
351 3355 380 3402 et
398 3348 416 3402 l.
435 3365 459 3403 e.
479 3366 504 3403 n.
523 3350 567 3415 64,
587 3349 720 3404 advertit:
740 3348 958 3403 ‹Decretalium
985 3354 1065 3403 tenor
1089 3349 1211 3404 ostendit
1235 3348 1309 3420 quod

130 3456 250 3523 exceptis
263 3453 423 3526 aliquorum
435 3454 622 3533 conciliorum
635 3455 810 3525 generalium
823 3454 952 3520 decretis,
964 3472 1036 3526 quae
1056 3454 1084 3509 in
1104 3456 1145 3510 eis
1158 3456 1309 3524 registrata

132 3564 200 3627 sunt,
213 3560 317 3632 reliqui
329 3577 450 3616 canones
462 3577 496 3616 ex
509 3562 673 3617 Consistorii
693 3568 721 3617 et
740 3579 775 3617 ex
790 3562 873 3617 huius
887 3562 1037 3616 tribunalis
1055 3562 1139 3633 (quod
1151 3562 1309 3633 antiquitus

134 3664 245 3735 capelia
266 3666 422 3739 dicebatur)
441 3668 560 3724 decretis
578 3675 607 3725 st
625 3670 907 3725 determinationibus
925 3670 1081 3739 deprompti
1101 3675 1167 3724 sunt
1180 3684 1206 3726 n.

215 3774 257 3845 (2)
277 3774 321 3829 Cf.
336 3774 448 3845 Prolog.
462 3774 517 3831 vol.
531 3776 552 3843 l,
570 3794 595 3831 n.
609 3776 652 3829 84.
673 3806 707 3819 -
728 3778 829 3832 Fertur
848 3777 1004 3831 bodonicus
1020 3776 1112 3832 XVlll
1131 3777 1239 3833 Galliae
1259 3794 1308 3834 rex

131 3877 308 3936 vehementer
331 3881 449 3937 instasse
476 3884 547 3953 apud
577 3883 658 3937 Pium
678 3884 735 3951 Vll,
755 3890 786 3939 ut
814 3886 933 3939 Auditor
961 3885 1051 3940 Rotae
1082 3891 1273 3941 removeretur
1290 3903 1308 3940 a

132 3977 289 4051 Napoleone
308 3984 318 4037 l
343 3984 514 4051 nominatum
532 3990 563 4039 at
580 4003 703 4041 annuere
724 3986 853 4041 Pontifex
872 4004 959 4059 usque
977 3987 1135 4057 denegavit.

216 4092 258 4161 (3)
280 4092 441 4148 Cornmissio
460 4098 503 4149 est
521 4094 685 4164 rescriptum
704 4094 730 4147 S.
752 4094 890 4165 Principis
907 4112 963 4166 quo
978 4100 1059 4149 'certa
1077 4112 1161 4150 causa
1179 4113 1309 4165 expresse

133 4194 287 4265 significata
307 4216 355 4270 per
373 4216 472 4254 nomen
500 4202 627 4270 petitoris
645 4208 675 4256 et
698 4219 809 4256 causam
830 4202 941 4271 petendi
966 4202 1051 4257 alicui
1070 4221 1105 4259 ex
1124 4204 1309 4258 Auditoribus

134 4304 314 4360 committitur
338 4306 529 4375 cognoscenda
553 4312 582 4362 et
607 4307 772 4361 delinienda
792 4308 829 4361 Et
848 4310 1054 4364 commissiones
1082 4307 1237 4363 huiusmodi
1256 4308 1307 4363 da·

132 4407 230 4464 bantur
247 4410 277 4464 in
297 4416 415 4482 utraque
435 4412 586 4483 Signatum
604 4419 633 4468 et
652 4415 738 4469 etiam
757 4432 774 4467 a
793 4414 821 4469 S.
843 4414 1125 4484 congregationibus.
