3292 5109
271 289 339 357 522

324 429 550 500 incompetentia.
564 458 598 470 -
612 429 750 484 ludexcui
764 431 833 484 obii·
887 435 995 483 ratores
1012 430 1112 483 deinde
1135 429 1179 482 ius
1202 429 1372 483 Canonicum
1398 430 1454 484 hoc

271 501 343 554 citur
371 494 589 570 incompetentia
617 501 692 556 ridet
719 501 752 556 de
779 502 833 556 hac
887 502 1065 556 interdictum
1076 500 1452 569 ampliaruntpag.255·58.

271 573 444 642 exceptione,
464 589 525 641 prag.
545 571 606 625 387.
888 601 904 612 -
929 573 974 626 lus
998 573 1064 626 Cau.
1094 577 1205 640 praeter
1232 583 1339 643 except.
1367 573 1450 641 spolii

886 644 1024 698 concessit
1040 648 1178 698 actionem
1196 645 1287 712 spolii,
1307 661 1369 713 pag.
1386 645 1449 698 260.

887 745 903 755 -
925 715 1003 776 Quae
1030 717 1105 769 actio
1131 732 1184 783 ope
1215 716 1453 784 lurisprudentiae

886 802 1019 840 cocceam
1030 787 1085 840 fuit
1097 788 1183 840 etiam
1195 787 1325 842 adversos
1344 803 1452 856 posses·

886 874 977 911 aorem
996 860 1085 913 bonae
1106 858 1180 922 fidei,
1200 874 1262 926 pag.
1281 859 1412 912 261-262
1433 888 1450 897 -

887 927 1028 989 Quomodo
1047 931 1122 983 actio
1139 930 1225 1000 spolii
1247 929 1286 983 sit
1306 937 1451 999 perpetua,

887 1017 949 1069 pag.
964 1002 1023 1054 263.
1038 1031 1054 1041 -
1071 1001 1108 1055 De
1127 1001 1275 1055 interdicto
1287 1001 1452 1055 retinendae

323 1069 460 1122 instantia
480 1071 666 1140 -quomodo
686 1071 833 1140 perimitur
887 1079 988 1140 posses.
1007 1073 1098 1142 quoad
1111 1073 1183 1126 iuria
1195 1073 1365 1140 coniugalia,
1385 1089 1450 1140 pag.

269 1141 412 1206 instantia,
432 1143 466 1194 ci.
486 1141 653 1211 Peremptio.
886 1143 947 1197 266.
964 1173 979 1183 -
995 1144 1033 1197 De
1052 1145 1151 1198 interd.
1170 1144 1364 1213 acquirendae,
1382 1144 1452 1198 reti·

886 1216 994 1269 nendae
1018 1220 1047 1270 et
1073 1214 1276 1284 recuperandae
1302 1216 1452 1283 possessio-

324 1282 512 1336 lnstrumento
529 1313 565 1324 -
590 1286 624 1338 ab
650 1289 745 1338 actore
770 1300 833 1353 pro·
886 1287 930 1339 nis
957 1287 1047 1357 quoad
1074 1287 1239 1341 beneficium
1265 1292 1294 1340 et
1317 1286 1452 1349 officinm,

268 1353 526 1408 ductareodebent
545 1357 752 1419 communicari,
769 1373 831 1424 pag.
885 1373 949 1426 pag.
975 1359 1087 1411 267-70.
1110 1387 1126 1398 -
1153 1359 1191 1413 De
1216 1359 1451 1425 interpretatione

269 1425 331 1478 436.
343 1455 357 1465 -
369 1425 556 1479 Instrumenta
566 1433 631 1480 sunt
645 1429 832 1495 probationes,
886 1445 944 1497 cap.
957 1428 1016 1483 ult:
1032 1430 1071 1484 De
1083 1435 1149 1484 rest
1163 1429 1315 1499 spoliatio
1334 1429 1369 1492 6.,
1384 1446 1449 1497 pag.

270 1513 332 1564 pag.
352 1497 413 1550 516.
434 1526 449 1536 -
469 1497 627 1565 Quotnplex
640 1505 683 1552 est
701 1508 730 1553 et
748 1515 833 1568 quae·
885 1500 998 1553 270-71.

269 1585 334 1620 nam
363 1567 404 1620 ris
433 1569 609 1622 instrumenti
639 1575 697 1622 tum
728 1570 831 1636 publici

269 1647 327 1692 tum
356 1639 455 1706 privati
485 1645 546 1703 etc,
572 1657 632 1708 pag.
658 1641 789 1694 517-525.
815 1671 830 1681 -
938 1641 1450 1702 narertoourortasentencia-Quid?

269 1709 831 1782 Quidsitprotocollumetti-ausumptnm3
886 1729 949 1782 pag.
968 1714 1030 1766 395.

269 1781 334 1852 qnid
348 1781 463 1850 apocha.
474 1782 699 1852 chirographum,
715 1801 832 1854 syngra-

269 1851 332 1921 pha,
353 1870 414 1920 pag.
434 1853 494 1906 517.
515 1881 528 1894 -
550 1855 612 1907 lust.
634 1855 772 1923 privatum
791 1856 831 1908 di-

737 309 846 356 lNDEX
865 309 986 357 RERUM

326 713 451 782 infames
478 742 515 753 -
542 718 684 784 nequeunt
711 714 833 768 officium

270 785 458 854 procuratoris
477 786 625 854 suscipere,
646 803 707 856 pag.
732 786 789 840 164.

327 927 470 980 innovatio
490 955 523 967 -
544 945 607 998 pag.
627 925 688 981 533.

939 1856 1126 1926 interropatio
1152 1859 1302 1912 iudicialis.
1320 1884 1358 1896 -
1375 1855 1450 1916 Quo·

268 1923 832 1995 viditnrinantirenticumetsimpliciter
885 1926 966 1980 modo
992 1944 1054 1995 pars
1081 1933 1231 1994 provocata
1251 1927 1450 1988 interrogatio·

263 1998 418 2065 privatum·
439 2005 497 2049 tum
523 1997 664 2065 publicum
686 2015 752 2052 vero
770 2005 830 2052 tum
885 1999 1137 2053 uibussatisiacore
1150 2000 1244 2069 possit,
1258 2016 1321 2069 pag.
1334 1998 1447 2051 toa-70.

268 2066 407 2135 privatum
427 2068 455 2120 in
474 2069 613 2136 oripr'nala
628 2075 656 2124 et
673 2071 830 2138 armnplar,

268 2153 331 2206 pag.
350 2138 411 2192 518.
433 2169 448 2177 -
468 2139 621 2199 Quamnam
641 2141 722 2194 iidem
743 2143 832 2196 iaciat
938 2141 1037 2196 Index.
1049 2170 1083 2182 -
1095 2140 1233 2205 Definitio,
1245 2157 1307 2210 pag.
1317 2141 1360 2192 64.
1371 2170 1387 2178 -
1399 2139 1448 2192 ui-

269 2215 432 2278 rorumque,
458 2212 523 2263 ibid.
548 2241 564 2251 -
593 2211 734 2272 Quomodo
765 2229 830 2282 pro·
884 2211 1448 2281 visio.pag.7l.-Nemoiadenincausa

269 2282 351 2334 betur
377 2281 576 2335 autlienticitas
598 2283 773 2337 instrumenti
800 2293 830 2338 et
880 2281 1447 2353 propria,pag.74-77·-ludicisofficium

286 2351 403 2404 uomodo
423 2353 581 2420 impetatur,
602 2371 663 2423 pag.
683 2355 795 2409 520-21.
813 2385 829 2395 -
883 2354 996 2424 duplex.
1007 2372 1069 2424 pag.
1081 2355 1123 2407 96.
1135 2385 1150 2393 -
1162 2354 1374 2419 Mercenarium,
1382 2371 1447 2422 pag.

266 2368 381 2482 Quando
400 2426 587 2478 instrumenta
605 2426 647 2478 edi
665 2425 798 2484 debeant:
813 2444 830 2479 a
883 2425 926 2478 97.
946 2456 963 2466 -
982 2426 1082 2480 Nobile
1101 2425 1213 2479 98-100.
1232 2455 1249 2466 -
1268 2425 1369 2479 ludicis
1382 2430 1449 2478 acta

268 2509 440 2564 quonam,an
453 2496 537 2548 etiam
552 2512 634 2563 areo,
646 2513 707 2566 pag.
716 2497 828 2552 523-24.
883 2495 1010 2566 publical
1026 2498 1134 2566 pollent
1165 2499 1352 2559 auctoritate,
1382 2512 1446 2565 pag.

886 2567 1015 2633 lor-103,
1034 2599 1050 2609 -
1070 2570 1186 2638 ideoque
1198 2570 1251 2637 ipsi
1271 2585 1387 2622 mirnera
1405 2567 1449 2619 in-

321 2633 469 2695 lnstructio
496 2655 605 2692 causae.
624 2667 661 2680 —
681 2639 829 2694 Productio
883 2640 1002 2693 terdicta
1028 2646 1101 2701 sunt,
1127 2657 1189 2706 pag.
1214 2641 1270 2692 104.
1297 2669 1313 2679 -
1339 2638 1447 2693 ludices
1489 2706 1492 2710 Α

267 2706 430 2774 prohibetur
451 2711 643 2776 probationum
662 2716 728 2764 ante
750 2711 829 2766 litem
882 2715 948 2764 sunt
966 2709 1177 2766 inamovibiles⁹
1196 2727 1259 2780 pag.
1282 2709 1409 2764 loo-108.
1429 2739 1446 2748 -

266 2783 450 2832 contestatam
490 2796 552 2848 pag.
577 2781 637 2834 446.
658 2809 673 2819 -
695 2782 828 2851 Exceptio
882 2781 1024 2842 Quomodo
1049 2783 1132 2837 iudex
1156 2784 1305 2851 procedere
1329 2782 1447 2846 debeat,

266 2857 364 2902 contra
389 2849 460 2902 hanc
486 2851 620 2919 regulam,
642 2853 702 2904 447.
723 2853 830 2914 -Quo-

266 2920 347 2972 modo
365 2921 542 2974 instruantur
560 2939 660 2978 caiisae
684 2925 781 2978 civiles
800 2937 830 2979 et

266 2991 435 3056 criminales,
454 2993 567 3046 453-54.
585 3025 603 3034 -
621 2995 762 3055 Quomodo
787 2997 828 3050 iu-

265 3061 317 3116 dex
327 3062 454 3130 adsignet
464 3067 614 3118 temninum
623 3069 826 3136 probatorium,

266 3149 328 3202 pag.
354 3135 414 3187 455.
441 3163 456 3174 -
482 3135 522 3190 lle
546 3138 719 3191 contentioni
747 3139 828 3206 orali,

266 3221 330 3274 pag.
349 3205 461 3260 456-57.

319 3345 472 3401 Interdicto
490 3378 527 3389 -
545 3354 610 3404 sunt
631 3350 747 3404 effectus
767 3367 829 3418 pos-

265 3418 403 3484 sessionis,
418 3434 479 3488 pag.
493 3419 553 3472 230.
573 3449 588 3460 -
609 3420 723 3480 Quando
742 3423 828 3476 inter·

264 3488 387 3544 dictast
411 3507 546 3560 quaenam
572 3493 738 3561 possessioni
763 3509 829 3547 con·

265 3575 342 3614 cessa
360 3561 424 3624 sint,
444 3578 505 3631 pag.
520 3563 580 3616 231.
595 3593 610 3601 -
624 3563 775 3618 Interdicta
788 3566 828 3620 ef·
848 3569 857 3580 '

264 3631 338 3684 lecta
351 3639 415 3685 sunt
424 3634 548 3688 actiones
561 3636 753 3702 possessoriae,
764 3653 826 3704 pag.

265 3703 325 3755 233.
346 3732 361 3742 -
384 3701 533 3763 Quaeritur
557 3723 593 3758 an
618 3707 675 3759 sint
702 3708 827 3762 actiones

264 3773 424 3840 personales
448 3775 493 3828 vel
518 3777 615 3835 reales.
642 3794 704 3846 pag.
730 3777 790 3831 234.
810 3807 826 3818 -

266 3845 358 3898 Etiam
377 3846 439 3900 lure
458 3847 487 3899 C.
507 3853 572 3901 sunt
590 3849 705 3902 effectus
721 3865 828 3916 posses·

264 3916 359 3980 sionis,
384 3933 445 3986 pag.
473 3919 535 3970 242.
561 3949 576 3957 -
604 3919 641 3973 De
670 3920 827 3973 interdictis

264 3987 457 4056 adipiscendae
476 3991 663 4058 possessionis,
683 4007 745 4058 pag.
765 3992 826 4043 247.

264 4087 280 4098 -
300 4059 470 4113 Possessioni
495 4062 699 4128 recuperandae
718 4062 827 4131 prodita

265 4141 346 4184 erant
370 4131 519 4184 interdicta
543 4134 618 4186 aride
636 4135 665 4186 oi
690 4138 719 4187 et
743 4135 779 4188 de
796 4134 826 4186 oi

882 2869 946 2922 pag.
977 2854 1103 2908 tlt-116.
1124 2883 1139 2893 -
1167 2853 1205 2907 De
1229 2853 1321 2924 officio
1346 2852 1446 2905 iudicis

882 2924 1012 2993 delegati,
1036 2942 1099 2994 pag.
1127 2924 1255 2979 lto-117.
1275 2955 1290 2965 -
1312 2923 1383 2984 Quid
1408 2923 1444 2976 si·

882 2995 999 3064 gnificat
1023 2997 1142 3052 iudicem
1167 2996 1328 3064 delegatum
1350 3010 1447 3063 proce·

881 3067 946 3121 dere
965 3068 1065 3122 debere
1082 3069 1189 3123 «omni
1214 3067 1377 3134 exceptione
1403 3081 1449 3119 re·

882 3143 958 3191 mota
971 3152 997 3202 r,
1011 3155 1074 3207 pag.
1091 3138 1218 3193 teo-121.
1232 3137 1374 3199 Quomodo
1384 3153 1447 3206 pos·

882 3210 939 3262 sint
958 3209 1062 3264 iudices
1079 3210 1203 3278 delegati
1222 3209 1364 3273 constitui,
1380 3225 1444 3277 pag.

885 3279 1012 3334 122-123.
1032 3310 1048 3320 ·
1068 3281 1174 3341 Quibus
1191 3281 1279 3334 modis
1292 3287 1382 3335 cesset
1395 3295 1444 3348 po·

882 3355 969 3433 testas
999 3351 1098 3405 iudicis
1128 3352 1251 3421 delegati
1279 3358 1309 3406 et
1336 3350 1448 3433 ordina-

881 3422 1449 3562 {inira-tatarfcnnnn

880 3564 1017 3630 gnificent
1034 3581 1119 3634 quum
1139 3567 1329 3636 collepialiter
1350 3581 1445 3634 proce·

881 3636 960 3703 dunt,
978 3652 1042 3705 pag.
1060 3637 1122 3691 587.

936 3777 1084 3832 Indicium.
1101 3807 1139 3819 -
1159 3779 1298 3844 Definitio,
1318 3794 1381 3849 pag.
1400 3777 1446 3829 64.

882 3878 897 3889 -
918 3847 1023 3903 Divisio
1042 3849 1151 3903 ratione
1169 3850 1278 3912 iudicis,
1295 3866 1357 3919 pag.
1370 3849 1416 3912 713
1430 3878 1446 3888 -

881 3921 991 3974 ratione
1009 3922 1153 3985 materiae,
1167 3938 1229 3990 pag.
1243 3921 1340 3976 71-72·
1359 3950 1374 3958 -
1386 3920 1447 3972 for·

882 4007 952 4052 mae,
977 4007 1040 4060 pag.
1065 3993 1110 4051 72·
1136 4021 1151 4031 -
1177 3993 1250 4052 linis.
1275 4008 1338 4060 pag.
1362 3989 1407 4043 73.
1430 4019 1445 4029 -

883 4061 1447 4131 Personaeiudicinmcomponentes,pag.

881 4133 925 4185 74.
951 4163 967 4173 -
995 4134 1103 4188 Iudicia
1127 4134 1317 4189 ecclesiastica
1344 4133 1448 4187 debent

264 4211 383 4267 onorata,
398 4219 458 4271 pag.
472 4202 532 4256 253.
548 4233 562 4242 -
578 4203 616 4258 De
629 4205 729 4274 quibus
743 4206 826 4258 rebus
879 4219 941 4258 esee
966 4206 1105 4272 gratuita,
1132 4221 1193 4275 pag.
1223 4205 1282 4258 101.
1308 4234 1324 4244 -
1349 4203 1446 4257 ludicii

262 4272 376 4326 daretur
397 4271 450 4327 hoc
473 4273 661 4336 interdictum,
682 4291 743 4344 pag.
763 4276 823 4328 254.
879 4275 1042 4329 translatio:
1063 4279 1097 4330 cf.
1117 4276 1284 4330 Translatio.
1304 4305 1321 4315 ·
1340 4274 1447 4328 Iudicia

264 4373 279 4383 -
300 4343 416 4397 cuinam
436 4345 595 4413 possessori,
614 4347 674 4400 254.
691 4376 706 4386 -
721 4346 827 4400 Adver-
880 4347 1031 4400 summaria
1048 4348 1115 4418 quid
1127 4349 1191 4415 sint,
1205 4364 1268 4417 pag.
1282 4347 1343 4412 5773
1358 4375 1374 4385 -
1388 4345 1447 4399 alia

264 4432 310 4467 sus
332 4431 409 4485 quos,
434 4432 497 4485 pag.
517 4417 578 4470 255.
598 4446 613 4456 -
633 4417 714 4470 Prius
738 4417 827 4488 lmpe·
880 4436 898 4470 a
915 4419 987 4485 iure,
1006 4417 1064 4472 alia
1087 4422 1122 4473 ab
1145 4420 1266 4484 bomine,
1285 4417 1343 4471 alia
1360 4437 1378 4471 a
1396 4434 1448 4470 na·
