3292 5109
500 314 545 361 on
568 313 708 363 inurens
731 314 998 367 nocnnsmsrrcrs
1288 294 1355 363 196

166 438 303 524 agitabs
325 439 392 505 sire
411 458 479 524 per
496 441 689 507 nummaria
707 461 856 526 precum
871 443 941 509 sire
954 442 993 508 in
1006 441 1101 525 sotio,
1117 444 1193 509 sunt
1208 439 1354 507 refertae

169 562 415 649 ephemerides,
439 584 522 649 quae
545 564 631 633 Acta
655 567 690 634 S.
715 568 815 635 Sedis
838 568 995 655 evulgare
1017 564 1190 633 intendunt
1215 571 1248 632 et
1275 566 1355 633 folia

167 706 344 755 causarum
378 690 476 756 etiam
503 710 563 777 per
585 696 756 758 extensum
781 692 940 759 referunt.
965 692 1091 757 Verum
1113 710 1157 756 ne
1179 691 1214 756 in
1236 690 1354 778 vulgos

167 808 325 885 edantur,
350 830 432 896 quae
455 810 642 877 scandalum
669 817 826 898 parerent
847 819 905 879 aut
927 810 1069 879 fidelium
1095 811 1354 892 admirationem,

169 939 303 1024 negotia
318 938 350 1005 id
366 958 467 1025 genus
490 941 560 1006 sive
579 959 639 1026 per
653 941 848 1007 ammana
868 960 1014 1027 precum
1037 946 1093 1007 aut
1115 941 1153 1006 in
1174 941 1258 1026 solio
1282 962 1355 1030 pro

169 1066 286 1147 posita,
303 1068 422 1148 gerunt
444 1064 599 1149 scriptum
614 1064 649 1130 in
665 1063 775 1129 fronte
793 1064 1010 1131 «deserente
1025 1070 1082 1130 aut
1096 1064 1158 1132 oieb
1173 1070 1299 1133 1331313
1320 1088 1352 1149 r,

165 1206 275 1271 quare
290 1186 485 1271 prohibitum
502 1193 609 1254 estne
627 1189 710 1254 haec
733 1188 812 1255 folia
828 1188 870 1254 ad
885 1209 1002 1255 munus
1024 1191 1218 1276 perveniant
1240 1211 1353 1257 eorum

165 1314 226 1397 qui
251 1311 367 1377 iudicio
392 1314 542 1378 extranei
566 1319 650 1380 suut.

265 1436 338 1507 166.
365 1438 508 1523 Negotia,
525 1457 607 1523 quae
629 1438 717 1505 iuris
740 1440 864 1507 ordine
885 1457 957 1506 non
979 1444 1113 1507 3313313
1136 1438 1355 1507 discutiuntur

166 1566 207 1626 ct
229 1556 435 1632 definiuntur,
461 1567 493 1626 et
515 1558 735 1626 ordinationes
759 1568 792 1627 et
818 1561 951 1626 decreta
973 1560 1060 1626 edita
1082 1560 1122 1626 ad
1148 1560 1355 1627 instruendas

169 1702 286 1750 causas
309 1684 529 1770 expediendas
552 1686 585 1750 in
608 1685 705 1771 plena
728 1688 982 1773 congregatione
1004 1692 1061 1751 ant
1078 1704 1147 1770 per
1160 1686 1353 1753 summario

164 1828 314 1895 precum
337 1814 393 1875 aut
407 1809 553 1893 infolio,
575 1811 681 1876 solent
703 1810 741 1877 in
766 1830 948 1898 conpressu
970 1812 1107 1876 tractari
1128 1814 1162 1878 et
1184 1810 1276 1894 edici,
1292 1812 1354 1877 nisi

169 1933 236 1998 sint
251 1938 316 1997 tam
333 1934 447 2018 gravia
463 1940 499 1999 ut
513 1936 658 2021 apposita
675 1933 865 1999 deliberatio
878 1936 1063 2000 remittatur
1074 1936 1201 2018 plenae
1216 1953 1356 2021 conpre-

169 2054 311 2139 9ationi.
323 2089 341 2103 -
356 2054 556 2139 Congressus
569 2053 709 2119 habetur
724 2054 826 2119 semel
838 2055 871 2118 iu
882 2053 1084 2119 bebdomada
1095 2059 1129 2120 et
1141 2052 1192 2119 dic
1204 2053 1353 2132 Sabbato;

167 2174 312 2259 quadie,
329 2176 427 2241 semel
444 2176 478 2239 in
493 2196 615 2257 mense,
632 2175 773 2243 babetur
790 2177 823 2240 in
836 2175 962 2241 Palatio
979 2176 1143 2242 Vaticano
1155 2177 1264 2260 plena
1279 2196 1355 2245 con-

167 2302 336 2389 prepolio.
355 2337 373 2351 -
393 2304 528 2387 Negotia
543 2310 650 2369 autem
666 2304 852 2369 ordinariae
875 2302 1172 2379 administrationis,
1189 2324 1271 2389 quae
1287 2305 1355 2371 nul·

168 2426 235 2491 lam
248 2426 476 2511 praeseferunt
491 2426 712 2493 difficultatem
729 2433 762 2494 et
776 2427 854 2493 hinc
869 2446 935 2491 uon
951 2425 1097 2513 indigent
1112 2432 1149 2494 ut
1164 2427 1355 2494 deliberatio

167 2550 213 2619 de
236 2550 355 2617 eisdem
377 2549 538 2617 habeatur
561 2552 594 2615 in
618 2570 806 2637 congressu,
825 2550 1043 2636 expediuntur
1057 2570 1078 2615 a
1093 2551 1279 2618 Secretario
1302 2553 1355 2619 vel

169 2694 192 2740 a
218 2674 463 2741 Subsecretario
494 2694 553 2759 per
576 2676 737 2759 rescripta
761 2672 846 2739 edita
869 2675 1063 2739 auctoritate
1085 2674 1355 2761 congregationis

168 2800 391 2869 cardinalium
416 2800 537 2866 Goncil.
562 2800 648 2865 Trid.
677 2800 898 2885 interpretum
922 2804 955 2865 et
977 2796 1058 2865 fiunt
1080 2799 1269 2867 authentica
1294 2820 1356 2885 per

169 2925 440 3011 subscriptionem
465 2923 560 2991 Gard.
586 2924 697 2989 Praei.
723 2930 755 2990 et
779 2924 954 2989 Secretarii
977 2930 1033 2989 aut
1056 2923 1302 2990 Subsecretarii.

265 3052 337 3117 167.
362 3052 495 3126 Causae,
514 3051 553 3117 de
569 3051 682 3137 quibus
698 3051 864 3117 decretum
880 3050 999 3135 prodiit
1018 3050 1177 3119 Ponatur
1200 3052 1238 3117 in
1259 3049 1353 3136 folio,

171 3176 434 3257 pertractantur:

265 3297 295 3384 l)
320 3294 533 3364 oeconomice
555 3317 612 3361 seu
636 3315 681 3362 erc
708 3296 840 3381 officio,·

262 3422 296 3508 2)
320 3421 373 3487 vel
396 3420 483 3489 iuris
506 3421 627 3487 ordine
649 3424 793 3487 3313313.

264 3543 404 3616 Causae,
429 3562 511 3627 quae
535 3543 746 3610 oeconomice
769 3547 1029 3627 pertractantur,
1054 3545 1137 3609 aliae
1167 3551 1242 3611 sunt
1263 3544 1354 3612 indi-

170 3669 285 3744 eialea,
300 3668 383 3733 aliae
400 3666 688 3733 entreindiciales.
706 3669 803 3733 Anno
817 3666 904 3731 1836
916 3668 1049 3733 circiter
1064 3669 1227 3736 invectum
1243 3669 1306 3736 fuit
1321 3674 1357 3735 ut

170 3814 291 3861 causae
314 3790 576 3875 matrimoniales,
594 3794 661 3857 sive
686 3792 725 3857 de
748 3793 861 3857 valore
876 3793 998 3858 vinculi
1022 3801 1138 3880 agatur
1158 3798 1227 3861 sive
1244 3795 1356 3860 dedis·

172 3917 339 4003 pensando
349 3938 368 3981 a
380 3917 585 3982 matrimonio
596 3920 666 3980 rato
676 3920 707 3979 et
720 3936 783 3981 non
797 3921 1027 3991 consummato,
1039 3918 1065 3981 si
1075 3925 1187 4002 partes
1196 3938 1355 4003 expensus

172 4042 280 4107 iudicii
302 4041 453 4108 solemnis
476 4041 566 4107 13113
590 4061 655 4105 non
679 4042 809 4127 possint,
828 4038 1023 4106 definiantur
1046 4043 1214 4126 exquisitis
1229 4045 1356 4108 votisa

171 4168 339 4254 Theologo
359 4171 391 4231 et
406 4165 582 4233 Canonista
598 4171 630 4231 et
645 4164 975 4234 animadversionibus
999 4166 1069 4230 Dei.
1095 4166 1293 4232 matrimonii
1310 4185 1355 4232 ecc

171 4290 298 4375 officio:
323 4293 355 4353 et
378 4294 455 4379 tunc
480 4287 615 4368 dicitur,
640 4286 698 4373 opi
722 4306 863 4353 consum
891 4286 1110 4354 oeconomice.
1144 4284 1191 4353 lle
1214 4288 1354 4373 partium

171 4407 252 4481 vero
275 4419 468 4501 paupertate
485 4412 649 4480 Ordinarii
673 4412 818 4483 locorum
841 4412 1057 4479 testimonium
1073 4414 1166 4480 13113
1187 4413 1314 4479 debent.
1335 4448 1354 4462 ·
