3292 5109
489 297 535 345 os
559 298 699 347 runicus
723 298 988 349 seccasrssrrcrs
1283 284 1328 352 39

243 418 295 483 43.
320 419 486 489 Sententia
501 404 665 491 'iudicialis
687 425 739 491 vel
762 426 804 492 ab
827 429 896 513 ipso
912 426 1002 513 Papa
1024 430 1181 513 prodibat,
1204 431 1249 513 (et
1264 431 1328 497 hoc

156 544 262 609 rarius
285 540 380 610 flebat
403 550 436 611 et
458 547 490 611 in
515 548 620 613 causis
642 548 776 613 minoris
799 552 964 636 momenti)
980 552 1031 616 vel
1048 571 1067 617 a
1085 552 1183 639 Papa,
1197 554 1253 620 sed
1275 554 1328 621 ad·

156 668 311 736 stantibus
333 669 556 739 cardinalibus
572 674 605 740 in
621 675 847 741 consistorium
870 674 1000 743 adscitis
1022 677 1062 743 de
1082 698 1230 763 quoram
1252 699 1328 747 con·

154 796 227 863 silio
252 801 413 863 sententia
428 797 622 866 adicebatur.
641 800 783 868 Litterae
798 802 993 868 Decretales.
1004 804 1118 888 quibus
1131 804 1187 872 ius
1200 824 1328 873 aarum

154 922 214 987 fuit
237 926 455 1008 constitutum,
467 946 535 1010 per
549 928 759 995 authenticas
785 930 1011 1012 collectiones,
1033 930 1227 997 adamussim
1241 930 1328 998 banc

153 1047 348 1134 procedendi
370 1050 526 1115 rationem
544 1051 739 1135 exprimunt.
763 1086 780 1099 -
806 1050 889 1126 Quia
905 1071 984 1117 vero
1006 1052 1083 1120 facti
1107 1060 1140 1119 et
1162 1054 1242 1119 iuris
1264 1053 1326 1119 dif-

153 1171 314 1241 ficultates
349 1174 492 1261 diligenti
532 1176 736 1260 inquisitione
771 1176 919 1245 solutioni
951 1178 1110 1265 parabant
1144 1178 1327 1260 auditores,

151 1296 226 1362 hinc
248 1298 323 1362 iure
347 1298 462 1363 merito
487 1299 590 1364 ltotae
606 1297 814 1365 Auditoribus
837 1302 1011 1385 praecipuo
1034 1300 1149 1365 honori
1173 1299 1328 1367 tribuitur

150 1419 401 1507 iurisprudentia
431 1440 495 1506 qua
522 1422 554 1485 in
583 1440 697 1487 aevum
725 1420 937 1488 admiratione
960 1422 1077 1507 dignae
1100 1421 1228 1488 habitae
1251 1426 1327 1487 sunt

147 1543 350 1619 Decretales;
373 1548 407 1609 et
431 1546 499 1631 ipse
515 1543 725 1631 Raymundus
748 1546 836 1611 inter
849 1544 1024 1611 Auditores
1048 1550 1247 1619 recensetur,
1267 1564 1326 1610 an-

149 1676 238 1736 ctore
261 1672 333 1757 ipso
356 1668 456 1738 clem.
473 1671 556 1736 Vlll
582 1674 614 1737 in
640 1672 733 1737 Bulla
756 1673 1008 1739 canonizationis
1022 1671 1079 1757 (1).

235 1795 290 1859 44.
320 1797 359 1861 ln
391 1794 502 1861 iisdem
534 1795 756 1861 Decretalibus
787 1796 937 1881 exempla
967 1816 1031 1861 non
1063 1795 1179 1861 desunt
1213 1792 1326 1879 quibus

148 1918 377 2005 comprobatur
401 1920 463 1985 iarn
486 1919 544 1985 sub
568 1920 698 1987 saeculo
714 1939 778 1987 xr11
795 1923 939 2005 coepisse
962 1922 1028 2002 uni,
1045 1920 1101 1986 sed
1125 1919 1326 2005 frequentius

147 2040 291 2128 pluribus
312 2041 522 2109 Auditoribus
545 2042 760 2130 collegialiter
782 2041 927 2129 delegari
949 2044 1051 2129 ipsam
1074 2042 1324 2109 iurisdictionem

149 2167 188 2231 ad
210 2187 328 2233 causas
358 2167 551 2233 iudicialiter
575 2166 780 2234 instruendas
803 2174 837 2233 et
859 2166 1073 2244 deliniendam
1098 2166 1182 2233 uude
1204 2168 1324 2233 sensim

151 2294 301 2358 constitui
326 2294 434 2379 coepit
455 2314 498 2359 ex
515 2293 723 2360 Auditoribus
746 2292 902 2379 quoddam
924 2294 1103 2379 collegium,
1121 2293 1184 2358 hnc
1202 2293 1326 2360 babens

235 2613 278 2683 (l)
300 2576 406 2683 Figura
421 2614 515 2670 curiae
530 2630 662 2669 romanae
676 2616 726 2670 snb
740 2614 853 2670 saeculo
871 2631 922 2669 xru
942 2618 972 2669 et
989 2629 1037 2668 xrv
1056 2614 1127 2669 tene
1145 2613 1324 2668 adumbratur

144 2719 367 2791 stopograpbia
386 2720 488 2775 Palatii
501 2722 704 2789 avinionensis,
723 2724 775 2777 sub
793 2722 821 2776 id
841 2738 940 2791 nempe
958 2720 1091 2790 temporis
1103 2720 1213 2791 qnando
1231 2721 1325 2774 curia·

143 2830 210 2885 lium
229 2846 351 2885 munera
369 2830 458 2899 magis
476 2829 608 2901 distingui
628 2834 657 2885 et
669 2832 765 2899 angeri
779 2834 939 2900 coeperunt.
954 2828 1172 2896 [inscriptionem
1184 2844 1325 2881 sumemus

143 2936 205 2990 acl.
218 2937 250 2990 P.
266 2936 363 3001 Ebrle,
375 2936 494 2991 Custode
507 2935 632 2991 Ambivii
646 2936 783 3003 Vaticani,
802 2936 831 2991 in
847 2952 891 3004 op.
906 2936 1029 2989 Historia
1043 2935 1232 2989 Bibliothecae
1244 2934 1324 2987 Rom.

145 3042 221 3097 Pont.
242 3054 305 3098 tum
325 3044 528 3107 Bonifbcianae
547 3052 604 3099 tum
624 3044 827 3097 Aninionensis.
847 3041 923 3097 Haec
941 3042 1074 3111 leguntur
1092 3058 1154 3110 pag.
1167 3039 1236 3095 694:
1252 3054 1271 3095 tt
1287 3039 1325 3095 Ut

143 3164 208 3204 vero
221 3167 258 3206 ex
273 3150 343 3205 locis
356 3148 439 3220 paulo
457 3154 523 3205 ante
542 3149 669 3205 collectis
681 3166 789 3205 omnem
809 3166 892 3221 quam
912 3166 1022 3219 possum
1041 3149 1148 3219 capiam
1163 3146 1324 3213 utilitatem,

144 3253 285 3328 reliquum
305 3262 348 3312 ast
367 3258 539 3313 utbreviter
558 3257 646 3311 diram
666 3257 699 3312 de
718 3257 882 3328 quibusdam
904 3256 1000 3326 palatii
1026 3256 1152 3325 partibus
1171 3270 1204 3309 ex
1223 3255 1324 3325 quibus

142 3360 253 3433 aliquae
270 3363 343 3417 tanti
364 3361 430 3416 olim
449 3364 527 3417 suere
546 3363 678 3417 momenti
692 3362 764 3417 utin
778 3363 818 3417 eis
831 3362 996 3433 quandoque
1009 3378 1105 3432 regum
1119 3376 1324 3431 regnorumque

144 3478 276 3530 fortunae
294 3488 328 3526 ac
346 3470 553 3524 vicissitudines
571 3471 816 3523 constituerentur.
837 3468 1034 3523 Praetermitto
1054 3466 1182 3537 capellas
1199 3484 1324 3538 magnas,

143 3582 290 3652 antiquam
307 3578 334 3631 S.
348 3578 458 3631 loannis
470 3582 499 3632 et
511 3592 610 3632 novam
630 3592 769 3646 magnam,
789 3574 990 3631 consistorium
1010 3577 1155 3646 antiquum
1174 3579 1203 3631 et
1221 3589 1323 3629 novum

141 3690 193 3738 etc.
289 3681 421 3753 Sequitur
444 3653 664 3749 igitnr'camera
679 3683 843 3751 paramenti
860 3696 931 3751 quae
951 3684 1013 3750 post
1031 3679 1174 3750 capellam
1194 3696 1324 3749 magnam

143 3796 171 3847 et
189 3790 394 3847 consistorium
414 3794 475 3843 erat
493 3806 564 3843 unus
583 3806 618 3844 ex
637 3788 705 3843 loeis
724 3789 880 3859 praecipuis
899 3788 1006 3858 palatii.
1031 3787 1061 3842 ln
1082 3804 1116 3843 ea
1134 3790 1208 3845 enim
1227 3788 1324 3842 Ponti·

142 3899 209 3953 tices
228 3898 352 3967 Legatos
371 3896 526 3967 principum
551 3895 676 3968 aliosque
695 3897 769 3951 viros
788 3896 936 3952 nobilitate
960 3898 1125 3967 conspicuos
1142 3913 1205 3951 cum
1224 3895 1323 3950 maiori

141 4020 262 4061 numero
281 4003 316 4057 ad
341 4002 447 4058 curiam
472 4003 674 4070 adventabant,
693 4004 812 4074 primum
834 4004 1012 4060 familiariter
1030 4004 1258 4076 alloquebantur,
1277 4003 1323 4059 vel

141 4110 224 4166 iidem
245 4110 298 4181 ipsi
321 4111 522 4180 expectabant,
541 4110 632 4181 quoad
653 4110 687 4163 ad
711 4126 850 4165 cameram
870 4110 967 4164 Turris
985 4110 1019 4165 ad
1037 4111 1183 4166 Pontificis
1199 4108 1323 4183 [conspe-

141 4218 217 4269 ctum
243 4214 466 4270 admitterentur.
486 4214 548 4271 Non
573 4216 647 4270 enim
665 4215 807 4287 ,omnibuq¹
826 4216 933 4270 nuntiis
951 4214 1004 4269 boc
1023 4216 1226 4271 concedebatur
1245 4214 1323 4270 utin

141 4318 315 4374 consistorio
334 4325 553 4390 proponerentur
571 4318 843 4392 quaein1mandatis
861 4318 1009 4376 habebant
1029 4322 1072 4375 lta
1085 4320 1185 4377 Petrus
1197 4321 1231 4376 de
1243 4320 1324 4375 Luna

144 4440 169 4479 a.
191 4423 262 4481 1395
284 4425 391 4480 nuntiis
414 4426 605 4481 universitatis
624 4425 790 4481 Parisiensis
809 4443 873 4481 eum
890 4427 1007 4498 negavit
1023 4426 1157 4484 honorem
1175 4433 1249 4501 quod
1266 4444 1323 4482 non
