3292 5109
473 306 518 354 nn
542 306 681 354 runrcns
705 306 971 357 nocunsmsrrors
1258 293 1326 359 305

144 434 274 494 cuntur.
308 464 326 479 -
360 429 469 505 Quare
504 430 639 516 provido
669 431 805 496 consilio
838 451 925 496 anno
959 432 1128 519 superiore
1150 455 1208 500 seu
1237 436 1324 502 1897

145 554 211 621 Leo
235 556 318 622 XllI
342 555 397 621 fel.
415 576 483 642 reg.
508 575 606 640 quum
629 575 689 641 per
711 555 833 623 obitum
857 557 951 624 Cau-d.
973 558 1110 623 Bianchi
1133 579 1249 625 munus
1270 581 1325 654 ua·

146 689 238 749 caret
273 685 474 751 Pro-Haterii
510 686 768 751 commissionem
802 688 941 753 instituit
975 686 1217 753 cardinalitium
1242 709 1324 773 quae

146 810 332 895 simpliciori
350 810 435 897 stylo
452 812 654 897 prospiceret
672 809 855 875 inducendo
869 812 903 876 in
916 810 1079 875 Datariam
1094 812 1323 897 Apostolicam.

148 931 252 997 Hodie
268 952 347 1017 opus
363 932 603 999 reformationis
618 952 701 1018 pene
717 935 767 997 est
781 929 981 1007 absolutum;
999 936 1031 996 et
1046 932 1109 997 hoc
1125 934 1325 1019 potissimum

146 1056 293 1140 perfecit,
322 1063 358 1121 ut
384 1054 578 1123 Officialium
602 1056 758 1122 diminuto
781 1076 918 1123 numero
945 1062 978 1121 et
1000 1056 1146 1142 pluribus
1173 1060 1325 1144 expensis

145 1185 299 1263 parcatur
323 1184 356 1245 et
378 1180 574 1266 procedendi
598 1182 680 1246 ratio
703 1181 886 1267 expeditior
908 1179 1013 1246 fieret.

234 1306 310 1371 257.
335 1304 494 1372 Officialis
524 1308 577 1391 qui
609 1307 740 1392 negotia
768 1304 972 1372 beneficialis
1005 1307 1129 1372 maiora
1163 1307 1325 1375 tractabat

144 1428 368 1513 appellabatur
386 1430 545 1516 officiatis
562 1450 630 1514 per
653 1430 789 1505 obitum,
807 1429 962 1515 siquidem
986 1450 1098 1496 curam
1121 1430 1262 1497 habebat
1284 1429 1324 1496 de

145 1553 381 1637 provisionibus
400 1554 631 1621 beneficiorum
650 1574 719 1638 per
742 1555 869 1623 obitum
893 1557 1088 1620 vacantium.
1112 1554 1209 1621 Adie
1227 1555 1261 1619 l⁸
1277 1556 1325 1619 la·

146 1679 251 1741 nuarii
279 1679 363 1745 1898
386 1679 441 1745 hic
466 1679 624 1746 Officialis
647 1681 679 1744 vi
705 1679 854 1744 inductae
879 1678 1119 1745 reformationis
1145 1679 1324 1765 appellatus

144 1808 195 1869 est
208 1802 367 1888 officiatis
383 1804 628 1891 beneficentiam
644 1811 677 1871 et
702 1805 882 1872 Consultor
896 1805 1025 1892 tepolis.
1051 1840 1068 1854 -
1094 1804 1180 1871 Hinc
1195 1811 1325 1891 praeest

144 1945 210 1990 una
236 1946 309 1990 cum
334 1928 492 1993 Auditore
515 1927 610 1994 Card.
635 1928 844 1993 Pro-Datarii
871 1928 943 1993 aliis
973 1927 1182 1993 inferioribus
1209 1925 1324 1993 officiis

143 2072 227 2137 quae
239 2053 279 2119 de
292 2053 534 2120 beneficialibus
546 2058 654 2140 agunt.
670 2053 787 2122 Officio
798 2052 1031 2121 beneficialium
1045 2054 1217 2140 aliquando
1228 2056 1324 2140 nego

143 2183 190 2247 tia
209 2181 402 2247 deferuntur
421 2182 633 2256 contentiosa;
656 2186 768 2267 utputa
783 2200 848 2245 non
864 2181 964 2246 semel
980 2182 1096 2265 aliquis
1112 2182 1171 2247 sibi
1190 2186 1324 2269 arrogat

144 2309 194 2371 ius
221 2306 260 2370 ad
294 2304 482 2372 beneficium
515 2306 641 2390 quando
664 2308 726 2371 iam
749 2308 856 2393 gratia
878 2308 1059 2373 collationis
1083 2312 1132 2374 est
1154 2309 1281 2393 signata
1303 2328 1325 2372 a

145 2430 366 2503 Pro-Datame
391 2430 475 2495 unde
499 2432 593 2495 alteri
621 2428 814 2496 beneficium
843 2432 1075 2497 conferendum
1105 2438 1199 2498 esset.
1232 2436 1324 2500 Tunc

144 2557 197 2639 qui
222 2577 258 2620 se
281 2576 444 2642 opponere
470 2556 541 2621 vult
565 2556 744 2630 collationi,
769 2562 967 2642 persecut
996 2578 1055 2641 per
1078 2564 1324 2642 procuratorem

143 2684 178 2745 in
201 2682 334 2745 Dataria
349 2679 432 2763 apud
450 2676 600 2745 Officium
623 2676 858 2745 beneficialium
882 2682 1014 2765 apponit
1036 2679 1132 2745 Nibil
1156 2686 1323 2763 tanseat·

145 2826 227 2889 quae
251 2804 395 2901 clausula
426 2808 594 2888 postquam
621 2802 802 2889 subscripta
826 2806 867 2868 sit
888 2824 909 2868 a
933 2804 1164 2870 Sub-Datame
1189 2825 1323 2889 snspen-

144 2932 191 2995 dit
213 2928 259 3015 (l)
284 2930 520 3013 expeditionem
549 2928 746 2993 Litterarum
776 2930 1044 3015 Apostolicorum.
1078 2932 1159 2996 Dein
1186 2932 1241 2996 ille
1270 2932 1324 2997 ad·

144 3076 260 3122 versus
284 3073 377 3138 quem
402 3052 662 3138 impedimentum
677 3054 772 3119 Nibit
795 3061 946 3121 trauseat
968 3058 1147 3141 appositum
1167 3056 1230 3121 luit
1245 3058 1323 3124 citat

145 3179 357 3259 opponentem
389 3192 447 3256 per
475 3172 657 3237 citationem
681 3171 770 3237 hisce
798 3173 907 3239 verbis
935 3179 1142 3259 conceptam,
1170 3181 1323 3262 expostu-

144 3298 265 3363 lantem
290 3296 454 3363 Lacerari
476 3316 572 3363 anun
596 3317 770 3364 reeusnxr
793 3299 988 3380 oppositum
1010 3298 1048 3362 ia
1070 3298 1154 3363 actis
1177 3318 1199 3362 a
1215 3298 1259 3363 N.
1276 3298 1321 3364 N.

146 3429 176 3489 et
194 3423 339 3507 procedi
361 3423 407 3487 ad
431 3422 681 3505 expeditionem
701 3424 823 3488 Bulloe
846 3428 878 3488 et
896 3442 963 3505 pro
988 3423 1183 3492 huiusmodi
1205 3426 1323 3507 effectu

145 3550 219 3633 fieri
242 3552 475 3632 opportunum
506 3548 679 3613 decretum
709 3552 739 3613 ct
770 3553 995 3631 opponentem
1028 3549 1251 3615 condemnaro·
1277 3536 1324 3614 dd

146 3692 323 3756 mensas.
342 3708 359 3720 -
379 3671 521 3737 Proinde
543 3674 688 3755 sequitur
703 3673 867 3738 contentio
888 3672 987 3737 oralis
1004 3674 1092 3738 inter
1110 3676 1323 3759 opponentem

148 3802 200 3861 aut
230 3798 299 3861 eius
323 3800 582 3881 procuratorem,
607 3800 640 3860 et
662 3796 798 3861 alteram
821 3800 947 3882 partem
976 3802 1032 3862 ant
1059 3802 1322 3881 procuratorem;

234 4005 273 4078 (l)
294 4006 469 4076 Ariteaquam
497 4006 590 4077 gratie
618 4006 776 4060 collationis
804 4007 917 4075 signata
944 4006 988 4073 sit,
1008 4007 1225 4077 supplicationes
1252 4022 1324 4076 quae

147 4131 225 4183 saepe
244 4114 346 4167 dantur
364 4114 398 4167 ad
415 4114 615 4183 impetrandam
635 4114 744 4183 gratiae
763 4114 971 4168 concessionem
990 4130 1056 4182 prae
1074 4113 1139 4167 aliis
1157 4113 1324 4177 oratoribus,

148 4236 201 4274 non
222 4219 327 4275 habent
345 4221 401 4275 vim
421 4220 572 4275 solemnem
592 4221 734 4275 clausulae
752 4216 834 4274 Nihil
852 4230 983 4287 transcat,
997 4221 1045 4275 sed
1061 4224 1171 4274 tantum
1190 4218 1324 4289 simplicis

149 4326 278 4396 supplicis
297 4326 387 4381 libelli
406 4328 485 4381 cuius
503 4328 582 4381 valor
601 4327 767 4397 expenditur
786 4344 871 4398 quum
890 4326 1062 4382 deliberatur
1077 4328 1187 4381 cuinam
1206 4344 1241 4381 ex
1260 4343 1324 4380 ora·

149 4430 252 4485 toribus
271 4431 387 4485 collatio
405 4432 577 4487 decernenda
596 4432 640 4486 sit.

289 4559 349 4611 Soc.
370 4557 449 4628 Lapa
1145 4558 1180 4612 20
