3292 5109
848 286 933 335 PARS
956 285 993 333 11.
1060 295 1063 300 '

508 550 531 634 S
554 550 585 617 3.
616 550 667 617 Dc
694 551 919 635 competentia
945 551 1127 619 tabescatis
1152 550 1188 618 S.
1211 551 1329 619 Rotae.

330 773 547 833 summarium.
567 806 601 819 -
618 778 662 832 60.
682 777 814 839 Quamvis
832 776 887 832 hoc
911 777 1034 833 tribunal
1056 777 1183 849 singulas
1202 794 1302 834 causas
1322 794 1358 834 ex
1379 776 1513 831 commis·

419 884 497 939 sione
523 884 674 951 iudicaret,
701 885 965 956 tamen-propriam
992 884 1092 941 imbuit
1117 884 1336 956 competentiam
1361 885 1398 939 ab
1421 898 1513 955 eaque

419 1007 519 1047 causae
529 992 689 1048 criminales
700 993 830 1049 exclusae
841 997 917 1049 sunt.
930 1022 968 1036 -
978 993 1022 1049 ol.
1035 993 1182 1049 Ordinario
1193 998 1238 1049 est
1249 991 1375 1048 tribunal
1387 990 1514 1062 appella·

419 1098 504 1152 tionis
516 1097 564 1152 sed
582 1097 731 1169 aliquando
743 1100 829 1153 etiam
843 1097 949 1168 primae
962 1098 1122 1154 instantiae.
1141 1127 1175 1141 -
1193 1099 1238 1153 62
1257 1096 1425 1155 Benedictus
1434 1094 1511 1164 xw,

419 1205 512 1262 Const
527 1206 651 1261 iustitiae
664 1216 692 1263 ct
699 1207 789 1278 pacis,
801 1206 999 1262 determinavit
1013 1224 1151 1279 quaenam
1168 1211 1264 1263 essent
1276 1222 1378 1261 causac
1394 1205 1512 1271 rotatas,

418 1313 549 1367 nimirum
561 1311 628 1367 huic
647 1312 781 1368 tribunali
799 1313 1027 1369 committendae.
1043 1342 1082 1357 -
1098 1312 1143 1368 63.
1161 1312 1193 1370 ln
1205 1312 1259 1368 hac
1270 1313 1433 1369 recensione
1446 1329 1514 1367 can·

418 1440 512 1477 sarum
537 1422 682 1490 rotaldum,
701 1422 858 1477 attenditur
876 1438 986 1495 quoque
1002 1423 1083 1478 valor
1101 1440 1247 1478 caumrum
1271 1421 1450 1494 pecuniariae
1470 1421 1511 1475 uti

422 1527 495 1582 ratio
507 1526 754 1583 determinationis.
769 1524 845 1580 Haec
858 1530 901 1581 est
913 1527 1020 1596 species
1028 1526 1270 1583 determinationis
1278 1528 1388 1581 ratione
1400 1525 1508 1579 caece.

419 1660 457 1675 -
474 1632 518 1687 et.
536 1631 629 1687 aasz
648 1631 730 1703 erog.
750 1614 817 1687 xvr
837 1634 895 1686 am
913 1636 958 1687 aa.
976 1632 1067 1703 quoae
1085 1637 1178 1690 essm
1195 1649 1293 1688 ausa
1310 1631 1364 1700 mc
1382 1629 1509 1686 tessun

419 1740 513 1795 effecit
530 1739 671 1796 ordinarie
695 1745 871 1811 competens,
890 1739 958 1812 quin
979 1740 1182 1795 commissionis
1200 1739 1388 1795 intercederet
1410 1736 1513 1792 rescri-

416 1850 504 1916 ptum.
524 1874 558 1889 ·-
576 1848 620 1902 65.
640 1846 712 1909 Quia
730 1846 882 1918 aliquando
902 1847 991 1902 Rotae
1011 1847 1196 1902 committitur
1214 1864 1300 1901 causa
1316 1861 1373 1901 non
1391 1845 1427 1899 ad
1444 1861 1511 1899 aaa·

416 1958 531 2009 tentiam
549 1954 691 2010 serendam
709 1955 757 2011 sed
775 1955 810 2010 ad
830 1955 950 2010 dandum
971 1966 1076 2023 cctam,
1084 1955 1230 2027 quaeritur
1248 1972 1386 2027 quaenam
1410 1954 1450 2010 sit
1468 1955 1512 2011 ris

417 2055 500 2111 huius
517 2058 583 2111 uoti,

417 2268 469 2333 60.
495 2270 545 2337 Ab
568 2272 637 2356 ipsa
660 2272 858 2339 institutione
881 2273 977 2338 huius
998 2272 1170 2341 tribunalis
1190 2272 1355 2339 cuiusdam
1378 2275 1512 2360 generis

327 2412 444 2459 causae
459 2414 559 2479 usque
575 2394 688 2461 solitae
702 2394 837 2461 fuerunt
852 2396 1006 2464 committi
1020 2398 1089 2461 eius
1106 2395 1327 2472 Auditoribus;
1343 2396 1430 2462 unde
1445 2397 1511 2462 iam

326 2518 462 2605 pridem,
479 2521 550 2586 iure
574 2520 869 2602 consuetudinario,
886 2519 1043 2606 quaedem
1065 2539 1237 2586 causarum
1253 2538 1377 2606 genera
1390 2519 1511 2586 horum

326 2640 444 2705 iudicio
460 2645 647 2706 reservatae
662 2640 804 2705 luerent.
829 2641 1079 2727 supervacanea
1094 2642 1180 2706 enim
1194 2640 1309 2706 fuisset
1329 2638 1504 2706 tribunalis

327 2764 504 2849 collegiatis
524 2766 717 2838 constitutio,
734 2769 825 2829 tanta
849 2764 1063 2833 sollicitudine
1080 2766 1298 2830 Romanorum
1317 2762 1511 2833 Pontificum

327 2897 360 2957 et
381 2896 429 2958 tot
451 2892 575 2979 regulis
598 2891 755 2965 ordinata,
777 2893 839 2956 nisi
862 2862 1018 2957 adserta
1040 2894 1170 2978 negotia
1192 2891 1387 2958 iudicialiter
1408 2912 1512 2979 expe-

326 3015 444 3081 dienda
456 3015 677 3102 deputaretur.
693 3016 907 3083 Nihilominus
923 3018 1040 3103 quippe
1056 3036 1095 3082 ea
1111 3019 1283 3103 praecipue
1298 2992 1440 3103 pollebat
1454 3038 1511 3083 au·

327 3139 477 3204 ctoritate
504 3144 539 3203 ut
565 3140 694 3203 nomine
722 3146 754 3205 et
781 3140 853 3204 vice
882 3138 1047 3205 Pontificis
1076 3141 1254 3205 sententias
1284 3140 1399 3221 ferret,
1415 3143 1509 3226 quasi

325 3261 499 3329 Auditores
522 3261 652 3327 totidem
677 3266 785 3327 essent
807 3262 916 3347 Papae
939 3282 1119 3328 assessores
1142 3263 1274 3344 iudices,
1298 3263 1417 3329 exinde
1439 3282 1511 3332 mos

325 3382 462 3449 invaluit
476 3382 597 3449 eisdem
609 3384 751 3471 singulas
769 3385 989 3452 committendi
1002 3406 1117 3452 causas
1131 3407 1191 3473 per
1203 3387 1398 3473 rescriptum
1410 3406 1512 3455 manu

327 3509 436 3596 Papae
451 3512 623 3596 signatum.
639 3547 654 3557 -
670 3510 887 3585 Quamobrem
899 3511 1067 3578 decretum
1082 3514 1315 3580 commissionis
1329 3520 1379 3580 est
1393 3514 1510 3581 modus

326 3633 366 3698 ad
390 3652 520 3699 oausam
536 3608 802 3700 introducendam
818 3634 904 3721 apud
926 3637 1125 3723 singularem
1142 3637 1350 3715 Auditorem;
1373 3637 1431 3704 sed
1454 3661 1511 3705 su-

325 3758 435 3825 baudit
450 3754 648 3825 ordinariam
668 3760 839 3827 tribunalis
855 3763 1102 3847 competentiam
1123 3764 1256 3849 eiusque
1272 3764 1510 3831 ordinationem

325 3882 359 3947 in
383 3889 508 3951 certum
532 3902 702 3949 causarum
727 3904 839 3971 genus.
866 3920 884 3933 ·
909 3886 958 3950 Ilo
982 3887 1085 3972 magis
1108 3892 1244 3969 constat,
1269 3892 1392 3953 certam
1416 3907 1506 3953 com·

324 4009 498 4092 potentiam
522 4007 599 4073 huic
613 4007 767 4074 tribunali
792 4010 1029 4075 accensendam
1052 4031 1133 4084 esso,
1150 4014 1268 4099 quippe
1284 4013 1348 4078 iam
1364 4032 1384 4078 a
1399 4032 1509 4104 remo·

324 4132 408 4199 tiore
430 4136 537 4199 aetate
560 4132 645 4215 quod
667 4133 714 4199 ud
737 4152 860 4201 causus
882 4134 1079 4201 crtmiaules
1101 4136 1191 4202 nulla
1210 4139 1387 4204 auctoritas
1409 4140 1440 4203 ei
1463 4144 1509 4205 at·

324 4255 446 4323 tributa
468 4256 538 4321 fuit.

413 4378 466 4443 61.
491 4378 626 4464 Semper
648 4398 728 4443 vero
752 4377 946 4445 Auditorum
970 4378 1122 4446 iudicium
1145 4380 1289 4448 habitum
1312 4382 1375 4447 fuit
1389 4382 1436 4449 uti
1452 4403 1508 4449 su·
