3292 5109
778 291 985 338 Asusamus
1008 291 1056 352 iv.

903 550 935 604 V.

500 747 601 786 rom
620 746 782 786 captatione
800 746 819 784 A
838 745 957 784 viciato
975 744 1120 784 osannam
1140 745 1345 784 Posstsstouts.

415 959 435 998 ct
455 943 543 998 Debet
566 943 596 998 in
620 942 716 1012 primis
740 941 870 996 Vicatius
894 940 1034 1010 generalis
1059 941 1204 1010 Episcopi,
1228 947 1381 1013 postquam
1406 941 1507 996 electus
1606 993 1607 1024 ἐ

327 1069 349 1110 a
362 1055 457 1116 luerit,
476 1069 576 1122 capere
595 1051 805 1121 possessionem,
822 1050 857 1104 ad
875 1066 957 1120 quam
976 1049 1010 1104 de
1029 1049 1089 1103 iure
1107 1051 1247 1103 communi
1268 1055 1405 1105 tenentur
1417 1065 1505 1104 omnes
1606 1045 1607 1110 ζ

327 1175 347 1216 a
359 1159 508 1224 officialem
527 1175 599 1230 quae
618 1158 753 1228 possessio
764 1159 797 1210 lit
809 1157 862 1211 hoc
874 1156 969 1210 modo:
981 1156 1072 1226 primo
1084 1159 1247 1226 praemonet
1259 1155 1427 1224 capitulum,
1439 1157 1506 1227 quod

325 1284 345 1324 «
358 1269 428 1323 velit
447 1268 646 1337 possessionem
665 1282 765 1335 capere
783 1265 853 1319 hora
871 1264 936 1330 tali3
956 1279 1010 1334 quo
1029 1269 1180 1318 convocato
1193 1263 1227 1317 sd
1240 1280 1341 1318 sonum
1359 1281 1506 1334 campanae
1606 1245 1607 1274 r

329 1387 348 1426 a
361 1388 439 1426 more
463 1370 547 1425 solito
565 1371 594 1423 in
613 1368 738 1424 Ecclesia
761 1366 925 1432 cathedrali,
950 1368 1008 1422 sive
1026 1367 1055 1420 in
1074 1367 1211 1430 sacristia,
1236 1368 1362 1422 ostendit
1388 1367 1506 1438 capitulo

327 1492 347 1529 a
359 1478 470 1532 litteras
488 1474 655 1544 patentiales
673 1474 812 1543 Episcopi,
830 1488 902 1543 quae
920 1473 1093 1527 necessariae
1110 1477 1176 1525 sunt
1194 1471 1273 1541 (Cap.
1289 1472 1363 1526 Cum
1382 1475 1453 1539 iure,
1473 1475 1506 1528 de
1606 1533 1607 1562 ᾖ

326 1580 438 1650 «offic.
457 1579 569 1649 dalea).
588 1577 692 1632 Deinde
709 1577 793 1632 debet
810 1575 874 1630 illas
893 1593 942 1646 per
966 1575 1135 1630 ordinarium
1154 1577 1296 1629 notarium
1319 1577 1380 1630 sive
1398 1576 1505 1631 cancel·

327 1703 346 1742 (
358 1687 460 1742 larium
484 1687 578 1740 curiae
602 1684 766 1754 episcopalis
786 1683 844 1753 legi
869 1685 968 1746 iacere,
988 1682 1065 1736 clara
1083 1687 1112 1737 et
1130 1681 1307 1753 intelligibili
1326 1699 1405 1748 vocs,
1424 1688 1457 1736 nt
1473 1686 1504 1737 ab

327 1808 345 1845 a
358 1794 487 1848 omnibus
505 1792 661 1845 audiantur.
680 1791 781 1844 Postea
798 1788 871 1844 solet
890 1790 951 1842 cani
976 1786 1097 1860 hymnus
1121 1791 1159 1843 Te
1179 1790 1272 1844 Deum
1292 1791 1452 1843 laudamus
1472 1790 1505 1843 Et
1606 1777 1607 1846 i

326 1915 346 1956 a
359 1905 473 1954 notatur
491 1901 527 1953 ab
546 1899 641 1954 eedem
661 1899 770 1953 notario
789 1902 868 1952 actus
887 1897 1065 1967 possessionis
1077 1898 1106 1952 in
1118 1899 1189 1951 actis
1202 1897 1308 1964 curiae,
1319 1903 1350 1952 et
1363 1899 1393 1951 in
1405 1898 1506 1952 eisdem

326 2008 462 2062 «litteris
487 2005 694 2077 patentialibus,
717 2006 776 2061 sive
800 2005 932 2058 mandato
957 2005 1095 2075 Episcopi,
1119 2004 1170 2058 tali
1198 2005 1241 2060 vel
1267 2005 1356 2060 simili
1383 2005 1463 2060 modo
1479 2022 1503 2062 a

329 2114 504 2183 (Pellegrini,
524 2117 603 2182 parte
624 2111 647 2176 l,
665 2112 773 2166 Manita
790 2111 938 2180 peirernlin
952 2126 1008 2180 pro
1034 2111 1152 2163 l'icariis
1168 2112 1362 2180 pastoralibus,
1383 2129 1409 2164 n.
1431 2111 1464 2178 l).

415 2325 482 2379 «In
502 2327 555 2378 Dei
572 2326 691 2378 nomine.
711 2327 809 2379 Amen.
826 2351 860 2366 -
880 2325 1062 2379 Reverendus
1081 2325 1218 2380 Dominus
1237 2325 1286 2389 N,
1305 2329 1501 2395 possessionem

327 2433 417 2501 coepit
436 2434 481 2483 sni
499 2430 581 2499 officii
599 2432 758 2493 vicariatus,
776 2433 916 2482 mediante
940 2432 1069 2482 ramacieto
1094 2429 1229 2499 Episcopi
1247 2431 1294 2496 N,
1309 2433 1504 2500 praesentibus

327 2541 455 2594 omnibus
467 2541 587 2592 doria'nis
601 2540 738 2590 canonicis
757 2547 783 2591 et
800 2539 979 2607 diqm'tatibus
998 2537 1115 2608 capituli
1125 2538 1209 2590 huius
1222 2539 1395 2592 cathedralis
1414 2541 1502 2593 eccle·

327 2651 404 2709 siae,·
431 2647 486 2709 die,
513 2656 571 2711 etc,
596 2661 699 2709 niense,
723 2656 782 2710 etc,
804 2647 882 2708 liora,
902 2655 952 2698 etc.
971 2644 1005 2697 ln
1024 2661 1143 2714 quorum
1167 2646 1262 2714 fidens,
1283 2657 1332 2700 etc.
1353 2648 1458 2700 Datum
1475 2649 1502 2698 in

332 2756 444 2808 cii-itate
463 2755 508 2817 N,
527 2756 574 2807 die
638 2770 733 2807 mense
798 2770 872 2805 anno
930 2780 965 2794 -
980 2752 1040 2821 Epo
1059 2752 1103 2819 N,
1121 2757 1250 2807 statarius
1269 2757 1369 2809 curiae
1383 2760 1465 2826 episc„
1477 2773 1503 2812 a

888 2995 933 3048 Vl.

477 3190 574 3229 tonuit
593 3190 800 3228 nEPuTATtosts
818 3189 930 3228 sternit
949 3188 1112 3228 aasentias
1129 3190 1359 3231 ancnteotscom.

417 3389 487 3444 ‘l'res
506 3389 639 3442 formulas
658 3388 772 3444 exhibet
790 3387 965 3458 Pellegrinns
980 3389 1070 3457 (perte
1091 3388 1114 3449 1.
1133 3391 1200 3442 sect.
1220 3389 1247 3454 3,
1268 3391 1444 3446 subsectione
1461 3392 1500 3446 3l:

329 3513 447 3566 qirarnm
467 3497 555 3565 prima
573 3495 716 3548 Vicarinm
735 3493 894 3565 generalem
920 3494 1094 3564 Episcopum,
1111 3495 1183 3550 duee
1201 3495 1277 3553 aliae
1296 3497 1439 3552 vicarium
1457 3516 1500 3569 ge·

328 3600 451 3653 noralem
472 3599 703 3668 non-episcopum
722 3599 882 3668 respiciunt.
896 3597 1021 3653 Alteram
1035 3598 1179 3653 dumtaxat
1197 3615 1233 3654 ex
1247 3599 1356 3656 dnobus
1369 3604 1499 3672 postenn-

326 3707 410 3769 rihns,
431 3706 533 3774 paucis,
553 3721 623 3774 qnae
648 3703 729 3758 hodie
748 3702 963 3773 applicationem
983 3721 1038 3758 non
1057 3703 1169 3770 habent,
1188 3705 1357 3774 immutatis,
1376 3709 1502 3762 transcri-

323 3815 422 3868 bimus.

412 4026 492 4091 «N,
513 4025 565 4078 Dei
585 4034 610 4078 et
630 4025 808 4093 Apostolicae
828 4025 906 4077 Sedis
924 4026 1016 4094 pratia
1035 4024 1273 4096 Archiepiscopus
1286 4027 1324 4080 N.
1337 4057 1375 4068 -
1388 4027 1455 4082 caen
1467 4045 1501 4082 cx

327 4133 481 4202 apostolica
499 4148 566 4184 cece
585 4132 682 4183 deceat
699 4130 766 4196 Noa,
787 4139 918 4199 tanquam
932 4131 1036 4200 positos
1053 4147 1071 4182 n
1091 4130 1199 4200 Spiritu
1220 4133 1324 4188 &ncta
1343 4151 1443 4204 repere
1460 4149 1500 4187 cc·

324 4240 440 4290 alesiam
459 4247 591 4299 nostram,
604 4239 740 4305 sanquine
754 4235 818 4289 lesit
836 4235 939 4288 Christi
956 4237 1135 4306 acquisitmn;
1154 4247 1181 4289 et
1196 4249 1359 4310 propterea
1375 4250 1499 4311 mantum

322 4348 352 4398 in
372 4345 459 4398 Nabis
478 4355 519 4398 est
538 4362 648 4409 mirare,
668 4354 698 4397 ut
717 4353 814 4396 carecta
833 4343 1041 4412 adimpleantur
1060 4358 1095 4396 ea
1114 4343 1192 4396 omni
1206 4357 1306 4415 pnite,
1326 4367 1397 4420 pirna
1413 4351 1500 4420 pettr'·
