3292 5109
290 272 338 340 20
810 295 896 341 runs
920 296 957 341 11.

289 416 457 483 dinalitiae
478 418 643 503 dignitatis
657 426 690 483 et
705 418 923 485 cardinalium
947 435 1149 504 perspectam
1172 418 1386 505 prudentiam,
1402 435 1471 485 tum

290 542 366 625 qula
388 541 534 627 partibus
556 540 824 607 contendentibus
853 561 983 627 semper
1004 545 1108 628 magis
1129 542 1253 607 arridet
1275 544 1360 607 ratio
1380 563 1470 609 sum·

287 670 407 735 maria
428 674 462 733 et
484 668 679 753 expeditior
695 670 798 735 litium
821 669 1086 750 dirimendarum,
1103 672 1221 735 sensim
1245 669 1364 735 accidit
1378 676 1413 733 ut
1435 672 1469 733 in

288 794 357 861 dies
380 802 592 861 excresceret
615 797 840 861 instantiarum
866 815 1020 860 numerus
1041 795 1124 881 apud
1144 796 1471 882 &congregationes
1570 852 1575 859 .

287 930 520 1007 promotamm.
545 920 616 985 Hoc
639 923 743 985 visum
773 935 821 985 est
845 921 1058 987 vehementer
1088 922 1228 986 alienum
1259 921 1300 985 ab
1324 923 1470 987 instituto

288 1046 321 1113 S.
354 1046 669 1132 Congregationum;
704 1066 807 1131 quare
843 1046 1018 1113 Pontifices
1053 1047 1248 1112 Benedictus
1276 1048 1362 1127 XII,
1395 1048 1468 1111 Cle·

288 1188 380 1235 mens
397 1170 493 1241 x111,
518 1168 714 1234 Benedictus
728 1171 813 1234 XIV
837 1172 903 1233 suis
919 1169 1059 1236 decretis
1074 1172 1207 1233 istarum
1223 1171 1469 1254 competentiam

288 1295 519 1359 contionemnt
543 1294 631 1356 intra
653 1293 773 1357 limites
794 1313 815 1355 a
837 1294 929 1357 Sixto
946 1292 978 1355 V
1001 1296 1190 1377 assignatos.
1216 1327 1235 1341 ·
1259 1291 1364 1367 Quum
1386 1314 1468 1357 vero

288 1418 380 1485 initio
396 1418 492 1483 huius
507 1419 627 1483 sacculi
644 1418 686 1483 ob
701 1425 823 1483 mutata
840 1438 949 1483 rerum
966 1418 1166 1503 publicarum
1182 1419 1333 1485 adiuncta
1355 1418 1469 1483 huius-

286 1542 373 1609 modi
397 1546 622 1609 contentiones
645 1543 810 1608 iudiciales
832 1544 871 1607 ad
901 1544 934 1608 S.
958 1544 1234 1629 Congregationes
1257 1546 1469 1627 opportunius

288 1667 510 1739 deferrentur,
528 1668 648 1733 iactum
667 1674 717 1733 est
739 1676 774 1731 ut
790 1672 959 1732 emanatas
982 1669 1046 1732 sint
1061 1667 1218 1752 speciales
1241 1666 1375 1752 regulae
1389 1688 1466 1752 pro-

286 1810 396 1857 cessus
416 1790 574 1856 iudicialis
588 1810 649 1875 pro
665 1792 803 1874 negotiis
818 1792 1027 1855 contentiosis
1041 1792 1125 1876 apud
1142 1792 1173 1857 S.
1191 1790 1469 1876 Congregationes

287 1918 380 1999 actis,
405 1937 489 2003 quae
511 1916 730 1981 ordinationes
753 1917 938 2001 singillatim
963 1920 1191 1983 examinantur
1214 1918 1247 1981 iu
1270 1924 1409 1984 tractatu
1425 1918 1468 1985 de

289 2038 425 2123 singulis
448 2036 759 2123 congregationibus
775 2038 833 2121 (1).

378 2162 551 2245 Postquam
576 2180 656 2225 vero
675 2161 716 2225 ob
734 2162 948 2226 recentiorem
972 2182 1083 2227 rerum
1106 2161 1306 2248 publicarum
1328 2165 1469 2228 eversio-

288 2304 373 2359 nem.
391 2288 530 2353 Sanctae
552 2285 628 2352 Sedi
643 2288 748 2352 civille
766 2288 966 2373 principatus
980 2286 1105 2351 ablatus
1120 2287 1190 2367 fuit,
1207 2290 1374 2371 quiescere
1395 2309 1468 2353 coe·

291 2420 409 2499 perunt
433 2414 607 2481 tribunalia
622 2414 795 2499 praecipue
811 2412 959 2477 ordinata
974 2413 1014 2477 ad
1031 2413 1279 2499 pertractandas
1294 2434 1407 2479 causas
1424 2418 1467 2481 ci-

290 2533 382 2606 viles,
396 2540 430 2601 et
445 2536 535 2620 quasi
552 2556 617 2599 non
632 2556 692 2599 usu
707 2536 908 2620 negotiorum
926 2535 1068 2600 civilium
1085 2536 1334 2618 obsolescerent,
1352 2558 1466 2603 eorum

290 2662 468 2727 auctoritas
490 2681 550 2725 nec
573 2662 709 2745 amplius
731 2680 768 2725 se
788 2662 938 2725 exercuit
960 2661 992 2723 in
1013 2663 1116 2725 causis
1133 2662 1368 2729 Ecclesiastinis
1384 2683 1465 2747 quas

286 2790 384 2850 antea
403 2783 547 2849 iudicare
571 2784 726 2850 solebant.
744 2784 853 2858 Quare
869 2786 969 2849 moles
985 2786 1133 2851 exerevit
1147 2787 1350 2871 negotiorum
1374 2786 1465 2851 dela-

290 2915 397 2975 torum
423 2908 463 2973 ad
487 2910 764 2994 congregationes
786 2910 959 2991 Romanas,
984 2928 1064 2992 quae
1087 2910 1222 2995 posthac
1245 2932 1279 2976 se
1303 2931 1464 2997 occupare

288 3032 470 3101 debuerunt
492 3036 589 3099 etiarn
613 3033 676 3099 illis
705 3035 739 3099 in
763 3034 993 3100 controuersiis
1022 3038 1119 3099 antea
1146 3034 1296 3101 discussis
1327 3040 1360 3100 et
1383 3036 1465 3101 iuris

283 3158 398 3226 ordine
429 3166 559 3226 servato
590 3160 739 3245 rigorose
769 3158 907 3226 definitis
938 3160 1136 3246 inpropriis
1170 3160 1289 3225 Curiae
1319 3160 1467 3226 tribuna-

282 3284 366 3351 unus
382 3283 438 3370 (2).

372 3460 412 3530 (l)
431 3460 486 3515 Cir.
500 3465 570 3516 Acta
590 3460 617 3515 S.
635 3462 715 3516 Sedis
735 3462 788 3514 eol.
802 3461 857 3525 IX,
872 3477 902 3531 p.
918 3460 1063 3514 551-562
1080 3460 1114 3514 de
1133 3460 1212 3513 modo
1230 3460 1331 3529 egendi
1350 3465 1380 3516 et
1397 3476 1464 3529 pro·

282 3566 395 3625 cedendi
415 3586 508 3625 coram
520 3568 547 3622 S.
560 3568 590 3622 G.
604 3568 737 3635 Concilii;
756 3573 786 3623 et
804 3570 859 3622 vol.
879 3568 919 3634 II,
934 3586 965 3638 p.
985 3566 1049 3621 439
1062 3578 1088 3622 et
1101 3584 1166 3637 sep:
1184 3572 1214 3621 et
1229 3567 1360 3623 volumen
1374 3566 1463 3633 XIII,

276 3696 307 3747 p.
322 3676 395 3741 333,
408 3674 441 3730 de
462 3675 543 3729 modo
562 3675 726 3745 procedendi
745 3692 838 3730 coram
854 3674 880 3728 S.
895 3674 924 3727 Ο.
938 3675 990 3728 EE.
1006 3679 1035 3729 et
1048 3674 1107 3728 RR.
1121 3676 1148 3727 in
1163 3690 1236 3729 caus.
1250 3673 1324 3730 civil.
1339 3672 1458 3745 (decret.

282 3784 304 3836 5
326 3782 399 3853 Sept.
421 3782 511 3850 1834)
529 3786 559 3837 et
578 3784 606 3835 in
626 3798 700 3837 caus
720 3782 796 3837 crim.
816 3780 930 3849 (decret.
953 3784 990 3835 15
1010 3780 1122 3835 Decem.
1139 3780 1245 3851 1835).

370 3888 411 3961 (2)
432 3888 490 3943 Leo
508 3886 574 3943 Xlll
592 3905 655 3943 cum
674 3889 707 3943 ad
726 3906 856 3959 suprema
875 3888 1065 3958 gubernacula
1082 3886 1227 3941 tractanda
1248 3884 1380 3955 accessit,
1400 3888 1464 3941 sui-

282 4012 357 4049 mum
383 3994 486 4050 adlecit
504 3998 536 4048 nt
554 3998 597 4048 tot
616 3994 748 4063 Praelati,
767 3999 852 4049 antea
874 3994 931 4048 illis
950 3994 978 4047 in
996 3992 1185 4048 tribunalibus
1208 3993 1336 4063 occupati
1361 3993 1463 4063 peritia

281 4099 350 4155 iuris
369 4116 403 4155 ac
422 4099 570 4169 prudentie
589 4100 698 4154 consilii
721 4104 908 4169 praestantes,
927 4102 1039 4169 possent
1057 4116 1135 4153 susm
1153 4113 1264 4167 opernm
1284 4099 1410 4153 conterre
1430 4099 1460 4152 iu

280 4208 384 4262 bonum
397 4205 565 4261 universalis
578 4204 728 4261 Ecclesiae.
743 4204 813 4260 Hinc
828 4202 1054 4259 commissionem
1068 4202 1190 4257 instituit
1201 4200 1399 4272 cardinalium,
1413 4203 1461 4273 qui

279 4310 423 4366 studerent
443 4310 634 4381 opportuniori
654 4311 756 4365 rationi
776 4308 923 4365 adhibendi
940 4308 1085 4363 Praelatos
1103 4308 1131 4362 in
1150 4308 1326 4377 negoti0rum
1345 4307 1462 4379 expedi·

280 4418 394 4473 tionem.
415 4416 578 4472 Cardinales
595 4416 728 4471 arbitrati
747 4419 820 4483 sunt,
840 4413 995 4471 huiusmodi
1015 4412 1160 4469 Praelatos
1178 4413 1276 4469 utilem
1295 4428 1374 4485 posse
1393 4430 1461 4483 ope·
