3292 5109
610 329 816 378 nausearum
839 331 887 377 vr.
1278 316 1349 383 515

162 452 275 502 tantum
294 447 423 504 retulisse
442 447 569 502 sufficiat.
585 447 708 503 Examen
728 463 795 502 sero
812 456 925 503 secutae
944 454 1009 503 sunt
1023 449 1144 518 partium
1156 450 1347 520 deductiones,

159 559 200 612 ab
219 557 363 628 utriusque
383 556 614 611 procuratoribus
626 557 656 610 in
667 556 884 610 contradictorio
898 561 956 610 turn
969 572 1037 611 voce
1053 561 1111 610 tum
1127 557 1239 626 scriptis
1258 575 1348 628 expo·

164 665 244 718 sitae.
264 664 369 724 Quibus
388 665 474 718 etiam
494 663 632 733 utrimque
657 663 792 731 expletis,
810 659 883 716 hauc
905 663 982 717 dedit
999 663 1152 733 Episcopus
1170 663 1346 720 definitivam

158 772 340 826 sententiam.

253 877 312 930 «ln
332 877 381 931 Dei
401 876 513 931 nornine
532 879 629 930 Amen.
649 875 682 930 Α.
702 875 803 931 Sacrae
822 875 993 946 Theologiae
1018 876 1120 931 Ductor
1148 877 1196 932 Dei
1215 881 1245 932 et
1267 877 1347 948 Apo-

162 1001 181 1034 «
190 980 317 1040 'stolicae
330 982 408 1038 Sedis
429 985 521 1052 gratia
534 981 684 1052 Episcopus
697 982 731 1048 N,
744 999 777 1036 ac
793 983 883 1039 eidem
896 983 923 1036 S.
937 981 999 1037 Sedi
1019 983 1179 1039 immediate
1190 986 1342 1041 subiectus.

160 1103 180 1140 a
199 1091 229 1144 ln
254 1107 339 1144 causa
363 1087 555 1159 impedimenti
580 1087 786 1142 matrimonium
805 1087 983 1156 impedientis
1008 1095 1122 1158 propter
1145 1089 1286 1158 sponsalia
1312 1089 1343 1144 iu

69 1255 71 1264 y
158 1212 180 1247 s
200 1183 295 1248 hac'N
314 1195 430 1250 civitate
449 1195 523 1248 inter
541 1195 636 1248 Gaiam
656 1197 685 1248 et
703 1193 808 1248 ‘litium
832 1194 928 1247 ambos
953 1193 987 1248 de
1011 1193 1063 1247 hac
1083 1194 1185 1247 Nostra
1203 1194 1336 1259 civitate,

161 1313 179 1356 a
199 1300 255 1354 Nos
276 1301 425 1370 Episcopus
445 1301 487 1367 N,
506 1301 572 1354 visis
592 1299 688 1355 libello
708 1300 836 1364 Actricis,
856 1299 975 1354 termino
993 1299 1026 1352 ad
1040 1300 1210 1369 probandum
1228 1301 1343 1372 utrique

162 1421 179 1457 a
200 1404 272 1474 parti
291 1405 363 1459 dato.
378 1405 453 1458 Visis
472 1404 562 1458 causis
582 1403 722 1472 allegetis,
736 1415 764 1457 et
783 1405 855 1457 bene
869 1403 971 1457 auditis
985 1409 1014 1459 et
1026 1403 1208 1458 consideratis
1226 1406 1342 1459 testium

156 1523 179 1566 v<
197 1511 416 1580 depositionibus
436 1510 561 1564 formiter
580 1511 810 1572 examinatorum,
830 1526 880 1579 pro
899 1516 979 1579 parte
997 1510 1173 1580 impedientis
1194 1511 1279 1566 Gaiae
1298 1510 1345 1566 de·

155 1627 177 1670 v(
196 1615 355 1680 ductorum,
375 1619 403 1670 et
423 1631 485 1668 cum
509 1615 665 1668 iuramento
691 1623 882 1683 receptorum,
900 1615 1036 1668 citatione
1059 1632 1109 1668 seu
1130 1616 1285 1671 monitione
1309 1615 1344 1670 ad

154 1735 178 1776 ·«
197 1721 342 1776 dicendum
361 1725 390 1775 et
408 1721 441 1774 ad
461 1722 629 1776 sententiam
648 1721 832 1792 omnibusque
852 1721 905 1775 rite
923 1728 953 1776 et
972 1726 1048 1775 recte
1061 1722 1089 1775 in
1103 1728 1275 1776 antecessum
1296 1739 1345 1777 ex·

156 1826 289 1896 «pletis,
309 1828 349 1880 ita
368 1832 399 1880 ut
424 1831 517 1896 partes
542 1827 699 1895 praedictae
724 1825 830 1880 nullum
857 1827 988 1881 adversus
1013 1826 1192 1896 procederem
1217 1826 1341 1894 dubium,

156 1950 177 1983 a
197 1932 240 1987 vel
253 1933 445 2001 exceptionem
465 1931 644 1986 elevaverint.
664 1932 774 1987 Auditis
787 1933 814 1986 in
830 1933 941 2002 publico
960 1933 1176 1986 contradictorio
1191 1933 1343 1987 earundem

157 2056 177 2090 v
199 2039 318 2106 partium
338 2038 487 2092 advocatis
506 2056 554 2093 seu
576 2039 805 2093 procuratoribus
830 2039 858 2091 in
878 2040 939 2093 iure
964 2045 993 2093 et
1011 2040 1040 2092 in
1059 2041 1134 2093 facto
1158 2044 1289 2093 oretenus
1312 2045 1344 2095 et

158 2157 178 2198 s(
197 2143 357 2213 inscriptis.
377 2143 480 2197 Audito
493 2145 578 2197 etiam
598 2143 678 2197 huius
692 2143 792 2198 Curiae
809 2143 981 2197 Promotoris
995 2143 1111 2196 Fiscalis
1126 2143 1261 2212 explicito
1272 2148 1342 2197 voto

157 2267 177 2300 a
198 2265 247 2318 pro
266 2249 416 2303 existentia
436 2254 464 2303 et
486 2249 630 2303 validitate
657 2239 860 2318 praedictorum
880 2251 1051 2317 sponsalium
1076 2248 1190 2302 emisso:
1210 2248 1342 2304 Conside-

156 2371 177 2404 a
198 2359 291 2408 rantes
310 2355 337 2407 in
358 2354 498 2423 praesenti
518 2371 600 2406 cause
627 2353 827 2406 matrimoniali
851 2356 886 2407 ob
906 2359 1050 2407 contracta
1071 2353 1224 2422 sponsalia,
1243 2354 1344 2410 stricte

160 2460 346 2514 «secundum
370 2466 433 2514 acta
453 2468 481 2514 et
500 2461 617 2528 probata
643 2476 692 2513 nos
717 2459 839 2513 iudicare
867 2461 970 2514 teneri:
990 2459 1203 2514 considerantes
1226 2461 1341 2528 insuper

154 2583 177 2624 s<
196 2568 230 2622 ad
249 2569 389 2638 sponsalia
413 2569 593 2634 adstruenda,
612 2583 683 2638 qnae
702 2569 776 2622 nudo
800 2585 935 2624 consensu
956 2568 1174 2634 contrahuntur,
1194 2568 1275 2622 ciuica
1294 2584 1343 2622 ne·

155 2691 176 2731 v<
197 2678 346 2730 cessarium
365 2678 471 2732 censeri
498 2682 528 2730 ut
552 2683 661 2732 constet
686 2677 718 2732 de
744 2667 903 2740 voluntate,
922 2679 956 2730 ad
981 2679 1059 2731 civius
1085 2679 1341 2733 manifestationem

155 2799 177 2839 e(
196 2786 273 2840 nulla
292 2787 441 2855 peculiaris
460 2789 606 2840 verborum
626 2787 771 2856 conceptio
790 2787 957 2858 requiritur,
978 2803 1029 2840 nec
1047 2786 1152 2857 aliquid
1178 2786 1235 2840 imo
1255 2786 1342 2840 refert

156 2907 176 2941 a
197 2897 289 2945 utrum
308 2892 400 2944 verbis
418 2891 463 2944 vel
483 2891 546 2944 aliis
565 2891 652 2956 signis
671 2907 820 2944 consensus
839 2891 1011 2959 exprimatur
1031 2909 1113 2960 capp.
1133 2892 1170 2943 21
1192 2901 1218 2944 et
1243 2890 1285 2942 23
1302 2891 1341 2946 de

94 3020 98 3034 ·
160 2999 315 3068 «sponsal.
341 2998 553 3052 Corrsiderantes
578 3015 612 3052 ex
637 2997 808 3067 depositione
837 2999 949 3052 testium
969 3015 1018 3067 pro
1040 3004 1118 3068 parte
1143 2998 1269 3052 mulieris
1294 2997 1341 3052 de-

154 3119 176 3159 s<
194 3103 339 3158 ductorum
353 3103 551 3158 concludenter
569 3105 679 3173 probari
692 3103 805 3156 viduum
825 3103 929 3156 Titium
942 3104 1094 3172 explendae
1113 3102 1236 3156 libidinis
1249 3119 1334 3156 causa

155 3227 174 3261 c
194 3210 339 3263 honestam
359 3209 480 3279 puellam
499 3209 647 3274 seduxisse,
660 3208 811 3262 carnaliter
830 3209 1000 3278 cognovisse,
1014 3213 1188 3279 matremque
1209 3209 1341 3262 illamef·

159 3317 300 3372 «fecisse.
321 3318 360 3370 De
379 3318 529 3372 contractis
548 3333 614 3372 vero
633 3334 728 3371 eorum
747 3317 923 3386 sponsalibus
942 3317 995 3370 duo
1016 3322 1100 3371 testes
1113 3320 1226 3373 Ber-tam
1240 3323 1269 3372 et
1283 3318 1340 3373 Lu·

154 3441 175 3473 s
194 3425 266 3477 ciam
284 3426 398 3478 seorsim
418 3423 458 3476 sic
477 3425 676 3493 deposnerunt:
699 3424 733 3477 Se
752 3424 840 3478 semel
858 3433 962 3477 stantes
974 3426 1004 3476 in
1016 3427 1098 3477 dama
1117 3427 1240 3480 Puellae
1256 3426 1341 3482 Caiae

158 3533 333 3586 «taudiniaco
358 3531 459 3584 Titium
483 3533 605 3585 adstanti
629 3533 709 3584 etiam
737 3541 762 3586 et
784 3535 955 3602 praeputiati
977 3535 1095 3601 puellae
1116 3535 1282 3604 promisisse
1308 3550 1340 3588 se

153 3651 175 3692 s<
193 3639 268 3692 nette
287 3641 316 3691 ia
334 3655 453 3694 uxorem
472 3641 575 3694 ducere
598 3639 700 3703 Cuiam,
720 3640 817 3695 ambae
837 3639 1021 3709 adiungentes
1035 3651 1061 3693 et
1073 3643 1138 3695 huic
1154 3642 1336 3711 promissioni

155 3761 173 3796 c
192 3745 266 3798 dicta
282 3746 390 3814 puella,
409 3746 595 3815 acceptatione
614 3749 697 3816 sacta,
717 3747 861 3815 acquievit.
881 3743 1093 3800 considerantes
1113 3745 1186 3816 quod
1206 3746 1235 3800 in
1255 3762 1338 3815 prae-

155 3868 173 3902 s
193 3851 265 3904 senti
290 3851 379 3911 facto,
398 3852 508 3905 etiarnsi
528 3868 581 3905 non
606 3851 764 3905 luculenter
788 3855 923 3921 appareat
946 3851 1080 3921 explicita
1106 3853 1283 3921 repromissio
1302 3868 1337 3906 ex

155 3967 174 4009 t<
193 3959 272 4024 parte
292 3955 416 4009 mulieris
435 3956 543 4021 emissa,
562 3955 640 4008 adesi
658 3961 753 4009 tamen
772 3956 937 4024 acceptatio,
950 3955 1072 4009 eiusdem
1088 3955 1220 4010 honestas
1239 3961 1268 4010 et
1286 3957 1336 4013 de·

156 4065 310 4118 «duratio.
328 4065 412 4136 idque
431 4067 490 4119 iure
509 4065 619 4136 quidem
638 4071 667 4120 et
685 4065 794 4130 merite,
813 4070 873 4118 turn
891 4065 958 4136 qula
976 4066 1070 4134 puella
1089 4066 1206 4121 honesta
1225 4068 1334 4136 copiam

154 4187 173 4221 e
193 4169 236 4222 sui
255 4170 346 4226 facere
365 4169 448 4224 alteri
463 4185 515 4222 non
536 4175 672 4236 censetur,
686 4169 738 4222 nisi
757 4170 808 4222 sub
828 4169 881 4224 tide
895 4168 982 4221 futuri
1001 4171 1179 4235 matrimonii,
1195 4175 1253 4224 tum
1273 4171 1340 4242 quia

154 4289 173 4328 c<
192 4275 320 4345 copulam
333 4291 404 4346 quae
422 4277 456 4330 ad
471 4276 614 4330 libidinem
633 4275 797 4345 simpliciter
816 4273 981 4343 explendam
994 4281 1129 4345 patratur,
1143 4284 1254 4347 praeter
1270 4297 1334 4334 rea-

153 4395 173 4433 s
193 4386 251 4435 tum
271 4381 386 4436 huiusce
407 4382 511 4452 peccati
533 4383 681 4452 proprium,
704 4383 830 4436 continet
848 4383 934 4436 etiam
960 4387 1068 4436 reatum
1094 4382 1257 4452 iniustitiae,
1278 4385 1339 4440 sive
