3292 5109
493 325 537 371 ns
561 324 700 371 runicus
724 322 990 370 neonusinsricis
1268 297 1328 363 101

148 449 228 533 gotii
257 448 451 514 absolutioni
484 449 703 535 praemittitur
734 447 905 531 exquisitio
932 443 1188 529 informationis
1211 447 1242 507 et
1263 440 1334 507 voti

149 572 340 639 Ordinarii.
358 610 376 621 -
394 574 497 639 Sires
519 572 720 659 expedienda
744 571 882 637 aliorum
906 573 1003 636 etiam
1028 570 1167 640 intersit,
1192 576 1271 635 tunc
1290 568 1331 633 ab

147 696 298 762 omnibus
313 698 364 763 his
386 699 569 781 exquiritur
592 697 670 762 facti
690 702 723 763 et
745 696 826 761 iuris
849 696 972 775 notitia,
996 693 1106 759 addita
1128 692 1275 759 clausula
1298 694 1332 756 in

149 819 267 885 litteris
283 818 459 887 Ordinariu
482 819 563 885 datis
585 817 747 883 «auditis
771 818 875 883 etiam
900 818 1061 883 interesse
1085 813 1330 881 habentibus».

151 944 222 1008 Hoc
241 950 337 1029 paeto
356 944 456 1009 libelli
480 944 631 1031 supplicis
655 942 815 1008 obiectum
835 944 1028 1008 instructum
1052 941 1161 1006 evadit
1184 938 1332 1004 omnibus

149 1069 187 1133 iis
210 1068 430 1151 documentis,
454 1090 535 1153 quae
566 1069 644 1135 facti
675 1070 815 1154 speciem
841 1074 874 1133 et
901 1069 980 1132 iuris
1012 1068 1232 1151 quaestionem
1256 1064 1331 1130 illu·

148 1198 263 1257 strant.
283 1194 372 1259 -Uti
396 1194 498 1278 palam
524 1198 582 1265 est,
606 1198 681 1258 suut
705 1194 950 1258 controversiae
974 1190 1139 1255 iudiciales
1162 1207 1244 1273 qnae
1267 1207 1329 1253 ma-

151 1319 250 1383 iorem
275 1319 529 1395 instructionem,
555 1317 752 1405 proindeque
782 1318 963 1404 longiorem
987 1336 1173 1403 processum
1198 1335 1330 1401 praepa·

144 1435 285 1507 'rationis
316 1443 529 1528 expostulant,
554 1448 726 1527 antequam
744 1444 877 1525 plenae
905 1441 1162 1527 congregationi
1192 1459 1329 1526 praepo-

148 1571 269 1631 nantur
294 1565 513 1631 resolvendae.
540 1566 586 1631 De
609 1566 660 1630 his
683 1565 803 1649 aliquid
828 1564 999 1651 specialius
1023 1562 1245 1628 disserendum
1270 1566 1329 1627 est.

237 1687 292 1753 98.
315 1687 399 1753 Sane
416 1689 502 1755 inter
517 1689 671 1773 graviora
684 1687 821 1775 negotia
837 1685 1038 1751 recensenda
1053 1691 1127 1751 sunt
1142 1684 1329 1753 iudicione,

146 1810 304 1895 siqnidem
329 1811 495 1877 continent
516 1811 648 1894 factum
672 1814 757 1877 inter
780 1816 890 1896 partes
912 1810 1057 1877 iuridice
1080 1810 1265 1895 litigiosum,
1290 1807 1330 1873 de

148 1956 209 2019 quo
232 1938 279 2001 ita
303 1936 541 2001 decernendum
565 1942 614 2002 est
638 1941 674 2001 ut
696 1938 777 2001 iuris
799 1935 934 2001 alterius
956 1953 1021 1999 nen
1050 1931 1106 1999 fiat
1128 1935 1238 1999 laesio.
1263 1934 1329 1999 Re-

149 2082 224 2147 apse
247 2064 353 2127 maior
376 2059 546 2127 difficultas
569 2063 601 2127 in
624 2062 735 2147 litigiis
766 2058 955 2126 deliniendis
985 2060 1132 2125 consistit
1154 2060 1189 2123 in
1211 2056 1329 2144 proba-

147 2188 269 2251 tionum
293 2188 522 2261 instructione;
539 2188 620 2253 istae
643 2187 728 2251 enim
752 2185 941 2270 multiplicis
957 2185 1088 2269 generis
1110 2189 1234 2249 suntet
1257 2182 1329 2269 plu·

147 2312 237 2378 ribus
268 2331 342 2377 cum
370 2311 571 2377 cautionibus
602 2310 821 2397 colligendae,
847 2332 918 2376 cum
942 2310 1013 2389 fere
1037 2312 1069 2374 in
1093 2309 1240 2375 omnibus
1263 2329 1329 2375 una

147 2453 222 2517 pars
245 2434 343 2499 alteri
371 2433 582 2506 contradicat,
611 2434 694 2500 unde
724 2437 755 2499 in
785 2436 848 2501 hoc
875 2434 1013 2499 habetur
1036 2437 1178 2499 maxime
1206 2432 1328 2515 strepi·

147 2562 200 2623 bar
225 2558 409 2625 iudicialis.
434 2558 505 2624 Hac
532 2560 572 2625 de
600 2562 725 2625 ratione
749 2561 880 2647 negotia
902 2562 1035 2645 proprie
1066 2559 1266 2623 contentiosa
1288 2556 1328 2621 ab

150 2682 291 2747 instituto
314 2682 431 2745 horum
455 2682 666 2767 collegiorum
690 2684 882 2769 primigenio
905 2682 1094 2763 abhorrent,
1114 2687 1222 2767 utpote
1245 2699 1328 2763 quae

149 2803 341 2871 ordinantur
356 2807 460 2891 primo
484 2812 517 2872 et
538 2806 761 2892 principaliter
775 2806 817 2873 ad
833 2808 963 2891 negotia
978 2804 1250 2871 administrativc
1264 2808 1328 2868 tra·

151 2927 273 3000 clauda
288 2934 324 2993 ut
341 2928 403 2993 iam
418 2949 475 2994 suo
487 2929 559 2995 loco
572 2928 751 2995 docuimus:
769 2928 812 3011 cf.
826 2950 860 2993 n.
874 2928 935 2993 20.
952 2964 970 2977 -
984 2927 1079 2994 Card.
1093 2928 1139 2989 lle
1152 2926 1240 2989 Luca
1255 2944 1329 2989 con·

154 3056 258 3122 ferens
274 3058 521 3141 competentiam
541 3057 572 3123 S.
591 3058 694 3122 Rotae
714 3076 786 3121 cum
804 3060 963 3141 potestate
979 3074 1042 3139 qua
1057 3052 1179 3138 pollent
1195 3051 1225 3116 S.
1243 3051 1327 3117 Gon-

153 3179 355 3263 gregationes
370 3177 452 3242 haec
468 3177 609 3243 advertit
625 3175 709 3262 (Dis.
723 3176 783 3252 32,
802 3197 837 3241 η.
850 3176 902 3262 2);
923 3198 941 3238 e
959 3175 1044 3239 Hinc
1060 3172 1099 3237 de
1114 3163 1183 3237 eius
1196 3169 1327 3256 (Rotae)

152 3302 284 3386 origine,
300 3306 440 3369 statuae
460 3303 552 3389 stylis
575 3300 701 3388 agendo
725 3280 842 3367 iudicis
862 3300 967 3366 ideam
990 3298 1177 3385 generalem
1201 3316 1328 3381 quoque

153 3422 321 3493 efformare
346 3446 524 3513 congruum
548 3426 685 3501 videtur,
716 3426 873 3512 quomodo
896 3427 1022 3493 scilicet
1044 3424 1142 3490 iudex
1164 3425 1218 3507 qui
1243 3424 1330 3487 intra

155 3549 285 3616 tristitiae
309 3552 557 3615 commutativae
580 3556 676 3635 atque
698 3551 806 3635 legum
832 3548 994 3614 cancellos
1017 3546 1135 3613 habeat
1157 3545 1328 3611 arbitrium

157 3678 349 3750 restrictum,
375 3696 488 3743 causas
519 3696 717 3763 cognoscere
740 3697 781 3742 ac
804 3674 955 3741 decidere
978 3673 1107 3755 debeat,
1132 3673 1207 3739 dum
1230 3672 1328 3757 longe

156 3796 278 3865 diversa
311 3802 526 3887 cognoscendi
552 3823 590 3868 ac
614 3802 783 3868 decidendi
819 3804 902 3867 ratio
926 3803 1014 3887 riget
1047 3802 1079 3864 in
1111 3800 1330 3865 Cardinalitiis

154 3917 281 4005 aliisque
313 3922 626 4009 Congregationibus
658 3929 690 3988 et
721 3924 904 4009 respective
925 3920 1193 3986 tribunalibus...
1219 3926 1328 4008 utpote

157 4043 287 4111 vicarias
323 4046 432 4132 Papae
462 4048 515 4113 vel
550 4048 695 4133 supremi
732 4047 894 4131 Principis
928 4050 1039 4132 partes
1075 4044 1329 4131 explicantibus;

157 4167 234 4232 unde
256 4175 429 4257 propterea
460 4170 650 4255 quandoque
674 4191 733 4255 pro
757 4173 961 4257 negotiorum
984 4170 1137 4254 qualitate
1167 4172 1330 4255 rigorosos
1411 4200 1416 4213 ¹

157 4288 232 4356 iuris
252 4293 413 4359 cancellos
436 4293 558 4379 egredi,
579 4298 676 4377 atque
700 4314 772 4359 oum
796 4256 860 4357 illis
882 4292 1008 4379 legibus
1023 4292 1077 4358 vel
1100 4292 1222 4378 regulis
1246 4311 1330 4375 quae

158 4409 369 4497 prudentiales
391 4418 750 4504 dicuntu1·.procedere
775 4423 810 4483 ut
834 4419 971 4503 negotiis
994 4416 1067 4482 finis
1089 4417 1142 4483 vel
1164 4422 1329 4504 tempera-
