3292 5109
308 248 377 318 262
835 274 920 321 rans
944 272 980 320 11.

385 392 475 491 Ι213.
500 394 595 459 Modo
629 395 747 479 aliquid
775 394 919 461 dicamus
942 395 984 460 de
1007 397 1134 462 ratione
1157 396 1365 482 procedendi.
1391 432 1409 445 -
1436 398 1491 461 Ex

223 570 224 574 ,
308 517 401 583 dictis
427 539 481 585 res
513 520 663 606 expedita
686 526 743 586 est.
777 522 859 586 Nam
882 520 981 608 cong.
1006 523 1155 608 procedit
1177 523 1490 589 eatraiudtciatiter

308 645 342 706 et
364 644 417 707 via
446 644 589 727 gratiosa
616 645 648 707 in
680 643 902 729 expendendis
934 643 1139 729 processibus
1161 649 1195 709 et
1219 645 1292 708 aliis
1323 644 1490 728 requisitis

307 785 367 851 pro
390 767 615 852 promovendis
637 769 804 853 Episcopis
828 773 861 833 et
880 768 1057 833 Abbatibus
1073 770 1106 832 in
1123 770 1330 834 consistorio.
1356 768 1491 834 Summa

307 896 452 957 actorum
476 892 620 959 refertur
642 892 683 957 ab
707 892 866 959 Auditoro
882 893 1004 958 Summi
1022 891 1188 983 Pontificis
1211 897 1278 958 tum
1302 894 1335 957 in
1356 892 1487 976 Propo·

306 1016 435 1091 uitione,
453 1038 534 1101 quae
551 1018 787 1085 Consistorialis
803 1019 984 1104 appellatur
1001 1025 1032 1083 et
1049 1018 1271 1084 Cardinalibus
1285 1025 1362 1084 ante
1382 1020 1486 1103 ipsum

307 1142 535 1208 Consistorium
559 1141 760 1209 distribuitur
783 1149 851 1208 tum
883 1144 920 1209 in
950 1143 1043 1224 foliis
1068 1164 1151 1228 quae
1172 1144 1326 1230 leguntur
1350 1164 1371 1209 a
1395 1146 1489 1229 Papa

306 1268 340 1331 in
363 1268 518 1333 faciendis
541 1268 810 1353 propositionibus
833 1270 866 1333 iu
890 1270 1090 1336 consistorio.

396 1392 458 1459 Sed
486 1394 678 1459 exoriuntur
701 1394 831 1478 negotia
859 1394 1021 1458 iudicialia
1051 1414 1130 1458 vere
1161 1396 1362 1460 contentiosa
1392 1414 1487 1480 prae·

306 1520 416 1583 sertim
434 1520 466 1585 in
482 1519 660 1590 unionibus,
685 1518 1029 1599 dismembratiouibm,
1045 1518 1253 1584 divisionibus
1268 1520 1324 1583 vel
1347 1521 1485 1585 erectio-

304 1640 397 1707 nibus
421 1644 640 1708 Ecclesiarum
675 1642 891 1707 decernendis
925 1663 997 1707 cum
1022 1643 1054 1706 in
1085 1642 1135 1707 his
1165 1643 1272 1707 causis
1298 1643 1396 1726 plena
1427 1642 1487 1708 fiat

305 1768 484 1854 opponendi
508 1768 644 1835 facultas
669 1770 731 1834 illis
754 1789 890 1854 quorum
914 1770 1059 1834 interest.
1085 1769 1128 1834 Et
1151 1769 1183 1831 in
1200 1768 1263 1833 hoc
1283 1770 1485 1853 propositum

305 1892 386 1957 haec
409 1892 507 1960 habet
531 1894 577 1959 lle
595 1894 684 1959 Luca
706 1894 744 1959 in
763 1893 836 1960 net.
857 1890 937 1959 cur.
961 1892 1059 1960 Rom.
1084 1893 1154 1958 Dic.
1171 1894 1205 1968 5,
1229 1880 1346 1959 aa'25:
1364 1914 1382 1957 <
1401 1894 1486 1967 Quia

305 2020 336 2084 in
349 2020 511 2105 plerisque
527 2020 649 2085 actibus
662 2018 938 2085 consistorialibus
953 2020 1136 2083 interessati
1152 2020 1353 2103 oppositores
1368 2018 1484 2084 adesse

304 2145 417 2217 solent,
441 2144 521 2210 adeo
536 2149 572 2211 ut
594 2145 732 2210 formam
756 2146 809 2210 vel
834 2145 1090 2230 disputationem·
1103 2146 1334 2209 contentiosam
1357 2144 1485 2210 habere

303 2274 451 2353 oporteat
480 2290 581 2354 eaque
606 2270 785 2355 prudenter
808 2270 849 2334 ob
872 2270 1028 2335 maiorem
1062 2272 1244 2336 consistorii
1278 2272 1483 2335 maiestatem

303 2394 344 2459 ab
370 2414 408 2459 eo
439 2395 584 2460 exulavit
608 2444 706 2460 ......
737 2396 844 2479 Atque
868 2396 900 2458 in
925 2394 984 2459 ista
1008 2395 1268 2479 congregatione
1297 2394 1388 2479 prius
1412 2395 1482 2459 for-

302 2522 397 2587 miter
424 2522 651 2587 examinantur
677 2522 852 2601 materiae,
876 2518 1020 2605 partibus
1043 2519 1275 2603 opponentibus
1305 2519 1423 2586 auditis
1447 2522 1481 2584 in

301 2651 406 2717 forma
432 2668 522 2713 mere
545 2648 744 2729 contentiosa
771 2647 1017 2733 proportionata
1038 2653 1149 2713 tamen
1181 2647 1266 2733 stylo
1290 2648 1482 2734 congrega-

300 2776 422 2840 tionum
440 2822 521 2837 .....
538 2791 556 2833 s

389 2894 465 2960 214.
498 2894 550 2958 Ex
580 2892 665 2957 foliis
693 2891 973 2958 consistorialibus
1000 2893 1179 2958 cardinalis
1206 2892 1481 2960 Vico-cancella-

300 3020 376 3091 rius,
401 3038 464 3103 qua
489 3018 637 3083 Notarius
661 3018 692 3083 S.
717 3018 807 3084 Sedis
831 3022 864 3082 et
885 3017 1087 3091 consistorii,
1112 3015 1263 3083 conficiet
1284 3018 1365 3083 alias
1389 3018 1481 3083 sche-

299 3142 405 3215 dulas,
431 3142 543 3226 quibus
575 3140 669 3207 fidem
700 3142 780 3207 facit
810 3140 849 3205 de
876 3145 989 3207 secuta
1019 3142 1194 3222 electione,
1219 3146 1252 3206 et
1281 3141 1360 3206 hinc
1390 3140 1482 3206 iubet

299 3266 409 3331 Bullas
439 3264 596 3349 expediri.
628 3264 688 3331 Sed
712 3264 808 3329 hodie
838 3245 935 3329 etiam
955 3283 1022 3346 per
1045 3266 1155 3330 Breoe
1185 3263 1400 3349 expediuntur
1423 3263 1481 3328 lit-

298 3394 389 3453 terae
412 3387 525 3472 quibus
552 3388 676 3451 sivein
700 3385 806 3451 forma
830 3386 944 3451 Bullae
967 3388 1035 3451 sive
1059 3389 1090 3450 in
1115 3386 1220 3450 forma
1245 3386 1359 3451 Brevis
1381 3393 1482 3453 aetus

299 3513 467 3598 legitimus
494 3516 526 3576 et
552 3509 710 3593 publicus
737 3515 873 3595 rogatur
901 3510 940 3576 de
968 3516 1078 3574 secuta
1102 3512 1270 3574 electione.
1296 3510 1387 3576 Unde
1415 3512 1482 3577 ele·

298 3643 368 3705 ctus
391 3656 495 3721 neque
519 3655 596 3700 suae
619 3634 702 3699 sedis
726 3637 959 3719 possessionem
982 3656 1101 3721 capere
1123 3641 1236 3720 potest,
1254 3656 1359 3721 neque
1375 3638 1479 3703 ullum

296 3769 403 3828 actum
427 3781 585 3827 exercere
616 3759 846 3825 iurisdictionis
872 3761 933 3824 nisi
964 3760 1089 3827 litteras
1113 3760 1259 3846 capitulo
1287 3761 1480 3828 cathedrali

296 3884 483 3950 ostenderit.
510 3920 528 3931 -
554 3884 652 3968 cong.
681 3883 919 3949 consistorialis
949 3902 1031 3965 quae
1063 3902 1193 3947 causam
1224 3886 1378 3968 coguovit
1409 3884 1478 3949 ele-

296 4007 427 4087 ctionis,
452 4006 618 4070 decretum
648 4004 713 4068 edit
744 4024 807 4089 quo
838 4005 914 4069 sinit
943 4005 1026 4070 tradi
1057 4006 1169 4070 Bullas
1198 4011 1254 4071 aut
1284 4006 1407 4071 Brevia
1437 4007 1479 4071 iis

296 4151 432 4216 quorum
456 4133 600 4211 interest,
617 4129 672 4195 sed
692 4130 754 4194 hoc
778 4129 869 4194 iubet
891 4130 1019 4195 diversa
1039 4130 1196 4207 formula;
1220 4152 1336 4217 nempe
1360 4132 1479 4197 rescri-

294 4256 342 4323 bit
366 4290 384 4306 ·
408 4257 586 4321 relaxetur
611 4289 628 4302 -
653 4254 680 4319 si
703 4258 818 4339 agatur
842 4253 881 4319 de
905 4255 1015 4337 Bullis,
1038 4290 1056 4304 ·
1078 4258 1240 4323 tradatur
1263 4293 1282 4305 -
1306 4258 1334 4323 si
1356 4266 1480 4344 agatur

297 4378 336 4445 de
361 4380 473 4446 Brevi.
