<?xml version="1.0" encoding="UTF-8"?>
<!DOCTYPE html PUBLIC "-//W3C//DTD XHTML 1.0 Transitional//EN"
    "http://www.w3.org/TR/xhtml1/DTD/xhtml1-transitional.dtd">
<html xmlns="http://www.w3.org/1999/xhtml" xml:lang="en" lang="en">
 <head>
  <title>
</title>
<meta http-equiv="Content-Type" content="text/html;charset=utf-8" />
  <meta name='ocr-system' content='tesseract 3.04.00' />
  <meta name='ocr-capabilities' content='ocr_page ocr_carea ocr_par ocr_line ocrx_word'/>
</head>
<body>
  <div class='ocr_page' id='page_1' title='image "./praelectionesin03legagoog_0051.png"; bbox 0 0 3292 5109; ppageno 0'>
   <div class='ocr_carea' id='block_1_1' title="bbox 466 258 1305 324">
    <p class='ocr_par' dir='ltr' id='par_1_1' title="bbox 466 258 1305 324">
     <span class='ocr_line' id='line_1_1' title="bbox 466 258 1305 324; baseline 0 -3"><span class='ocrx_word' id='word_1_1' title='bbox 466 274 509 321; x_wconf 84' lang='lat' dir='ltr'><strong>nr</strong></span> <span class='ocrx_word' id='word_1_2' title='bbox 533 274 673 324; x_wconf 83' lang='lat' dir='ltr'><strong>runicus</strong></span> <span class='ocrx_word' id='word_1_3' title='bbox 698 274 966 323; x_wconf 82' lang='lat' dir='ltr'><strong>nccnnsmarrcrs</strong></span> <span class='ocrx_word' id='word_1_4' title='bbox 1261 258 1305 321; x_wconf 85' lang='grc'><strong>47</strong></span> 
     </span>
    </p>
   </div>
   <div class='ocr_carea' id='block_1_2' title="bbox 125 392 1305 1975">
    <p class='ocr_par' dir='ltr' id='par_1_2' title="bbox 132 392 1305 852">
     <span class='ocr_line' id='line_1_2' title="bbox 135 392 1305 481; baseline 0.003 -24"><span class='ocrx_word' id='word_1_5' title='bbox 135 392 382 461; x_wconf 77' lang='lat' dir='ltr'><strong>demandandum</strong></span> <span class='ocrx_word' id='word_1_6' title='bbox 405 415 486 461; x_wconf 85' lang='lat' dir='ltr'><strong>esse.</strong></span> <span class='ocrx_word' id='word_1_7' title='bbox 512 396 560 461; x_wconf 85' lang='lat' dir='ltr'><strong>Re</strong></span> <span class='ocrx_word' id='word_1_8' title='bbox 576 394 704 481; x_wconf 89' lang='lat' dir='ltr'><strong>quidem</strong></span> <span class='ocrx_word' id='word_1_9' title='bbox 727 414 809 461; x_wconf 86' lang='lat' dir='ltr'><strong>vera</strong></span> <span class='ocrx_word' id='word_1_10' title='bbox 831 394 922 461; x_wconf 86' lang='lat' dir='ltr'><strong>hisce</strong></span> <span class='ocrx_word' id='word_1_11' title='bbox 943 399 1069 463; x_wconf 88' lang='lat' dir='ltr'><strong>tantum</strong></span> <span class='ocrx_word' id='word_1_12' title='bbox 1092 396 1305 461; x_wconf 88' lang='lat' dir='ltr'><strong>coeremoniis</strong></span> 
     </span>
     <span class='ocr_line' id='line_1_3' title="bbox 135 517 1304 605; baseline 0.002 -24"><span class='ocrx_word' id='word_1_13' title='bbox 135 522 164 581; x_wconf 90' lang='lat' dir='ltr'><strong>et</strong></span> <span class='ocrx_word' id='word_1_14' title='bbox 184 518 413 604; x_wconf 83' lang='lat' dir='ltr'><strong>experimentis</strong></span> <span class='ocrx_word' id='word_1_15' title='bbox 434 520 606 605; x_wconf 86' lang='lat' dir='ltr'><strong>praestitis.</strong></span> <span class='ocrx_word' id='word_1_16' title='bbox 625 518 763 585; x_wconf 78' lang='lat' dir='ltr'><strong>Auditor</strong></span> <span class='ocrx_word' id='word_1_17' title='bbox 785 518 910 585; x_wconf 88' lang='lat' dir='ltr'><strong>electus</strong></span> <span class='ocrx_word' id='word_1_18' title='bbox 932 517 973 584; x_wconf 87' lang='lat' dir='ltr'><strong>ab</strong></span> <span class='ocrx_word' id='word_1_19' title='bbox 996 518 1069 584; x_wconf 89' lang='lat' dir='ltr'><strong>aliis</strong></span> <span class='ocrx_word' id='word_1_20' title='bbox 1091 517 1213 584; x_wconf 83' lang='lat' dir='ltr'><strong>duobus</strong></span> <span class='ocrx_word' id='word_1_21' title='bbox 1234 519 1304 585; x_wconf 87' lang='lat' dir='ltr'><strong>Au·</strong></span> 
     </span>
     <span class='ocr_line' id='line_1_4' title="bbox 132 620 1305 728; baseline 0.003 -24"><span class='ocrx_word' id='word_1_22' title='bbox 132 639 281 706; x_wconf 86' lang='lat' dir='ltr'><strong>ditoribus</strong></span> <span class='ocrx_word' id='word_1_23' title='bbox 295 640 336 707; x_wconf 85' lang='lat' dir='ltr'><strong>ed</strong></span> <span class='ocrx_word' id='word_1_24' title='bbox 359 620 482 727; x_wconf 80' lang='lat' dir='ltr'>Papam</span> <span class='ocrx_word' id='word_1_25' title='bbox 496 640 726 714; x_wconf 84' lang='lat' dir='ltr'><strong>adducebatur.</strong></span> <span class='ocrx_word' id='word_1_26' title='bbox 741 646 775 707; x_wconf 89' lang='lat' dir='ltr'><strong>ut</strong></span> <span class='ocrx_word' id='word_1_27' title='bbox 791 642 861 707; x_wconf 85' lang='lat' dir='ltr'><strong>eius</strong></span> <span class='ocrx_word' id='word_1_28' title='bbox 880 642 1040 728; x_wconf 88' lang='lat' dir='ltr'><strong>cooptatio</strong></span> <span class='ocrx_word' id='word_1_29' title='bbox 1055 638 1305 707; x_wconf 84' lang='lat' dir='ltr'><strong>confirmaretur</strong></span> 
     </span>
     <span class='ocr_line' id='line_1_5' title="bbox 132 765 776 852; baseline 0.002 -23"><span class='ocrx_word' id='word_1_30' title='bbox 132 770 162 829; x_wconf 89' lang='lat' dir='ltr'><strong>et</strong></span> <span class='ocrx_word' id='word_1_31' title='bbox 182 768 271 849; x_wconf 81' lang='lat' dir='ltr'><strong>quasi</strong></span> <span class='ocrx_word' id='word_1_32' title='bbox 294 765 482 831; x_wconf 83' lang='lat' dir='ltr'><strong>solemniter</strong></span> <span class='ocrx_word' id='word_1_33' title='bbox 503 766 776 852; x_wconf 78' lang='lat' dir='ltr'><strong>promulgaretur.</strong></span> 
     </span>
    </p>

    <p class='ocr_par' dir='ltr' id='par_1_3' title="bbox 128 892 1304 1479">
     <span class='ocr_line' id='line_1_6' title="bbox 214 892 1304 977; baseline -0.002 -20"><span class='ocrx_word' id='word_1_34' title='bbox 214 892 331 957; x_wconf 79' lang='lat' dir='ltr'><strong>Refert</strong></span> <span class='ocrx_word' id='word_1_35' title='bbox 354 893 483 959; x_wconf 89' lang='lat' dir='ltr'><strong>Moroni</strong></span> <span class='ocrx_word' id='word_1_36' title='bbox 499 893 533 977; x_wconf 86' lang='lat' dir='ltr'><strong>(l.</strong></span> <span class='ocrx_word' id='word_1_37' title='bbox 549 896 591 969; x_wconf 81' lang='lat' dir='ltr'><strong>c.)</strong></span> <span class='ocrx_word' id='word_1_38' title='bbox 607 892 690 959; x_wconf 89' lang='lat' dir='ltr'><strong>baec</strong></span> <span class='ocrx_word' id='word_1_39' title='bbox 713 893 822 957; x_wconf 88' lang='lat' dir='ltr'><strong>omnia</strong></span> <span class='ocrx_word' id='word_1_40' title='bbox 843 892 1003 977; x_wconf 87' lang='lat' dir='ltr'><strong>usquead</strong></span> <span class='ocrx_word' id='word_1_41' title='bbox 1024 898 1136 959; x_wconf 90' lang='lat' dir='ltr'><strong>nostra</strong></span> <span class='ocrx_word' id='word_1_42' title='bbox 1156 897 1304 977; x_wconf 86' lang='lat' dir='ltr'><strong>tempora</strong></span> 
     </span>
     <span class='ocr_line' id='line_1_7' title="bbox 129 1017 1303 1105; baseline 0 -22"><span class='ocrx_word' id='word_1_43' title='bbox 129 1018 235 1086; x_wconf 82' lang='lat' dir='ltr'><strong>saltem</strong></span> <span class='ocrx_word' id='word_1_44' title='bbox 248 1020 366 1105; x_wconf 72' lang='lat' dir='ltr'><strong>qeaond</strong></span> <span class='ocrx_word' id='word_1_45' title='bbox 379 1017 603 1085; x_wconf 77' lang='lat' dir='ltr'><strong>substantiam</strong></span> <span class='ocrx_word' id='word_1_46' title='bbox 618 1025 749 1085; x_wconf 86' lang='lat' dir='ltr'><strong>servata</strong></span> <span class='ocrx_word' id='word_1_47' title='bbox 763 1018 875 1095; x_wconf 63' lang='lat' dir='ltr'><strong>inissa</strong></span> <span class='ocrx_word' id='word_1_48' title='bbox 891 1037 973 1102; x_wconf 89' lang='lat' dir='ltr'><strong>quae</strong></span> <span class='ocrx_word' id='word_1_49' title='bbox 985 1018 1143 1083; x_wconf 87' lang='lat' dir='ltr'><strong>solemnia</strong></span> <span class='ocrx_word' id='word_1_50' title='bbox 1153 1019 1179 1083; x_wconf 90' lang='lat' dir='ltr'><strong>si</strong></span> <span class='ocrx_word' id='word_1_51' title='bbox 1194 1036 1303 1083; x_wconf 84' lang='lat' dir='ltr'><strong>mores</strong></span> 
     </span>
     <span class='ocr_line' id='line_1_8' title="bbox 130 1141 1302 1227; baseline 0 -21"><span class='ocrx_word' id='word_1_52' title='bbox 130 1142 271 1210; x_wconf 82' lang='lat' dir='ltr'><strong>redolent</strong></span> <span class='ocrx_word' id='word_1_53' title='bbox 286 1145 494 1227; x_wconf 86' lang='lat' dir='ltr'><strong>antiquiores,</strong></span> <span class='ocrx_word' id='word_1_54' title='bbox 519 1148 552 1207; x_wconf 88' lang='lat' dir='ltr'><strong>et</strong></span> <span class='ocrx_word' id='word_1_55' title='bbox 573 1142 614 1211; x_wconf 90' lang='lat' dir='ltr'><strong>ab</strong></span> <span class='ocrx_word' id='word_1_56' title='bbox 636 1142 802 1209; x_wconf 83' lang='lat' dir='ltr'><strong>hodiernis</strong></span> <span class='ocrx_word' id='word_1_57' title='bbox 815 1143 924 1207; x_wconf 89' lang='lat' dir='ltr'><strong>aliena</strong></span> <span class='ocrx_word' id='word_1_58' title='bbox 938 1147 1021 1215; x_wconf 80' lang='lat' dir='ltr'><strong>eunt.</strong></span> <span class='ocrx_word' id='word_1_59' title='bbox 1039 1141 1246 1207; x_wconf 83' lang='lat' dir='ltr'><strong>nihilominus</strong></span> <span class='ocrx_word' id='word_1_60' title='bbox 1268 1145 1302 1206; x_wconf 93' lang='lat' dir='ltr'><strong>in</strong></span> 
     </span>
     <span class='ocr_line' id='line_1_9' title="bbox 128 1266 1302 1355; baseline -0.002 -21"><span class='ocrx_word' id='word_1_61' title='bbox 128 1288 236 1334; x_wconf 85' lang='lat' dir='ltr'><strong>noram</strong></span> <span class='ocrx_word' id='word_1_62' title='bbox 261 1268 400 1333; x_wconf 88' lang='lat' dir='ltr'><strong>formam</strong></span> <span class='ocrx_word' id='word_1_63' title='bbox 423 1270 451 1335; x_wconf 87' lang='lat' dir='ltr'><strong>si</strong></span> <span class='ocrx_word' id='word_1_64' title='bbox 473 1267 665 1355; x_wconf 79' lang='lat' dir='ltr'><strong>redigantur</strong></span> <span class='ocrx_word' id='word_1_65' title='bbox 686 1268 888 1355; x_wconf 86' lang='lat' dir='ltr'><strong>temporibus</strong></span> <span class='ocrx_word' id='word_1_66' title='bbox 918 1274 1179 1349; x_wconf 82' lang='lat' dir='ltr'><strong>consentaneam,</strong></span> <span class='ocrx_word' id='word_1_67' title='bbox 1195 1266 1302 1333; x_wconf 88' lang='lat' dir='ltr'><strong>adhuc</strong></span> 
     </span>
     <span class='ocr_line' id='line_1_10' title="bbox 128 1394 1134 1479; baseline 0.001 -23"><span class='ocrx_word' id='word_1_68' title='bbox 128 1412 270 1479; x_wconf 83' lang='lat' dir='ltr'><strong>magnam</strong></span> <span class='ocrx_word' id='word_1_69' title='bbox 293 1395 512 1461; x_wconf 84' lang='lat' dir='ltr'><strong>reverentiam</strong></span> <span class='ocrx_word' id='word_1_70' title='bbox 536 1394 612 1460; x_wconf 90' lang='lat' dir='ltr'><strong>huic</strong></span> <span class='ocrx_word' id='word_1_71' title='bbox 635 1394 787 1460; x_wconf 91' lang='lat' dir='ltr'><strong>tribunali</strong></span> <span class='ocrx_word' id='word_1_72' title='bbox 813 1394 991 1459; x_wconf 86' lang='lat' dir='ltr'><strong>conciliare</strong></span> <span class='ocrx_word' id='word_1_73' title='bbox 1014 1394 1134 1458; x_wconf 85' lang='lat' dir='ltr'><strong>valent.</strong></span> 
     </span>
    </p>

    <p class='ocr_par' dir='ltr' id='par_1_4' title="bbox 125 1514 1302 1975">
     <span class='ocr_line' id='line_1_11' title="bbox 209 1514 1302 1602; baseline -0.003 -18"><span class='ocrx_word' id='word_1_74' title='bbox 209 1516 263 1584; x_wconf 80' lang='lat'><strong>52.</strong></span> <span class='ocrx_word' id='word_1_75' title='bbox 289 1518 395 1583; x_wconf 83' lang='lat' dir='ltr'><strong>Rotae</strong></span> <span class='ocrx_word' id='word_1_76' title='bbox 419 1518 590 1585; x_wconf 81' lang='lat' dir='ltr'><strong>Auditores</strong></span> <span class='ocrx_word' id='word_1_77' title='bbox 613 1520 645 1585; x_wconf 91' lang='lat' dir='ltr'><strong>in</strong></span> <span class='ocrx_word' id='word_1_78' title='bbox 669 1538 728 1584; x_wconf 87' lang='lat' dir='ltr'><strong>suo</strong></span> <span class='ocrx_word' id='word_1_79' title='bbox 755 1514 865 1583; x_wconf 84' lang='lat' dir='ltr'><strong>otflcio</strong></span> <span class='ocrx_word' id='word_1_80' title='bbox 892 1515 1090 1602; x_wconf 87' lang='lat' dir='ltr'><strong>capessendo</strong></span> <span class='ocrx_word' id='word_1_81' title='bbox 1113 1516 1302 1584; x_wconf 89' lang='lat' dir='ltr'><strong>solemniter</strong></span> 
     </span>
     <span class='ocr_line' id='line_1_12' title="bbox 126 1640 1300 1727; baseline 0.001 -23"><span class='ocrx_word' id='word_1_82' title='bbox 126 1661 164 1705; x_wconf 91' lang='lat' dir='ltr'><strong>ex</strong></span> <span class='ocrx_word' id='word_1_83' title='bbox 185 1644 389 1727; x_wconf 81' lang='lat' dir='ltr'><strong>praescripto</strong></span> <span class='ocrx_word' id='word_1_84' title='bbox 412 1641 534 1709; x_wconf 84' lang='lat' dir='ltr'><strong>Urbani</strong></span> <span class='ocrx_word' id='word_1_85' title='bbox 557 1643 641 1709; x_wconf 91' lang='lat' dir='ltr'><strong>Vlll</strong></span> <span class='ocrx_word' id='word_1_86' title='bbox 675 1645 858 1707; x_wconf 89' lang='lat' dir='ltr'><strong>iuramento</strong></span> <span class='ocrx_word' id='word_1_87' title='bbox 880 1662 917 1707; x_wconf 89' lang='lat' dir='ltr'><strong>se</strong></span> <span class='ocrx_word' id='word_1_88' title='bbox 939 1640 1145 1727; x_wconf 85' lang='lat' dir='ltr'><strong>obstringunt</strong></span> <span class='ocrx_word' id='word_1_89' title='bbox 1166 1640 1207 1705; x_wconf 85' lang='lat' dir='ltr'><strong>ud</strong></span> <span class='ocrx_word' id='word_1_90' title='bbox 1230 1662 1300 1705; x_wconf 91' lang='lat' dir='ltr'><strong>ser-</strong></span> 
     </span>
     <span class='ocr_line' id='line_1_13' title="bbox 126 1763 1301 1849; baseline 0.003 -24"><span class='ocrx_word' id='word_1_91' title='bbox 126 1765 258 1829; x_wconf 85' lang='lat' dir='ltr'><strong>vandum</strong></span> <span class='ocrx_word' id='word_1_92' title='bbox 294 1770 456 1831; x_wconf 87' lang='lat' dir='ltr'><strong>secretum</strong></span> <span class='ocrx_word' id='word_1_93' title='bbox 492 1766 580 1830; x_wconf 91' lang='lat' dir='ltr'><strong>circa</strong></span> <span class='ocrx_word' id='word_1_94' title='bbox 604 1784 643 1830; x_wconf 87' lang='lat' dir='ltr'><strong>ea</strong></span> <span class='ocrx_word' id='word_1_95' title='bbox 665 1766 774 1829; x_wconf 90' lang='lat' dir='ltr'><strong>omnia</strong></span> <span class='ocrx_word' id='word_1_96' title='bbox 802 1765 941 1849; x_wconf 86' lang='lat' dir='ltr'><strong>quaein</strong></span> <span class='ocrx_word' id='word_1_97' title='bbox 967 1763 1051 1827; x_wconf 84' lang='lat' dir='ltr'><strong>ltota</strong></span> <span class='ocrx_word' id='word_1_98' title='bbox 1073 1784 1133 1849; x_wconf 92' lang='lat' dir='ltr'><strong>pro</strong></span> <span class='ocrx_word' id='word_1_99' title='bbox 1164 1763 1301 1849; x_wconf 81' lang='lat' dir='ltr'><strong>negotiis</strong></span> 
     </span>
     <span class='ocr_line' id='line_1_14' title="bbox 125 1885 1302 1975; baseline 0 -24"><span class='ocrx_word' id='word_1_100' title='bbox 125 1887 330 1973; x_wconf 80' lang='lat' dir='ltr'><strong>expediendis</strong></span> <span class='ocrx_word' id='word_1_101' title='bbox 353 1888 552 1954; x_wconf 89' lang='lat' dir='ltr'><strong>iudicialibus</strong></span> <span class='ocrx_word' id='word_1_102' title='bbox 574 1890 644 1955; x_wconf 89' lang='lat' dir='ltr'><strong>sive</strong></span> <span class='ocrx_word' id='word_1_103' title='bbox 670 1888 856 1975; x_wconf 86' lang='lat' dir='ltr'><strong>singillatim</strong></span> <span class='ocrx_word' id='word_1_104' title='bbox 881 1886 922 1953; x_wconf 92' lang='lat' dir='ltr'><strong>ab</strong></span> <span class='ocrx_word' id='word_1_105' title='bbox 947 1887 1155 1953; x_wconf 83' lang='lat' dir='ltr'><strong>Auditoribus</strong></span> <span class='ocrx_word' id='word_1_106' title='bbox 1186 1885 1302 1951; x_wconf 91' lang='lat' dir='ltr'><strong>delibe-</strong></span> 
     </span>
    </p>
   </div>
   <div class='ocr_carea' id='block_1_3' title="bbox 126 2010 1300 2101">
    <p class='ocr_par' dir='ltr' id='par_1_5' title="bbox 126 2010 1300 2101">
     <span class='ocr_line' id='line_1_15' title="bbox 126 2010 1300 2101; baseline 0.001 -25"><span class='ocrx_word' id='word_1_107' title='bbox 126 2017 249 2086; x_wconf 90' lang='lat' dir='ltr'><strong>rantur,</strong></span> <span class='ocrx_word' id='word_1_108' title='bbox 281 2016 353 2080; x_wconf 84' lang='lat' dir='ltr'><strong>sive</strong></span> <span class='ocrx_word' id='word_1_109' title='bbox 380 2013 593 2101; x_wconf 82' lang='lat' dir='ltr'><strong>collegialiter</strong></span> <span class='ocrx_word' id='word_1_110' title='bbox 622 2020 807 2079; x_wconf 87' lang='lat' dir='ltr'><strong>tractantur</strong></span> <span class='ocrx_word' id='word_1_111' title='bbox 834 2020 868 2080; x_wconf 91' lang='lat' dir='ltr'><strong>et</strong></span> <span class='ocrx_word' id='word_1_112' title='bbox 898 2010 1106 2079; x_wconf 84' lang='lat' dir='ltr'><strong>definiuntur.</strong></span> <span class='ocrx_word' id='word_1_113' title='bbox 1132 2048 1150 2062; x_wconf 96' lang='lat'><em>-</em></span> <span class='ocrx_word' id='word_1_114' title='bbox 1175 2013 1300 2079; x_wconf 87' lang='lat' dir='ltr'><strong>Secreti</strong></span> 
     </span>
    </p>
   </div>
   <div class='ocr_carea' id='block_1_4' title="bbox 119 2137 1300 4458">
    <p class='ocr_par' dir='ltr' id='par_1_6' title="bbox 119 2137 1300 3714">
     <span class='ocr_line' id='line_1_16' title="bbox 123 2137 1297 2225; baseline 0.003 -24"><span class='ocrx_word' id='word_1_115' title='bbox 123 2138 268 2204; x_wconf 77' lang='lat' dir='ltr'><strong>seruandi</strong></span> <span class='ocrx_word' id='word_1_116' title='bbox 301 2140 408 2205; x_wconf 85' lang='lat' dir='ltr'><strong>iurata</strong></span> <span class='ocrx_word' id='word_1_117' title='bbox 439 2138 589 2225; x_wconf 80' lang='lat' dir='ltr'><strong>obligatio</strong></span> <span class='ocrx_word' id='word_1_118' title='bbox 612 2140 786 2204; x_wconf 86' lang='lat' dir='ltr'><strong>assumitur</strong></span> <span class='ocrx_word' id='word_1_119' title='bbox 808 2139 905 2203; x_wconf 89' lang='lat' dir='ltr'><strong>etiam</strong></span> <span class='ocrx_word' id='word_1_120' title='bbox 928 2138 969 2204; x_wconf 90' lang='lat' dir='ltr'><strong>ab</strong></span> <span class='ocrx_word' id='word_1_121' title='bbox 992 2140 1032 2203; x_wconf 92' lang='lat' dir='ltr'><strong>iis</strong></span> <span class='ocrx_word' id='word_1_122' title='bbox 1056 2138 1110 2223; x_wconf 88' lang='lat' dir='ltr'><strong>qui</strong></span> <span class='ocrx_word' id='word_1_123' title='bbox 1133 2137 1297 2204; x_wconf 87' lang='lat' dir='ltr'><strong>Auditoris</strong></span> 
     </span>
     <span class='ocr_line' id='line_1_17' title="bbox 124 2262 1300 2331; baseline -0.001 -3"><span class='ocrx_word' id='word_1_124' title='bbox 124 2262 278 2330; x_wconf 83' lang='lat' dir='ltr'><strong>Studium</strong></span> <span class='ocrx_word' id='word_1_125' title='bbox 294 2266 503 2331; x_wconf 88' lang='lat' dir='ltr'><strong>constituunt.</strong></span> <span class='ocrx_word' id='word_1_126' title='bbox 519 2264 624 2329; x_wconf 86' lang='lat' dir='ltr'><strong>Vetus</strong></span> <span class='ocrx_word' id='word_1_127' title='bbox 640 2265 725 2329; x_wconf 92' lang='lat' dir='ltr'><strong>enim</strong></span> <span class='ocrx_word' id='word_1_128' title='bbox 741 2266 790 2329; x_wconf 91' lang='lat' dir='ltr'><strong>est</strong></span> <span class='ocrx_word' id='word_1_129' title='bbox 805 2268 838 2329; x_wconf 91' lang='lat' dir='ltr'><strong>et</strong></span> <span class='ocrx_word' id='word_1_130' title='bbox 853 2262 1021 2328; x_wconf 87' lang='lat' dir='ltr'><strong>admodum</strong></span> <span class='ocrx_word' id='word_1_131' title='bbox 1038 2262 1206 2329; x_wconf 87' lang='lat' dir='ltr'><strong>laudabilis</strong></span> <span class='ocrx_word' id='word_1_132' title='bbox 1229 2283 1300 2328; x_wconf 90' lang='lat' dir='ltr'><strong>mos</strong></span> 
     </span>
     <span class='ocr_line' id='line_1_18' title="bbox 123 2387 1299 2471; baseline 0.003 -19"><span class='ocrx_word' id='word_1_133' title='bbox 123 2388 272 2471; x_wconf 89' lang='lat' dir='ltr'><strong>incuria,</strong></span> <span class='ocrx_word' id='word_1_134' title='bbox 297 2394 334 2455; x_wconf 90' lang='lat' dir='ltr'><strong>ut</strong></span> <span class='ocrx_word' id='word_1_135' title='bbox 357 2392 391 2455; x_wconf 95' lang='lat' dir='ltr'><strong>in</strong></span> <span class='ocrx_word' id='word_1_136' title='bbox 413 2388 587 2455; x_wconf 87' lang='lat' dir='ltr'><strong>maioribus</strong></span> <span class='ocrx_word' id='word_1_137' title='bbox 608 2388 824 2455; x_wconf 88' lang='lat' dir='ltr'><strong>tribunalibus</strong></span> <span class='ocrx_word' id='word_1_138' title='bbox 848 2387 945 2454; x_wconf 89' lang='lat' dir='ltr'><strong>iudex</strong></span> <span class='ocrx_word' id='word_1_139' title='bbox 968 2409 1061 2453; x_wconf 92' lang='lat' dir='ltr'><strong>suum</strong></span> <span class='ocrx_word' id='word_1_140' title='bbox 1085 2388 1203 2456; x_wconf 89' lang='lat' dir='ltr'><strong>habeat</strong></span> <span class='ocrx_word' id='word_1_141' title='bbox 1226 2390 1299 2455; x_wconf 71' lang='lat' dir='ltr'><strong>Stre</strong></span> 
     </span>
     <span class='ocr_line' id='line_1_19' title="bbox 123 2510 1297 2599; baseline 0.003 -25"><span class='ocrx_word' id='word_1_142' title='bbox 123 2510 221 2594; x_wconf 78' lang='lat' dir='ltr'><strong>diurn,</strong></span> <span class='ocrx_word' id='word_1_143' title='bbox 243 2515 297 2579; x_wconf 93' lang='lat' dir='ltr'><strong>cui</strong></span> <span class='ocrx_word' id='word_1_144' title='bbox 322 2512 513 2579; x_wconf 86' lang='lat' dir='ltr'><strong>addicantur</strong></span> <span class='ocrx_word' id='word_1_145' title='bbox 536 2512 661 2599; x_wconf 89' lang='lat' dir='ltr'><strong>probati</strong></span> <span class='ocrx_word' id='word_1_146' title='bbox 693 2514 828 2579; x_wconf 86' lang='lat' dir='ltr'><strong>iuvenes</strong></span> <span class='ocrx_word' id='word_1_147' title='bbox 851 2514 903 2597; x_wconf 88' lang='lat' dir='ltr'><strong>qui</strong></span> <span class='ocrx_word' id='word_1_148' title='bbox 929 2511 1065 2577; x_wconf 91' lang='lat' dir='ltr'><strong>iudicem</strong></span> <span class='ocrx_word' id='word_1_149' title='bbox 1088 2512 1242 2578; x_wconf 88' lang='lat' dir='ltr'><strong>adiuvent</strong></span> <span class='ocrx_word' id='word_1_150' title='bbox 1266 2514 1297 2578; x_wconf 92' lang='lat' dir='ltr'><strong>in</strong></span> 
     </span>
     <span class='ocr_line' id='line_1_20' title="bbox 122 2636 1300 2723; baseline 0.003 -24"><span class='ocrx_word' id='word_1_151' title='bbox 122 2638 218 2701; x_wconf 84' lang='lat' dir='ltr'><strong>studio</strong></span> <span class='ocrx_word' id='word_1_152' title='bbox 242 2656 418 2703; x_wconf 88' lang='lat' dir='ltr'><strong>causarum</strong></span> <span class='ocrx_word' id='word_1_153' title='bbox 442 2636 663 2704; x_wconf 84' lang='lat' dir='ltr'><strong>incumbentes</strong></span> <span class='ocrx_word' id='word_1_154' title='bbox 682 2638 715 2702; x_wconf 92' lang='lat' dir='ltr'><strong>in</strong></span> <span class='ocrx_word' id='word_1_155' title='bbox 738 2637 925 2723; x_wconf 88' lang='lat' dir='ltr'><strong>diligentem</strong></span> <span class='ocrx_word' id='word_1_156' title='bbox 950 2638 1144 2722; x_wconf 85' lang='lat' dir='ltr'><strong>quaestionis</strong></span> <span class='ocrx_word' id='word_1_157' title='bbox 1169 2637 1245 2702; x_wconf 88' lang='lat' dir='ltr'><strong>tacti</strong></span> <span class='ocrx_word' id='word_1_158' title='bbox 1266 2642 1300 2702; x_wconf 91' lang='lat' dir='ltr'><strong>et</strong></span> 
     </span>
     <span class='ocr_line' id='line_1_21' title="bbox 124 2758 1299 2847; baseline 0.003 -24"><span class='ocrx_word' id='word_1_159' title='bbox 124 2761 193 2827; x_wconf 86' lang='lat' dir='ltr'><strong>iuris</strong></span> <span class='ocrx_word' id='word_1_160' title='bbox 213 2762 465 2846; x_wconf 88' lang='lat' dir='ltr'><strong>inquisitionem.</strong></span> <span class='ocrx_word' id='word_1_161' title='bbox 492 2796 509 2809; x_wconf 94' lang='lat'>-</span> <span class='ocrx_word' id='word_1_162' title='bbox 533 2758 661 2826; x_wconf 84' lang='lat' dir='ltr'><strong>Exinde</strong></span> <span class='ocrx_word' id='word_1_163' title='bbox 686 2763 774 2827; x_wconf 89' lang='lat' dir='ltr'><strong>enim</strong></span> <span class='ocrx_word' id='word_1_164' title='bbox 797 2760 893 2826; x_wconf 91' lang='lat' dir='ltr'><strong>iudici</strong></span> <span class='ocrx_word' id='word_1_165' title='bbox 918 2782 1066 2846; x_wconf 85' lang='lat' dir='ltr'><strong>magnum</strong></span> <span class='ocrx_word' id='word_1_166' title='bbox 1091 2766 1299 2847; x_wconf 86' lang='lat' dir='ltr'><strong>comparatur</strong></span> 
     </span>
     <span class='ocr_line' id='line_1_22' title="bbox 122 2884 1297 2970; baseline 0.001 -22"><span class='ocrx_word' id='word_1_167' title='bbox 122 2885 293 2961; x_wconf 87' lang='lat' dir='ltr'><strong>auxilium;</strong></span> <span class='ocrx_word' id='word_1_168' title='bbox 317 2884 485 2951; x_wconf 83' lang='lat' dir='ltr'><strong>iuvenibus</strong></span> <span class='ocrx_word' id='word_1_169' title='bbox 506 2904 587 2950; x_wconf 84' lang='lat' dir='ltr'><strong>vero</strong></span> <span class='ocrx_word' id='word_1_170' title='bbox 617 2886 736 2969; x_wconf 89' lang='lat' dir='ltr'><strong>optima</strong></span> <span class='ocrx_word' id='word_1_171' title='bbox 765 2884 877 2951; x_wconf 88' lang='lat' dir='ltr'><strong>schola</strong></span> <span class='ocrx_word' id='word_1_172' title='bbox 907 2904 964 2949; x_wconf 87' lang='lat' dir='ltr'><strong>seu</strong></span> <span class='ocrx_word' id='word_1_173' title='bbox 987 2885 1150 2969; x_wconf 88' lang='lat' dir='ltr'><strong>palaestra</strong></span> <span class='ocrx_word' id='word_1_174' title='bbox 1172 2905 1236 2970; x_wconf 93' lang='lat' dir='ltr'><strong>qua</strong></span> <span class='ocrx_word' id='word_1_175' title='bbox 1264 2886 1297 2949; x_wconf 95' lang='lat' dir='ltr'><strong>in</strong></span> 
     </span>
     <span class='ocr_line' id='line_1_23' title="bbox 124 3007 1298 3091; baseline 0.002 -17"><span class='ocrx_word' id='word_1_176' title='bbox 124 3010 243 3091; x_wconf 88' lang='lat' dir='ltr'><strong>praxim</strong></span> <span class='ocrx_word' id='word_1_177' title='bbox 272 3007 447 3074; x_wconf 89' lang='lat' dir='ltr'><strong>traducant</strong></span> <span class='ocrx_word' id='word_1_178' title='bbox 475 3007 656 3075; x_wconf 88' lang='lat' dir='ltr'><strong>abstractas</strong></span> <span class='ocrx_word' id='word_1_179' title='bbox 687 3009 768 3074; x_wconf 87' lang='lat' dir='ltr'><strong>iuris</strong></span> <span class='ocrx_word' id='word_1_180' title='bbox 800 3010 959 3075; x_wconf 87' lang='lat' dir='ltr'><strong>notiones.</strong></span> <span class='ocrx_word' id='word_1_181' title='bbox 985 3044 1002 3057; x_wconf 94' lang='lat'><em>-</em></span> <span class='ocrx_word' id='word_1_182' title='bbox 1030 3010 1133 3075; x_wconf 86' lang='lat' dir='ltr'><strong>Rotae</strong></span> <span class='ocrx_word' id='word_1_183' title='bbox 1159 3010 1298 3077; x_wconf 90' lang='lat' dir='ltr'><strong>Auditor</strong></span> 
     </span>
     <span class='ocr_line' id='line_1_24' title="bbox 123 3132 1297 3200; baseline 0.004 -7"><span class='ocrx_word' id='word_1_184' title='bbox 123 3150 205 3195; x_wconf 85' lang='lat' dir='ltr'><strong>suum</strong></span> <span class='ocrx_word' id='word_1_185' title='bbox 229 3132 334 3197; x_wconf 89' lang='lat' dir='ltr'><strong>habet</strong></span> <span class='ocrx_word' id='word_1_186' title='bbox 356 3132 469 3197; x_wconf 78' lang='lat' dir='ltr'><strong>Sbeclii</strong></span> <span class='ocrx_word' id='word_1_187' title='bbox 495 3132 674 3199; x_wconf 90' lang='lat' dir='ltr'><strong>adiutorem</strong></span> <span class='ocrx_word' id='word_1_188' title='bbox 705 3152 766 3198; x_wconf 85' lang='lat' dir='ltr'><strong>seu</strong></span> <span class='ocrx_word' id='word_1_189' title='bbox 795 3132 973 3199; x_wconf 84' lang='lat' dir='ltr'><strong>auditorem</strong></span> <span class='ocrx_word' id='word_1_190' title='bbox 998 3138 1031 3198; x_wconf 91' lang='lat' dir='ltr'><strong>et</strong></span> <span class='ocrx_word' id='word_1_191' title='bbox 1054 3154 1152 3200; x_wconf 90' lang='lat' dir='ltr'><strong>unum</strong></span> <span class='ocrx_word' id='word_1_192' title='bbox 1171 3140 1227 3199; x_wconf 88' lang='lat' dir='ltr'><strong>aut</strong></span> <span class='ocrx_word' id='word_1_193' title='bbox 1248 3134 1297 3198; x_wconf 88' lang='lat' dir='ltr'><strong>al·</strong></span> 
     </span>
     <span class='ocr_line' id='line_1_25' title="bbox 122 3253 1297 3341; baseline 0.003 -25"><span class='ocrx_word' id='word_1_194' title='bbox 122 3256 219 3318; x_wconf 88' lang='lat' dir='ltr'><strong>terum</strong></span> <span class='ocrx_word' id='word_1_195' title='bbox 244 3253 427 3320; x_wconf 84' lang='lat' dir='ltr'><strong>adiutorem</strong></span> <span class='ocrx_word' id='word_1_196' title='bbox 445 3253 564 3328; x_wconf 74' lang='lat' dir='ltr'><strong>Stadii,</strong></span> <span class='ocrx_word' id='word_1_197' title='bbox 578 3256 631 3338; x_wconf 94' lang='lat' dir='ltr'><strong>qni</strong></span> <span class='ocrx_word' id='word_1_198' title='bbox 654 3254 774 3321; x_wconf 83' lang='lat' dir='ltr'><strong>secreti</strong></span> <span class='ocrx_word' id='word_1_199' title='bbox 798 3256 832 3335; x_wconf 90' lang='lat' dir='ltr'><strong>(a</strong></span> <span class='ocrx_word' id='word_1_200' title='bbox 855 3254 940 3320; x_wconf 87' lang='lat' dir='ltr'><strong>dicta</strong></span> <span class='ocrx_word' id='word_1_201' title='bbox 962 3255 1069 3320; x_wconf 88' lang='lat' dir='ltr'><strong>iurata</strong></span> <span class='ocrx_word' id='word_1_202' title='bbox 1091 3253 1297 3341; x_wconf 87' lang='lat' dir='ltr'><strong>obligatione)</strong></span> 
     </span>
     <span class='ocr_line' id='line_1_26' title="bbox 122 3380 1297 3468; baseline 0.006 -25"><span class='ocrx_word' id='word_1_203' title='bbox 122 3384 225 3447; x_wconf 83' lang='lat' dir='ltr'><strong>vocari</strong></span> <span class='ocrx_word' id='word_1_204' title='bbox 250 3381 368 3447; x_wconf 91' lang='lat' dir='ltr'><strong>solent.</strong></span> <span class='ocrx_word' id='word_1_205' title='bbox 395 3382 431 3446; x_wconf 91' lang='lat' dir='ltr'><strong>lu</strong></span> <span class='ocrx_word' id='word_1_206' title='bbox 456 3382 554 3447; x_wconf 83' lang='lat' dir='ltr'><strong>Curia</strong></span> <span class='ocrx_word' id='word_1_207' title='bbox 576 3402 635 3468; x_wconf 92' lang='lat' dir='ltr'><strong>pro</strong></span> <span class='ocrx_word' id='word_1_208' title='bbox 659 3380 828 3448; x_wconf 89' lang='lat' dir='ltr'><strong>altioribus</strong></span> <span class='ocrx_word' id='word_1_209' title='bbox 852 3382 1032 3449; x_wconf 89' lang='lat' dir='ltr'><strong>obtinendis</strong></span> <span class='ocrx_word' id='word_1_210' title='bbox 1055 3380 1170 3448; x_wconf 82' lang='lat' dir='ltr'><strong>officiis</strong></span> <span class='ocrx_word' id='word_1_211' title='bbox 1200 3404 1297 3468; x_wconf 90' lang='lat' dir='ltr'><strong>usque</strong></span> 
     </span>
     <span class='ocr_line' id='line_1_27' title="bbox 121 3503 1297 3592; baseline 0.003 -25"><span class='ocrx_word' id='word_1_212' title='bbox 121 3522 234 3591; x_wconf 87' lang='lat' dir='ltr'><strong>magna</strong></span> <span class='ocrx_word' id='word_1_213' title='bbox 256 3505 331 3571; x_wconf 84' lang='lat' dir='ltr'><strong>laus</strong></span> <span class='ocrx_word' id='word_1_214' title='bbox 353 3505 423 3587; x_wconf 85' lang='lat' dir='ltr'><strong>tuit,</strong></span> <span class='ocrx_word' id='word_1_215' title='bbox 439 3503 558 3572; x_wconf 80' lang='lat' dir='ltr'><strong>Studio</strong></span> <span class='ocrx_word' id='word_1_216' title='bbox 583 3506 681 3571; x_wconf 86' lang='lat' dir='ltr'><strong>tuisse</strong></span> <span class='ocrx_word' id='word_1_217' title='bbox 705 3506 866 3572; x_wconf 85' lang='lat' dir='ltr'><strong>addietum</strong></span> <span class='ocrx_word' id='word_1_218' title='bbox 890 3505 1055 3572; x_wconf 81' lang='lat' dir='ltr'><strong>Auditoris</strong></span> <span class='ocrx_word' id='word_1_219' title='bbox 1072 3508 1184 3588; x_wconf 86' lang='lat' dir='ltr'><strong>Rotae,</strong></span> <span class='ocrx_word' id='word_1_220' title='bbox 1202 3527 1297 3592; x_wconf 88' lang='lat' dir='ltr'><strong>prae-</strong></span> 
     </span>
     <span class='ocr_line' id='line_1_28' title="bbox 119 3626 939 3714; baseline 0.01 -26"><span class='ocrx_word' id='word_1_221' title='bbox 119 3628 206 3711; x_wconf 92' lang='lat' dir='ltr'><strong>cipue</strong></span> <span class='ocrx_word' id='word_1_222' title='bbox 229 3647 331 3713; x_wconf 91' lang='lat' dir='ltr'><strong>quum</strong></span> <span class='ocrx_word' id='word_1_223' title='bbox 354 3628 409 3693; x_wconf 91' lang='lat' dir='ltr'><strong>bic</strong></span> <span class='ocrx_word' id='word_1_224' title='bbox 433 3626 611 3693; x_wconf 88' lang='lat' dir='ltr'><strong>doctrinae</strong></span> <span class='ocrx_word' id='word_1_225' title='bbox 634 3628 721 3695; x_wconf 85' lang='lat' dir='ltr'><strong>fama</strong></span> <span class='ocrx_word' id='word_1_226' title='bbox 746 3635 939 3714; x_wconf 89' lang='lat' dir='ltr'><strong>praestaret.</strong></span> 
     </span>
    </p>

    <p class='ocr_par' dir='ltr' id='par_1_7' title="bbox 120 3751 1298 4458">
     <span class='ocr_line' id='line_1_29' title="bbox 202 3751 1297 3840; baseline 0.003 -21"><span class='ocrx_word' id='word_1_227' title='bbox 202 3753 259 3819; x_wconf 79' lang='lat'><strong>53.</strong></span> <span class='ocrx_word' id='word_1_228' title='bbox 286 3751 413 3819; x_wconf 83' lang='lat' dir='ltr'><strong>Iudices</strong></span> <span class='ocrx_word' id='word_1_229' title='bbox 431 3752 462 3818; x_wconf 88' lang='lat' dir='ltr'><strong>S.</strong></span> <span class='ocrx_word' id='word_1_230' title='bbox 481 3754 592 3827; x_wconf 87' lang='lat' dir='ltr'><strong>Rotae,</strong></span> <span class='ocrx_word' id='word_1_231' title='bbox 606 3756 722 3840; x_wconf 90' lang='lat' dir='ltr'><strong>quippe</strong></span> <span class='ocrx_word' id='word_1_232' title='bbox 739 3754 912 3821; x_wconf 80' lang='lat' dir='ltr'><strong>Auditores</strong></span> <span class='ocrx_word' id='word_1_233' title='bbox 935 3776 1106 3822; x_wconf 90' lang='lat' dir='ltr'><strong>causarum</strong></span> <span class='ocrx_word' id='word_1_234' title='bbox 1127 3755 1159 3821; x_wconf 89' lang='lat' dir='ltr'><strong>S.</strong></span> <span class='ocrx_word' id='word_1_235' title='bbox 1180 3757 1297 3823; x_wconf 87' lang='lat' dir='ltr'><strong>Palatii</strong></span> 
     </span>
     <span class='ocr_line' id='line_1_30' title="bbox 121 3873 1298 3964; baseline 0.008 -29"><span class='ocrx_word' id='word_1_236' title='bbox 121 3876 151 3936; x_wconf 91' lang='lat' dir='ltr'><strong>et</strong></span> <span class='ocrx_word' id='word_1_237' title='bbox 173 3874 284 3959; x_wconf 88' lang='lat' dir='ltr'><strong>Papae</strong></span> <span class='ocrx_word' id='word_1_238' title='bbox 304 3873 467 3959; x_wconf 85' lang='lat' dir='ltr'><strong>Capeliani</strong></span> <span class='ocrx_word' id='word_1_239' title='bbox 492 3880 525 3939; x_wconf 92' lang='lat' dir='ltr'><strong>et</strong></span> <span class='ocrx_word' id='word_1_240' title='bbox 548 3876 728 3949; x_wconf 86' lang='lat' dir='ltr'><strong>Domestici‚</strong></span> <span class='ocrx_word' id='word_1_241' title='bbox 742 3896 920 3963; x_wconf 85' lang='lat' dir='ltr'><strong>congruam</strong></span> <span class='ocrx_word' id='word_1_242' title='bbox 943 3880 1210 3945; x_wconf 88' lang='lat' dir='ltr'><strong>sustentationem</strong></span> <span class='ocrx_word' id='word_1_243' title='bbox 1227 3899 1298 3964; x_wconf 91' lang='lat' dir='ltr'><strong>per·</strong></span> 
     </span>
     <span class='ocr_line' id='line_1_31' title="bbox 120 3978 1295 4083; baseline 0.006 -24"><span class='ocrx_word' id='word_1_244' title='bbox 120 3995 281 4081; x_wconf 88' lang='lat' dir='ltr'><strong>cipiebant</strong></span> <span class='ocrx_word' id='word_1_245' title='bbox 292 3978 335 4063; x_wconf 87' lang='lat' dir='ltr'><strong>ex</strong></span> <span class='ocrx_word' id='word_1_246' title='bbox 351 3998 426 4083; x_wconf 90' lang='lat' dir='ltr'><strong>ipsis</strong></span> <span class='ocrx_word' id='word_1_247' title='bbox 442 3996 596 4064; x_wconf 90' lang='lat' dir='ltr'><strong>reditibus</strong></span> <span class='ocrx_word' id='word_1_248' title='bbox 612 3997 725 4083; x_wconf 91' lang='lat' dir='ltr'><strong>quibus</strong></span> <span class='ocrx_word' id='word_1_249' title='bbox 739 4000 891 4065; x_wconf 82' lang='lat' dir='ltr'><strong>Pontifex</strong></span> <span class='ocrx_word' id='word_1_250' title='bbox 906 4022 997 4066; x_wconf 90' lang='lat' dir='ltr'><strong>suam</strong></span> <span class='ocrx_word' id='word_1_251' title='bbox 1010 4001 1162 4067; x_wconf 83' lang='lat' dir='ltr'><strong>familiam</strong></span> <span class='ocrx_word' id='word_1_252' title='bbox 1178 4002 1295 4068; x_wconf 86' lang='lat' dir='ltr'><strong>alebat.</strong></span> 
     </span>
     <span class='ocr_line' id='line_1_32' title="bbox 123 4121 1297 4213; baseline 0.009 -25"><span class='ocrx_word' id='word_1_253' title='bbox 123 4121 222 4189; x_wconf 87' lang='lat' dir='ltr'><strong>Hodie</strong></span> <span class='ocrx_word' id='word_1_254' title='bbox 246 4126 299 4190; x_wconf 90' lang='lat' dir='ltr'><strong>isti</strong></span> <span class='ocrx_word' id='word_1_255' title='bbox 322 4144 387 4190; x_wconf 92' lang='lat' dir='ltr'><strong>non</strong></span> <span class='ocrx_word' id='word_1_256' title='bbox 410 4146 503 4191; x_wconf 85' lang='lat' dir='ltr'><strong>secus</strong></span> <span class='ocrx_word' id='word_1_257' title='bbox 525 4146 565 4191; x_wconf 87' lang='lat' dir='ltr'><strong>ac</strong></span> <span class='ocrx_word' id='word_1_258' title='bbox 586 4126 642 4192; x_wconf 87' lang='lat' dir='ltr'><strong>alii</strong></span> <span class='ocrx_word' id='word_1_259' title='bbox 668 4126 811 4193; x_wconf 88' lang='lat' dir='ltr'><strong>Praelati</strong></span> <span class='ocrx_word' id='word_1_260' title='bbox 836 4130 888 4213; x_wconf 91' lang='lat' dir='ltr'><strong>qui</strong></span> <span class='ocrx_word' id='word_1_261' title='bbox 913 4129 988 4194; x_wconf 91' lang='lat' dir='ltr'><strong>olim</strong></span> <span class='ocrx_word' id='word_1_262' title='bbox 1005 4131 1037 4195; x_wconf 92' lang='lat' dir='ltr'><strong>in</strong></span> <span class='ocrx_word' id='word_1_263' title='bbox 1060 4131 1191 4197; x_wconf 91' lang='lat' dir='ltr'><strong>aedibus</strong></span> <span class='ocrx_word' id='word_1_264' title='bbox 1215 4133 1297 4199; x_wconf 91' lang='lat' dir='ltr'><strong>Pon·</strong></span> 
     </span>
     <span class='ocr_line' id='line_1_33' title="bbox 121 4242 1297 4338; baseline 0.012 -29"><span class='ocrx_word' id='word_1_265' title='bbox 121 4242 223 4312; x_wconf 86' lang='lat' dir='ltr'><strong>titlciis</strong></span> <span class='ocrx_word' id='word_1_266' title='bbox 247 4248 281 4312; x_wconf 97' lang='lat' dir='ltr'><strong>in</strong></span> <span class='ocrx_word' id='word_1_267' title='bbox 304 4266 401 4313; x_wconf 90' lang='lat' dir='ltr'><strong>unam</strong></span> <span class='ocrx_word' id='word_1_268' title='bbox 424 4249 578 4316; x_wconf 82' lang='lat' dir='ltr'><strong>familiam</strong></span> <span class='ocrx_word' id='word_1_269' title='bbox 602 4250 895 4334; x_wconf 88' lang='lat' dir='ltr'><strong>commorabantur,</strong></span> <span class='ocrx_word' id='word_1_270' title='bbox 921 4253 1030 4338; x_wconf 88' lang='lat' dir='ltr'><strong>Papae</strong></span> <span class='ocrx_word' id='word_1_271' title='bbox 1053 4257 1297 4323; x_wconf 64' lang='lat' dir='ltr'><strong>commacules</strong></span> 
     </span>
     <span class='ocr_line' id='line_1_34' title="bbox 122 4369 1294 4458; baseline 0.011 -28"><span class='ocrx_word' id='word_1_272' title='bbox 122 4369 333 4453; x_wconf 87' lang='lat' dir='ltr'><strong>appellantur,</strong></span> <span class='ocrx_word' id='word_1_273' title='bbox 351 4370 407 4436; x_wconf 89' lang='lat' dir='ltr'><strong>aed</strong></span> <span class='ocrx_word' id='word_1_274' title='bbox 422 4392 537 4458; x_wconf 88' lang='lat' dir='ltr'><strong>reapse</strong></span> <span class='ocrx_word' id='word_1_275' title='bbox 554 4373 750 4440; x_wconf 89' lang='lat' dir='ltr'><strong>iamdudum</strong></span> <span class='ocrx_word' id='word_1_276' title='bbox 769 4379 864 4440; x_wconf 90' lang='lat' dir='ltr'><strong>extra</strong></span> <span class='ocrx_word' id='word_1_277' title='bbox 882 4374 979 4443; x_wconf 88' lang='lat' dir='ltr'><strong>aedes</strong></span> <span class='ocrx_word' id='word_1_278' title='bbox 995 4375 1180 4443; x_wconf 83' lang='lat' dir='ltr'><strong>Pontificius</strong></span> <span class='ocrx_word' id='word_1_279' title='bbox 1195 4378 1294 4443; x_wconf 88' lang='lat' dir='ltr'><strong>vitam</strong></span> 
     </span>
    </p>
   </div>
   <div class='ocr_carea' id='block_1_5' title="bbox 0 0 1650 5109">
    <p class='ocr_par' dir='ltr' id='par_1_8' title="bbox 0 0 1650 5109">
     <span class='ocr_line' id='line_1_35' title="bbox 0 0 1650 5109; baseline 0 4"><span class='ocrx_word' id='word_1_280' title='bbox 0 0 1650 5109; x_wconf 95' lang='lat' dir='ltr'><strong> </strong></span> 
     </span>
    </p>
   </div>
  </div>
 </body>
</html>
