3292 5109
472 272 517 321 nn
540 271 679 321 runicus
703 270 970 319 nccunsrnsmcrs
1242 258 1309 326 239

132 396 277 483 potionis
317 394 544 483 ludulpentiis
585 396 761 481 sacrisque
803 366 970 481 Reliquiis
1007 399 1227 481 praepositae
1266 401 1310 469 ab

132 542 223 589 anno
249 521 340 588 1668
369 520 416 587 ad
440 520 543 597 1882,
567 520 658 588 edita
689 520 783 588 iansu
811 527 842 587 et
864 522 1062 589 auctoritate
1086 523 1148 590 SS.
1173 526 1313 594 Domini

135 648 249 716 Nostri
272 648 395 715 Leonis
418 621 517 713 Xlll.
571 662 574 671 ’

221 767 403 835 Praeterea
426 770 501 855 quia
523 770 655 835 maximi
679 771 840 835 intererat
861 772 893 835 iu
918 790 1017 837 unum
1044 772 1201 859 colligere
1225 776 1311 841 Pon·

132 895 230 962 illicia
253 896 434 982 diplomata.
460 896 574 982 quibus
598 896 822 983 Indulgentiae
846 896 1005 963 hactenus
1029 918 1203 967 concessae
1225 908 1309 987 sunt,

136 1023 210 1087 iiiuc
232 1019 351 1108 prodiit
374 1020 536 1089 Raccalta
559 1020 596 1087 di
622 1020 787 1089 Orantem
809 1040 828 1086 e
850 1021 913 1087 Pie
938 1020 1046 1105 Opere
1073 1043 1140 1107 per
1162 1026 1194 1091 le
1216 1027 1313 1111 quali

133 1167 214 1215 sono
238 1152 323 1213 state
345 1165 500 1214 concesse
523 1146 582 1212 olai
607 1144 738 1213 sommi
760 1146 925 1232 Pontefiei
948 1147 979 1213 le
1003 1146 1062 1213 SS.
1088 1149 1311 1236 Indulqenze.

136 1272 264 1349 Roma,
301 1271 482 1358 tipoprafia
516 1268 698 1357 Poliplotta
734 1270 825 1337 della
858 1268 893 1335 8.
932 1270 967 1337 C.
1002 1271 1042 1337 di
1073 1271 1313 1359 Propapanda

137 1398 219 1463 Fide
241 1396 342 1463 1886.
368 1432 387 1447 -
413 1398 484 1462 Una
506 1394 666 1461 etaltera
697 1394 846 1460 collectio
877 1400 927 1460 est
956 1396 1150 1461 authentica
1180 1401 1213 1462 at
1234 1397 1314 1480 sons

134 1522 305 1607 legitimus
334 1522 439 1605 iuris,·
462 1540 563 1605 quare
593 1520 701 1585 omnia
732 1519 882 1593 decreta,
907 1540 945 1585 eo
968 1521 1043 1605 quia
1065 1523 1099 1586 in
1123 1522 1315 1589 collectione

137 1644 355 1729 reperiuntur,
383 1642 479 1729 plena
510 1642 665 1707 fruuntur
695 1644 888 1707 anctoritate
911 1650 944 1707 et
966 1643 1125 1730 derogant
1155 1646 1227 1711 aliis
1257 1647 1314 1711 de-

134 1770 244 1841 cretis,
263 1788 345 1852 quae
367 1765 408 1831 ab
432 1768 500 1831 istis
524 1766 719 1851 discrepant,
736 1767 882 1849 quamvis
905 1768 938 1831 in
962 1767 1027 1831 alia
1050 1769 1241 1835 collectione
1256 1790 1315 1835 au·

138 1890 282 1957 theriaca
305 1889 361 1955 sed
392 1890 572 1974 antiquiore
603 1889 841 1953 contineantur.
867 1890 937 1954 Non
970 1890 1088 1955 exinde
1110 1912 1190 1957 vero
1220 1892 1316 1959 debet

136 2014 198 2081 dici
222 2014 445 2101 apocryphum
461 2018 516 2079 aut
532 2009 650 2078 nullius
673 2013 795 2077 valoris
815 2013 1036 2099 quodcumque
1059 2014 1225 2081 decretum
1250 2037 1314 2083 uon

139 2142 277 2207 relatum
301 2143 334 2205 iu
357 2138 554 2209 collectione
577 2140 774 2222 authentica,
799 2145 832 2205 et
855 2141 985 2225 planum
1010 2148 1059 2208 est
1078 2142 1135 2229 (l).

228 2266 301 2331 199.
327 2264 549 2351 Competentia
570 2264 666 2329 buius
683 2265 781 2351 (lang.
807 2270 857 2330 est
879 2285 961 2351 pure
976 2267 1153 2333 execution
1177 2288 1233 2332 sen
1257 2267 1316 2333 ad·

194 2561 197 2567 ’
227 2585 267 2657 (l)
288 2586 393 2639 Romae
406 2600 440 2638 ex
453 2580 651 2653 Typographia
664 2582 845 2637 Thermarum
863 2583 1097 2638 Diocletianarum
1116 2600 1141 2636 a„
1159 2584 1226 2636 1876
1240 2584 1318 2638 evul-

137 2696 206 2759 gata
224 2694 290 2743 sunt
303 2690 422 2745 Decreta
440 2691 597 2743 authentica
618 2690 644 2742 S.
661 2688 890 2759 Conpreqationis
908 2691 1090 2761 indulgentiis
1108 2694 1250 2760 sacrisque
1263 2690 1318 2745 tte·

139 2800 235 2869 tvqniis
251 2798 429 2868 praepositae
448 2799 483 2851 ab
501 2814 574 2849 anuo
588 2796 669 2849 1862
687 2797 770 2849 edita.
785 2824 819 2837 -
834 2796 995 2851 Prinzivalli
1014 2795 1147 2868 Aloysius
1165 2796 1255 2878 edidit¹
1268 2796 1317 2853 de·

137 2911 217 2960 creta
241 2903 404 2959 authentica
422 2921 446 2957 a.
468 2902 536 2958 1668
560 2903 595 2956 ad
613 2919 637 2956 a.
661 2902 742 2968 18613
768 2905 803 2957 ab
823 2904 975 2975 eodemque
999 2903 1132 2973 evulgata
1156 2904 1210 2957 tuit
1229 2905 1318 2973 ‹Ap-

141 3008 241 3076 pendix
253 3024 302 3063 seu
314 3007 405 3062 altera
417 3005 547 3061 collectio
560 3024 642 3078 quam
656 3006 838 3076 plurimorum
850 3007 1071 3073 summariorum,
1081 3005 1318 3077 indulgentiarum

138 3131 211 3183 quae
230 3118 288 3167 tam
308 3128 357 3184 pro
375 3112 516 3184 aliquibus
534 3110 682 3166 Ordinibus
702 3112 890 3181 Regularibns
914 3130 947 3166 ac
970 3112 1174 3179 sodalitatibus,
1192 3117 1250 3167 tam
1269 3094 1320 3183 pro

142 3222 284 3277 nonnullis
303 3222 436 3276 Ecclesiis
455 3222 562 3291 piisque
581 3220 651 3275 locis
669 3238 687 3274 a
705 3220 733 3274 S.
749 3220 836 3289 Cong.
852 3220 907 3274 lud.
922 3221 1085 3275 anthentica
1098 3222 1242 3291 recognita
1255 3225 1321 3276 sunt

139 3343 174 3380 ac
190 3328 311 3396 probata
336 3328 371 3380 ab
397 3342 420 3379 a.
445 3325 512 3379 1668
531 3326 565 3379 ad
588 3326 650 3381 1861
671 3340 695 3383 >-
724 3355 758 3367 -
784 3326 901 3380 Maximi
926 3327 1044 3381 interest
1062 3327 1234 3395 distinguere
1252 3326 1321 3380 duas

141 3434 329 3489 Collectlones
357 3435 511 3487 extrinsece
539 3434 710 3487 authenticas
735 3450 751 3486 a
776 3434 856 3487 nobis
874 3439 1056 3497 memoratas;
1083 3450 1183 3503 nempe
1201 3434 1322 3488 Decreta

139 3542 300 3596 «authentica
319 3543 394 3596 edita
469 3541 546 3594 iussu
565 3550 591 3595 et
609 3542 774 3595 auctoritate
793 3540 823 3593 P.
843 3513 946 3594 Leonis
964 3541 1037 3608 Xlll,
1057 3542 1124 3594 item
1143 3541 1322 3595 Macalla...

140 3665 212 3717 quae
228 3647 415 3703 collectiones
433 3647 556 3702 eamdem
576 3647 633 3701 vim
652 3645 757 3702 habent
774 3664 807 3701 ac
824 3648 1008 3703 Collectiones
1027 3649 1201 3703 authenticae
1215 3649 1321 3703 Decre-

140 3750 257 3815 tnlium‚·
275 3742 340 3803 dum
358 3748 433 3805 aliae
445 3748 632 3804 Collectionas
644 3750 672 3803 in
690 3748 744 3803 hac
763 3753 831 3803 nota
849 3750 956 3804 relatae
969 3754 998 3804 et
1015 3750 1089 3805 aliae
1107 3750 1134 3804 id
1154 3767 1243 3819 genus
1255 3766 1322 3804 con-

140 3858 275 3913 cinnatae
294 3858 404 3928 privata
421 3858 589 3926 auctoritate
609 3874 663 3912 non
683 3858 788 3915 habeut
806 3860 1040 3913 authenticitatem
1059 3860 1113 3913 nisi
1132 3861 1323 3927 intrinsecam·

142 3961 253 4017 scilicet
280 3966 418 4033 quatenus
442 3961 530 4017 allata
557 3962 669 4017 decreta
693 3967 758 4016 sunt
781 3962 934 4021 conformia
953 3964 1148 4034 originalibus.
1166 3993 1204 4005 -
1220 3950 1252 4017 ln
1270 3962 1324 4019 bac

141 4088 228 4157 censu
255 4070 382 4127 habenda
400 4076 442 4125 est
462 4069 518 4124 alia
537 4064 667 4125 collectio
689 4074 823 4126 exornata
842 4088 859 4125 a
877 4069 1028 4126 Schneider
1047 4072 1073 4126 S.
1093 4072 1113 4127 l.
1131 4073 1174 4127 ita
1191 4073 1326 4143 inscripta

143 4198 162 4229 ‹
176 4180 323 4250 Rescripta
334 4181 491 4233 authentica
506 4179 532 4232 S.
547 4172 830 4249 Conp'lndulpentiis
843 4180 985 4249 sacrisque
998 4180 1136 4250 Reliquiis
1147 4181 1325 4251 praepositae

146 4304 272 4341 necnon
296 4288 451 4341 summaria
470 4262 719 4355 indulgentiarum
738 4302 810 4355 quae
874 4302 937 4339 cum
957 4286 1143 4361 originalibus
1162 4327 1188 4363 ..ς
1207 4287 1325 4340 antetulit

147 4368 280 4463 suseptae
302 4364 454 4447 Selincidcl·
473 4392 499 4445 8.
517 4364 543 4443 Ἰ.
558 4382 700 4445 'Sacerdos
775 4392 847 4463 typis
868 4392 1010 4447 Friderici
1026 4379 1139 4459 Pustet,
1157 4408 1182 4447 a.
1199 4392 1282 4445 1885
1298 4408 1325 4445 u.
