3292 5109
513 301 558 347 ns
581 298 721 349 ronrcrrs
746 257 1014 347 secansrssmcrs
1285 270 1350 337 217

168 424 257 491 haec
280 424 427 491 collectio
448 426 498 489 est
520 422 734 509 undequaque
757 421 951 489 authentica
971 424 1005 487 et
1022 416 1165 483 codicem
1189 412 1354 481 constituit

168 546 382 613 nouissimum
405 545 487 610 iuris
510 544 653 631 liturgici
675 542 836 609 hodierni.

166 814 192 897 ἓ
222 816 251 880 l.
287 813 338 880 De
368 812 525 881 methodo
556 831 626 899 qua
656 812 899 877 instaurantur
927 813 960 875 et
989 805 1199 893 definiuntur
1228 822 1353 872 caueae

264 934 559 1021 Beatificatioaam
585 940 617 1001 at
643 933 961 1001 Canonizaticaum.

168 1184 392 1241 summulam
416 1214 455 1227 -
480 1184 540 1239 181.
565 1184 759 1249 canonizatio,
780 1186 879 1252 suapte
897 1182 934 1248 vi,
957 1186 1000 1235 est
1021 1197 1105 1235 causa
1125 1179 1215 1232 maior
1234 1194 1285 1233 seu
1305 1192 1351 1232 re·

263 1296 375 1348 servata
402 1292 557 1349 definitioni
585 1292 663 1347 Rom.
689 1290 851 1356 Pontificis3
867 1290 1039 1360 Beatificatio
1066 1288 1155 1342 serius
1182 1286 1282 1341 etl'ecta
1308 1288 1352 1340 est

263 1419 347 1457 causa
371 1402 468 1457 maior.
492 1430 527 1443 -
555 1400 613 1455 182
634 1400 766 1456 Urbanus
784 1398 847 1454 Vlll
866 1398 989 1453 celebria
1007 1396 1092 1451 edidit
1111 1395 1231 1459 decreta,
1251 1394 1353 1465 quibus

263 1508 466 1579 sapientissime
479 1505 623 1560 ordinatus
636 1504 690 1559 tuit
703 1520 848 1575 processus
860 1519 957 1559 serere
969 1502 1108 1557 iudicialis
1119 1502 1147 1555 in
1158 1501 1202 1555 his
1211 1500 1352 1555 causis-

266 1612 327 1666 183.
346 1612 422 1667 Haec
440 1612 553 1666 decreta
571 1610 678 1665 nullam
697 1609 753 1663 vim
772 1609 951 1664 abstulerunt
973 1608 1175 1678 Diplomatibus
1198 1608 1352 1662 Pontificiis

256 1719 494 1785 canonizationis,
505 1717 634 1789 adquam
646 1715 816 1787 simpliciore
830 1717 939 1770 ratione
949 1714 1084 1770 hactenus
1093 1714 1241 1770 deventum
1250 1714 1352 1781 fueras

263 1840 353 1895 acque
372 1824 478 1879 cultum
497 1824 667 1895 derogarunt
686 1824 790 1891 Beatis,
810 1823 851 1877 uti
871 1822 1014 1887 talibuaa
1033 1822 1136 1892 populo
1153 1822 1273 1876 excultis
1289 1821 1352 1875 diu-

263 1938 346 1987 turna
365 1933 572 1989 consuetudine
600 1932 678 1995 Quod
697 1932 720 1985 si
740 1937 842 2002 agatur
863 1932 897 1986 de
922 1930 1078 1985 huiusmodi
1106 1930 1184 1984 cultu
1204 1928 1352 1999 probanda,

263 2040 330 2089 tunc
349 2051 494 2105 processus
511 2035 574 2091 fieri
592 2036 695 2090 dicitur
714 2035 856 2105 perviam
877 2052 958 2089 maus
976 2038 1093 2105 excepti.
1113 2064 1147 2076 -
1170 2033 1227 2087 184.
1246 2032 1288 2087 Ex
1306 2033 1353 2087 ad·

263 2161 357 2209 verso,
376 2160 521 2215 processus
538 2144 695 2201 ordinarius
719 2144 821 2199 dicitur
845 2144 907 2199 tisri
933 2162 983 2215 per
1000 2145 1074 2199 riam
1092 2162 1149 2201 noa
1167 2144 1268 2209 cultas,
1286 2142 1352 2215 quia

262 2246 290 2303 S.
310 2249 394 2304 Sedes
412 2266 524 2305 causam
545 2266 599 2304 non
619 2250 771 2304 introducit
790 2250 845 2304 nisi
868 2254 952 2305 antea
971 2249 1129 2304 constiterit
1147 2249 1180 2303 de
1198 2250 1273 2302 sama
1290 2264 1354 2300 san·

264 2354 371 2409 ctitatis
390 2354 529 2408 disiuncta
541 2371 559 2407 a
576 2369 750 2425 quocumque
770 2354 883 2423 publico
896 2354 982 2409 cultu.
1002 2384 1036 2396 -
1058 2355 1116 2409 185.
1135 2355 1292 2417 Processus,
1304 2353 1352 2423 qui

262 2460 334 2513 liunt
359 2464 509 2531 antequam
533 2457 560 2511 S.
580 2457 666 2528 cong.
686 2475 784 2511 manus
811 2458 972 2527 apposuerit
999 2460 1028 2513 in
1052 2459 1205 2528 negotium,
1223 2458 1353 2511 dicuntur

265 2570 405 2623 ordinarii
422 2586 471 2623 seu
490 2568 620 2622 iustructi
639 2566 849 2621 Ordinariorum
874 2568 1044 2621 auctoritate
1062 2573 1091 2622 et
1109 2567 1319 2636 distinguuntur
1336 2582 1353 2617 a

263 2690 391 2743 processu
410 2674 573 2745 apostolico,
592 2673 650 2744 qui,
668 2688 753 2726 causa
771 2672 827 2725 iam
846 2671 1006 2727 introducta
1024 2672 1097 2741 apud
1116 2672 1142 2725 S.
1161 2671 1258 2742 Cong,
1273 2672 1307 2725 tit
1324 2670 1351 2723 vi

262 2778 454 2851 delegationis.
474 2808 511 2822 -
531 2780 589 2835 186.
610 2780 649 2835 De
662 2780 789 2848 cautelis,
802 2797 874 2852 quae
888 2781 1056 2836 adhibentur
1068 2779 1096 2834 in
1116 2780 1273 2850 aperiendis
1290 2797 1353 2851 pro·

262 2888 392 2941 cassibus
412 2914 446 2927 -
468 2885 526 2940 187.
544 2884 652 2956 Duplex
671 2884 791 2941 habetur
818 2902 963 2955 processus
988 2885 1157 2955 apostolicus
1175 2887 1234 2941 sive
1252 2853 1353 2956 agatur

262 2992 296 3047 de
314 2994 524 3049 Confessoribns
541 2994 603 3047 sire
622 2992 656 3048 de
675 2992 851 3065 Martyribus
870 2994 1107 3064 recognoscendis,
1125 2993 1173 3048 sed
1191 2994 1226 3049 de
1244 2994 1354 3065 Marty-

262 3099 338 3153 ribns
357 3100 432 3169 prior
451 3115 611 3169 processus,
630 3116 679 3170 per
698 3116 743 3165 se,
762 3116 817 3154 non
837 3106 966 3155 versatur
984 3103 1059 3155 circa
1077 3100 1219 3156 heroicum
1243 3103 1352 3158 exerci-

261 3205 331 3259 tium
355 3205 501 3273 virtutum,
520 3210 603 3275 prout
626 3206 660 3260 et
684 3205 713 3260 in
732 3206 951 3274 consessoribus,
972 3207 1020 3262 sed
1044 3208 1149 3263 directe
1178 3209 1294 3280 inquirit
1318 3210 1352 3264 de

261 3308 335 3362 facto
365 3309 502 3380 martyrii.
528 3338 562 3350 -
591 3308 648 3363 188.
671 3308 744 3371 Quot
772 3310 908 3364 miracula
932 3311 1042 3379 probari
1067 3313 1189 3368 debeant
1215 3318 1274 3368 tum
1303 3330 1352 3384 pro

260 3414 472 3471 Beatiticatione
490 3418 550 3469 tum
570 3430 620 3485 pro
633 3414 851 3471 canonizatione
864 3417 1022 3472 obtinenda.
1043 3418 1082 3473 De
1101 3436 1230 3488 processu
1243 3427 1353 3490 aposto·

261 3518 315 3573 lico
339 3537 375 3574 ne
395 3522 576 3591 probationes
599 3526 768 3592 percantet
793 3522 828 3577 de
847 3521 980 3579 hodierna
1008 3525 1086 3594 praxi
1106 3526 1136 3580 in
1154 3527 1353 3596 cognoscendis

261 3626 352 3679 causis
380 3626 547 3698 Martyrum.
565 3654 603 3668 -
623 3625 682 3681 189.
705 3624 764 3681 Hae
788 3628 966 3698 quaestiones
984 3630 1014 3684 in
1032 3630 1257 3700 Congregatione
1274 3642 1353 3687 ante·

258 3740 485 3807 praeparatoria,
501 3739 720 3807 praeparatoria
739 3741 768 3791 et
784 3738 917 3807 pennalt
930 3739 1076 3807 agitantur
1093 3741 1144 3793 sub
1164 3742 1285 3795 formula
1304 3759 1353 3812 ap·

261 3844 344 3914 positi
364 3844 448 3899 dubii.
469 3872 503 3885 -
526 3844 583 3898 190.
603 3843 721 3899 Decreta
733 3844 1016 3901 Beatificationisaut
1029 3846 1253 3903 Canonizatienis
1271 3866 1353 3919 prae·

261 3950 382 4005 mittitur
413 3950 603 4021 congregatio
633 3948 667 4005 de
699 3954 775 4015 tuto,
806 3950 1018 4006 Canonizatieni
1046 3954 1238 4021 praemittitur
1267 3955 1352 4010 etiarn

171 4194 314 4263 quaesti03
333 4211 404 4266 quae
422 4194 445 4249 si
465 4194 605 4265 generalis
623 4196 668 4265 sit,
683 4201 750 4251 tunc
769 4197 843 4252 solet
862 4214 946 4252 carrea
964 4199 1078 4255 inscribi
1091 4200 1219 4255 Romana
1236 4212 1263 4258 et
1280 4202 1352 4257 alia·

169 4316 236 4354 rum
253 4316 353 4371 nempe
371 4300 535 4356 dioecesum.
555 4301 609 4357 Sed
627 4300 653 4356 S.
673 4302 760 4372 (long.
780 4302 899 4358 Rituum
925 4306 1068 4376 generalia
1086 4307 1199 4363 decreta
1217 4308 1352 4363 inscribit:

176 4408 257 4463 areis
275 4418 301 4464 et
323 4408 412 4463 Orbis.
