3292 5109
332 272 369 337 lo
840 296 923 341 rans
947 295 982 341 11.

328 410 530 480 Consistorio
546 414 741 489 eliciebatur,
759 418 804 482 uti
821 417 965 482 retertur
989 419 1132 503 pluribus
1149 421 1180 484 in
1197 418 1425 485 Decretalibus
1441 420 1499 484 sub

327 541 382 606 illa
405 542 549 607 clausula
564 578 578 588 -
599 542 702 608 etiam
725 543 767 607 de
783 543 921 609 coasilio
943 543 1097 625 fratmm
1120 582 1134 592 -
1152 551 1207 609 aut
1221 544 1285 609 alia
1300 545 1467 609 consimili.
1484 582 1499 592 -

328 666 392 731 Hic
415 666 609 751 procedendi
635 667 745 731 modus
768 670 885 752 passim
903 668 1045 734 refertur
1070 672 1102 734 in
1121 670 1356 753 antiquioribus
1378 668 1500 734 Decre-

328 792 444 859 talibus
468 792 598 878 digestis
630 794 664 856 in
690 794 842 876 Corpore
869 796 962 859 luris
992 798 1084 864 Cau..
1110 798 1210 861 veluti
1242 798 1274 860 in
1301 796 1501 864 Collectioae

328 915 421 981 Beati
451 915 643 1002 Raymundi,
669 918 819 1002 Gregorii
851 916 901 982 IX
935 920 1103 1003 capellani,
1129 921 1183 1003 qui
1216 921 1256 986 rub
1288 926 1412 1006 partem
1437 922 1499 985 iam

328 1041 467 1109 habitam
492 1044 524 1106 in
548 1042 651 1107 causis
675 1043 872 1108 instruendis
895 1049 928 1108 et
951 1042 1140 1109 deliniendis
1163 1047 1246 1131 apud
1270 1047 1416 1112 eumdem
1441 1046 1501 1111 Pa-

328 1185 411 1249 pam,
435 1165 561 1231 facilius
584 1166 687 1249 potuit
714 1171 778 1230 tam
807 1186 909 1251 grave
935 1167 1106 1233 absolvere
1133 1190 1222 1253 opus.
1257 1169 1316 1237 Isti
1341 1171 1498 1254 capellani

328 1293 367 1357 ob
390 1312 506 1357 munus
528 1292 709 1357 assumendi
730 1295 1239 1360 controversiarumiudicialium
1255 1295 1500 1381 atellanarum),

329 1418 423 1481 etiam
447 1414 555 1501 Papae
579 1414 753 1482 Auditores
775 1419 927 1503 appellati
955 1425 1039 1484 sunt.
1064 1420 1106 1484 cf.
1131 1442 1157 1485 c.
1184 1442 1211 1485 c.
1238 1419 1279 1485 13
1303 1420 1355 1484 De
1377 1441 1501 1487 arenan-

328 1543 403 1609 m'al.
429 1542 463 1607 X
483 1541 521 1625 (Ι,
546 1540 601 1626 9);
625 1542 675 1606 27
698 1544 719 1625 ἓ
742 1543 776 1614 2.
803 1542 853 1608 Da
874 1546 930 1627 off.
955 1544 1026 1610 iud.
1052 1546 1158 1631 deleo.
1183 1545 1218 1609 X
1238 1542 1276 1630 (Ι,
1294 1543 1360 1629 29).
1386 1582 1400 1593 -
1423 1544 1500 1609 Pro-
1625 1589 1626 1596 .

328 1688 441 1753 gressu
465 1669 617 1752 temporis
641 1668 731 1733 hisce
756 1666 966 1734 Auditoribus
989 1668 1133 1753 delegari
1157 1669 1264 1754 coepit
1286 1689 1349 1733 nen
1377 1675 1497 1734 tantum

327 1789 428 1861 aelio,
454 1788 509 1853 sed
540 1790 608 1875 ipsa
635 1791 835 1859 iurisdictio,
866 1812 924 1856 seu
955 1791 1093 1857 facultas
1124 1812 1238 1856 causas
1266 1791 1444 1858 instruendi
1470 1797 1502 1854 et

328 1916 520 1991 deliniendi;
546 1916 629 1981 uude
653 1916 773 1981 factum
798 1926 847 1983 est
871 1925 905 1983 ut
929 1920 978 1982 isti
1004 1918 1163 2002 capellani
1185 1938 1244 1982 seu
1268 1919 1378 2003 Papae
1405 1918 1502 1983 Audi-

328 2050 417 2108 tores
445 2040 586 2107 tribunal
618 2044 844 2107 constituerint
874 2043 1227 2113 ordina1·ium.dictum
1256 2045 1376 2109 Sacrae
1400 2044 1501 2110 Rotae

329 2167 502 2231 Romanae.
532 2166 622 2231 Haec
645 2171 719 2231 sunt
743 2166 833 2229 initia
857 2165 1058 2231 celeberrimi
1084 2167 1267 2233 Tribunalis
1290 2168 1372 2251 quod
1396 2168 1502 2233 adhuc

329 2310 406 2355 suae
429 2292 562 2376 originis
578 2290 680 2355 refert
703 2292 849 2376 vestigia,
866 2292 940 2373 quia
962 2290 1137 2356 Auditores
1153 2289 1187 2356 S.
1203 2293 1242 2356 R.
1260 2290 1297 2355 R.
1316 2298 1390 2356 sunt
1405 2294 1501 2358 etiam

329 2409 497 2497 Capeliani
521 2409 650 2495 Papae;
676 2411 749 2497 eligi
774 2411 921 2477 nonnulli
945 2411 1064 2476 debent
1086 2432 1129 2476 ex
1152 2416 1275 2477 exteris
1298 2413 1500 2487 nationibus;

329 2544 362 2606 et
384 2556 497 2604 causas
520 2540 696 2622 suscipiunt
720 2538 964 2623 pertractandas
987 2557 1032 2603 em
1054 2538 1288 2605 commutacione
1312 2537 1438 2622 Papae.
1456 2539 1500 2603 At

329 2662 403 2727 data
426 2631 525 2745 opera
549 2662 684 2726 inferius
707 2661 746 2726 de
769 2662 832 2727 hoc
847 2660 1000 2727 tribunali
1016 2681 1158 2746 agamus.

422 2786 470 2850 ll.
496 2784 593 2850 Aliud
609 2806 735 2869 quoqne
752 2785 939 2871 iampridem
963 2787 1169 2849 constitutum
1185 2786 1245 2850 fuit
1260 2785 1400 2850 tribunal
1416 2806 1496 2849 nun·

329 2913 478 2993 aupatum
516 2905 704 2993 Signatum
740 2906 902 2982 Iustitiae,
937 2908 1057 2973 ceteris
1079 2908 1226 2991 superius
1255 2915 1288 2971 et
1309 2908 1497 2972 auctor-ilat.

329 3032 541 3099 excellentius
564 3036 653 3115 quasi
679 3031 816 3097 tribunal
842 3030 973 3095 ultimae
997 3031 1177 3111 instantiae,
1202 3032 1380 3097 institutum
1398 3034 1500 3116 potius

329 3160 368 3225 ad
392 3156 622 3243 invigilandum
647 3159 678 3221 in
704 3162 823 3221 rectam
848 3157 989 3221 iustitiae
1012 3155 1319 3221 administrationem
1337 3165 1370 3223 et
1385 3158 1501 3243 genui—

329 3305 402 3349 nam
425 3284 512 3347 iuris
534 3282 844 3366 interpretationem,
867 3301 962 3364 quam
986 3281 1025 3345 ad
1042 3284 1244 3363 quaestiones
1266 3282 1353 3347 iuris
1373 3290 1404 3348 el
1418 3284 1502 3365 facti
1625 3319 1626 3344 ;

329 3409 510 3494 peculiares
526 3406 730 3477 dirimendas,
748 3408 851 3471 instar
870 3406 995 3471 scilicet
1009 3406 1227 3474 tribunalium.
1245 3426 1328 3489 quae
1343 3408 1426 3490 apud
1443 3428 1501 3470 nos

329 3534 440 3598 vocari
457 3533 561 3597 solent
576 3531 612 3596 di
631 3531 843 3596 Comacinae.

419 3656 447 3719 Ε
472 3658 575 3722 latere
607 3658 701 3723 buius
731 3654 901 3721 tribunalis
925 3662 1040 3721 exona
1071 3661 1120 3721 est
1148 3656 1334 3742 Signatura
1357 3658 1498 3742 gratiae.

330 3804 411 3869 quae
441 3783 571 3868 proprie
602 3803 665 3845 non
693 3787 742 3847 est
769 3782 909 3847 tribunal
941 3782 996 3845 sert
1028 3778 1247 3866 Corrgrcgatio
1276 3779 1499 3848 ‘cardinalium
1625 3767 1626 3828 Ῑ

330 3933 387 3976 seu
411 3909 579 3994 collegium
604 3909 817 3975 consultivum
844 3929 943 3992 super
966 3911 1079 3993 gratiis
1102 3911 1271 3995 praecipue
1295 3912 1328 3973 in
1362 3932 1397 3973 re
1422 3911 1501 3974 iudi·
1625 3891 1626 3914 ³

331 4038 402 4101 ciali
428 4036 533 4120 petitis
557 4056 576 4098 a
600 4032 743 4098 Romano
769 4032 943 4109 Pontifice;
968 4055 1020 4098 ex.
1037 4055 1087 4119 gr.
1111 4055 1208 4118 super
1230 4036 1390 4118 exquisita
1413 4056 1501 4100 sana·

331 4160 417 4223 tione
440 4162 585 4221 actorum
610 4154 803 4221 iudicialium
828 4156 879 4220 vel
897 4157 1125 4240 prorogatione
1140 4158 1269 4222 termini
1294 4160 1500 4243 peremptorii

420 4444 459 4512 (l)
479 4442 518 4494 Cf.
539 4442 620 4493 latrias
638 4449 782 4499 tractatus.
800 4438 853 4490 rol.
876 4439 894 4501 l,
913 4444 931 4502 ἓ
951 4439 980 4489 41
1004 4457 1044 4508 sq.
