3292 5109
460 296 505 343 ns
528 296 668 345 runicus
693 296 959 345 accussmsrmrs
1233 276 1294 343 121

131 414 243 483 iudices
258 436 318 503 per
333 420 524 485 seutentiam
548 418 761 485 satisfaciunt.
786 420 883 505 Apud
901 419 932 485 S.
950 418 1224 505 congregationes
1239 440 1299 505 pro

129 543 225 607 canis
248 544 283 607 in
305 544 409 629 gradu
431 545 655 631 appellationis
670 544 844 612 iudicialis
866 545 1025 631 agitandis
1047 546 1130 611 haec
1152 553 1245 613 certa
1267 554 1301 613 et

129 673 272 734 onustans
306 668 474 735 dubiorum
509 668 650 735 formula
684 670 834 751 habetur,
866 690 981 755 nempe
1007 693 1025 733 r
1049 671 1106 736 Aa
1134 674 1300 740 seitentia

129 794 237 861 maiae
260 795 303 861 sit
325 794 565 881 confirmanda
587 796 639 861 vri
663 795 876 879 infimanda
897 794 935 859 in
957 815 1040 861 cusu
1060 816 1090 861 ›.
1115 795 1166 862 Ob
1189 798 1299 883 appel-

130 919 273 983 lationem
290 918 587 985 eoetraiudiciatem
602 920 657 1003 (cf.
675 919 738 985 rol.
758 922 782 989 Ι,
800 941 832 985 n.
847 919 935 1007 618),
952 940 1015 1005 qua
1031 922 1194 1007 impetitur
1209 930 1300 991 actus

130 1043 395 1109 ertraiudicialis
418 1048 451 1109 et
473 1043 548 1108 inde
572 1048 769 1129 provocatur
791 1043 832 1108 ad
856 1064 985 1109 causam
1009 1044 1127 1109 harde
1144 1049 1300 1132 reprimo

131 1165 318 1231 iudicialiter
340 1166 539 1252 agitandam,
564 1166 694 1232 dubium
724 1170 769 1233 ita
798 1167 1106 1254 concipitu1·:‹An
1127 1170 1301 1237 decretum

131 1290 240 1355 curiae
262 1289 471 1357 sustineatur
493 1292 530 1356 ia
554 1290 792 1364 casn.ve1An
815 1291 858 1355 sit
880 1284 1154 1378 confirmandum
1178 1296 1229 1360 ret
1254 1296 1301 1359 in·

131 1416 334 1500 firmandum
357 1417 394 1481 in
421 1436 504 1483 casu
523 1439 540 1477 s
560 1416 616 1501 (1).
648 1418 684 1483 ln
708 1418 781 1482 aliis
804 1416 1043 1501 quaestionibus
1065 1419 1100 1481 in
1122 1420 1227 1503 prima
1251 1420 1301 1486 in-

131 1542 241 1605 stantia
267 1540 482 1625 disceptandis
505 1543 617 1607 variae
640 1541 810 1607 dubiorum
834 1542 994 1607 formulae
1024 1541 1236 1608 desumuntur
1258 1565 1302 1610 ex

132 1663 267 1729 subiecta
291 1666 438 1729 materia.
456 1700 473 1717 -
493 1666 723 1732 Controversia
747 1668 853 1732 autem
872 1686 955 1750 quae
971 1668 1155 1732 continetur
1170 1688 1235 1733 uua
1257 1670 1303 1733 iu·

113 1852 115 1857 ,
131 1791 242 1855 stantia
262 1788 402 1855 iudiciali
419 1790 590 1875 aliquando
607 1796 657 1856 esi
672 1792 852 1876 complexa,
869 1798 903 1857 et
918 1793 995 1857 hinc
1011 1794 1105 1877 plura
1120 1793 1215 1860 dubia
1231 1815 1300 1880 pre

133 1914 201 1997 poni
217 1911 351 1987 debent;
365 1912 421 1977 sed
438 1912 687 1998 unumquodque
703 1912 832 1979 dubium
857 1915 901 1978 ita
921 1917 1123 1999 componitur
1146 1922 1182 1981 ut
1204 1937 1302 2001 quae-

133 2038 244 2103 stiones
267 2036 530 2123 compreheudat.
556 2040 663 2123 prouti
687 2038 781 2104 docet
806 2040 851 2104 De
876 2039 964 2104 Lura
986 2060 1040 2123 op.
1066 2042 1119 2107 cit.
1137 2044 1224 2111 Disr.
1241 2045 1301 2117 32,

133 2182 164 2225 a.
188 2160 241 2235 38,
266 2164 451 2227 necessario
475 2180 650 2235 connexas,
675 2164 750 2246 quin
775 2183 835 2247 pro
859 2164 986 2248 singula
1016 2167 1202 2247 quaestione
1227 2189 1302 2253 pro-

135 2288 231 2371 prium
254 2285 309 2353 fiat
332 2286 471 2351 dubium.

217 2414 319 2489 Quum
343 2416 424 2479 tanti
447 2414 598 2500 ponderis
614 2416 655 2480 sit
670 2414 765 2480 dubia
781 2416 844 2480 rite
867 2415 1077 2490 concordare.
1095 2416 1172 2483 hine
1194 2425 1303 2504 partes

136 2558 190 2623 per
209 2540 382 2626 legitimam
406 2524 591 2605 citationem
615 2544 839 2605 convocantur
854 2539 938 2625 apud
955 2540 1133 2607 Ponentem
1156 2549 1212 2609 aut
1235 2547 1304 2611 eius

136 2664 313 2729 auditorem
329 2662 369 2728 ed
394 2656 653 2727 concordandum
675 2660 813 2727 dubium.
840 2661 932 2735 Quod
948 2664 975 2728 si
989 2665 1222 2731 contendentes
1238 2688 1301 2733 non

137 2786 320 2850 conueniant
349 2785 384 2849 in
414 2783 499 2848 dubii
523 2782 694 2848 formulam
731 2782 974 2866 concipiendam
997 2785 1050 2848 vel
1081 2786 1241 2853 alteruter
1263 2790 1305 2853 sit

137 2914 315 2983 contumax.
340 2907 393 2971 vel
417 2906 503 2973 dubii
531 2908 637 2971 torma
659 2926 680 2971 a
702 2906 848 2991 partibus
879 2909 1042 2991 proposita
1068 2928 1132 2973 non
1157 2909 1305 2976 videatur

138 3036 204 3113 apta
225 3033 271 3097 rei
295 3028 535 3118 significandae.
552 3050 598 3097 err
613 3030 720 3116 officio
740 3050 759 3094 a
778 3032 926 3096 Ponente
948 3030 1077 3096 dubium
1100 3034 1302 3116 exprimitur.

140 3153 251 3220 Verum
274 3155 420 3241 partibus
442 3156 605 3241 integrum
629 3160 678 3223 est
701 3156 894 3241 impugnare
917 3152 1013 3218 dubia
1031 3172 1077 3220 eor
1099 3156 1207 3239 officio
1230 3174 1304 3220 eon·

140 3278 274 3356 cordata;
294 3284 327 3345 at
350 3280 413 3346 hoc
429 3284 596 3365 praestare
611 3278 731 3345 debent
746 3280 778 3343 in
795 3279 865 3363 ipsa
881 3277 932 3341 die
947 3278 1172 3363 propositionis
1188 3298 1305 3343 causae

141 3402 317 3487 excipiendo
341 3408 457 3469 contra
479 3401 609 3468 dubium
633 3401 863 3467 concordatum
887 3407 920 3466 et
942 3400 1133 3487 postulando
1149 3407 1184 3467 ut
1198 3400 1305 3484 refor-

141 3528 222 3591 mato
242 3526 343 3593 dudio
367 3527 483 3591 Patres
499 3526 689 3594 cardinales
705 3525 884 3610 quaestioni
901 3523 1110 3591 satisfaciant.
1127 3524 1258 3589 Scilicet
1272 3525 1305 3589 iu

142 3644 237 3713 libello
251 3650 448 3717 defensionis
471 3650 694 3717 cardinalibus
717 3649 824 3715 oblato
848 3668 925 3734 pars
948 3650 1047 3713 instet
1068 3653 1137 3712 tum
1160 3668 1219 3732 pro
1242 3648 1306 3715 hac

142 3774 314 3855 quaestione
339 3773 583 3857 praeiudiciati
610 3773 853 3839 reformationis
881 3772 1067 3845 dutitiam
1095 3792 1154 3857 pro
1185 3773 1305 3838 merito

144 3900 321 3977 quaestionis
352 3900 539 3987 principalis
563 3896 619 3984 (2).
644 3901 710 3984 Ipsi
741 3898 862 3964 indices
893 3897 1080 3965 cardinales
1110 3918 1175 3962 nou
1206 3898 1305 3963 semel

219 4090 256 4163 (l)
277 4094 345 4149 Rom
363 4092 447 4149 aliter
465 4094 583 4148 vidimus
602 4094 648 4163 agi
668 4092 740 4162 apud
760 4092 786 4147 S.
808 4092 917 4146 Rotam.

219 4196 256 4268 (2)
276 4198 314 4253 De
332 4198 409 4271 stylo
427 4199 517 4254 Rotae
535 4200 655 4255 vidimus
681 4215 739 4253 rem
767 4198 852 4252 aliter
879 4214 909 4252 se
939 4196 1057 4262 habere;
1077 4197 1179 4268 quippe
1198 4197 1307 4251 Poneus

144 4298 266 4360 tobinen
284 4304 372 4377 officio
391 4306 558 4361 concordare
580 4321 634 4360 nou
654 4304 738 4371 valet,
759 4302 807 4359 sed
826 4303 1020 4374 quaestionem
1041 4303 1180 4358 duditorii
1200 4302 1307 4357 delibe-

146 4406 232 4463 rationi
250 4413 393 4469 remittere
411 4413 501 4469 debet
