3292 5109
312 280 380 347 236
830 300 916 348 raas
941 299 977 346 11.

311 422 459 490 sistentia
483 421 574 490 Solio
597 423 795 509 Pontificio;
818 421 945 507 dequo
968 422 1205 490 contendebant
1226 422 1364 488 Familia
1379 420 1495 487 Orsini

311 554 346 617 et
368 549 490 615 familia
504 549 659 617 Colonna.
685 552 766 617 Item
782 552 832 616 ius
847 549 968 617 dictum
991 536 1054 616 fuit
1069 552 1102 616 in
1119 571 1217 617 causa
1232 551 1383 636 Equitum
1399 549 1493 615 Meli·

312 676 461 749 tensium,
478 693 615 758 quorum
631 675 788 761 Magister
810 674 872 741 sibi
895 674 1073 743 vindicavit
1093 676 1300 762 privilegium
1319 676 1494 747 honorum,

311 798 366 883 qui
391 796 597 883 Principibus
619 795 808 863 tribuuntur
831 798 866 862 in
890 799 989 865 (iuria
1011 796 1182 865 Pontificia
1197 797 1256 885 (1).

311 1186 335 1269 5
351 1186 382 1251 3.
399 1186 449 1251 De
465 1185 499 1253 S.
516 1187 785 1275 Conprepotioce
798 1188 1026 1275 Indutqentiis
1042 1187 1495 1274 Sanctorumquelteliquiie

532 1312 773 1398 coqaosceadis
796 1332 839 1379 oc
860 1313 1049 1380 statuendis
1068 1313 1279 1399 praeposita.

312 1580 530 1639 Summarlnm.
547 1612 585 1626 -
605 1583 663 1639 197.
683 1584 860 1641 Ravooantur
872 1601 1002 1654 suprema
1013 1584 1151 1654 principia
1163 1584 1231 1639 iuria
1243 1584 1406 1649 communis,
1420 1600 1496 1655 quae

403 1686 593 1757 indulgentias
611 1692 640 1743 et
658 1687 685 1741 S.
705 1688 850 1759 Reliquias
868 1688 1056 1743 moderantur.
1074 1716 1112 1731 -
1133 1687 1192 1743 198,
1212 1686 1271 1741 Pro'
1287 1686 1391 1743 tuenda
1408 1687 1497 1741 disci·

403 1793 480 1864 plina
504 1794 716 1862 Ecclesiastico,
737 1793 791 1851 bac
808 1796 843 1852 de
865 1813 896 1853 ra
916 1796 1049 1850 instituta
1068 1800 1112 1851 ast
1135 1796 1264 1866 apposita
1284 1793 1371 1865 cong.
1395 1824 1433 1838 -
1455 1795 1497 1851 lle

403 1900 622 1957 collectionibus
644 1900 822 1958 authenticis,
840 1932 878 1945 -
898 1902 957 1958 199.
975 1902 1171 1973 competentia
1194 1902 1278 1959 buius
1302 1904 1328 1958 S.
1352 1904 1441 1973 cong.
1460 1933 1497 1947 -

403 2005 464 2059 200.
483 2004 625 2067 Quaenam
644 2003 729 2077 eong.
749 2006 786 2060 sit
807 2013 968 2077 competens
986 2007 1021 2061 ad
1040 2007 1263 2077 recognoscenda
1284 2023 1402 2078 corpora
1422 2007 1498 2061 San·

404 2113 521 2175 etenum,
532 2126 581 2163 seu
594 2126 678 2180 quum
691 2110 835 2181 quaeritur
846 2111 881 2165 de
894 2113 1036 2167 {demicte
1055 2112 1223 2167 eorumdem.
1236 2141 1275 2155 -
1286 2113 1348 2167 201.
1363 2112 1402 2167 De
1413 2114 1498 2167 Motu

400 2212 519 2281 proprio
550 2212 650 2267 Leonis
672 2212 736 2267 11111
764 2214 822 2269 diei
844 2214 883 2268 31
905 2214 960 2269 Oct.
980 2212 1062 2268 1897
1081 2218 1112 2268 et
1133 2213 1167 2270 da
1190 2214 1302 2285 syllaba
1325 2213 1497 2268 faculatum

403 2318 466 2373 inde
491 2317 579 2386 edito,
597 2335 669 2390 quaa
692 2318 842 2375 facultates
860 2318 942 2375 bodie
959 2318 1043 2373 huius
1061 2318 1148 2390 cong.
1166 2321 1313 2376 continent
1331 2324 1496 2391 competen-

404 2428 473 2481 tiam
487 2430 666 2499 privativam.
684 2456 722 2471 -
739 2429 800 2483 202.
823 2428 875 2482 Hic
893 2427 1021 2499 syllabus
1041 2428 1163 2483 refertur
1180 2434 1210 2483 et
1226 2430 1385 2498 exponitur.

405 2664 480 2730 197.
504 2663 554 2732 Ob
578 2666 733 2731 materiae
757 2666 1004 2737 connexionem,
1026 2667 1255 2733 tractationem
1279 2665 1320 2733 de
1337 2664 1440 2751 cong.
1459 2664 1494 2731 S.

314 2785 440 2852 Ritibus
463 2788 648 2873 praeposita
671 2789 793 2875 excipit
815 2789 965 2853 tractatio
989 2787 1030 2854 de
1045 2788 1077 2855 S.
1095 2788 1355 2875 Congregatioua
1378 2786 1420 2853 ab
1435 2787 1494 2853 In·

313 2911 485 2999 dulgentiis
505 2916 538 2979 et
559 2930 579 2976 a
603 2911 634 2977 S.
660 2911 816 2997 Reliquiis
838 2916 1033 2998 nuncupata.
1058 2947 1078 2960 -
1102 2911 1381 2998 Indulgentiarum
1404 2912 1492 2976 enim

313 3035 522 3121 elargitiones
551 3036 693 3101 maxime
716 3036 829 3100 iuvant
858 3034 898 3100 ad
929 3035 1119 3121 religionem
1148 3034 1353 3101 excitandam
1377 3038 1411 3100 et
1433 3052 1491 3100 au·

313 3154 452 3240 gandam
474 3156 509 3221 in
531 3154 632 3221 Deum
656 3156 744 3222 etin
767 3156 920 3233 Sanctos;
943 3154 1063 3222 adeas
1088 3176 1168 3222 varo
1189 3156 1364 3223 lucrandas
1389 3174 1492 3241 opera

313 3299 439 3365 quoque
462 3279 729 3366 praescribuntur
752 3279 858 3346 cultus
882 3282 1021 3347 externi.
1046 3281 1215 3365 Reliquiae
1237 3286 1344 3345 autem
1368 3281 1492 3347 cultum

314 3408 466 3489 repetunt
481 3422 500 3467 a
518 3404 729 3470 veneratione
750 3402 894 3491 legitime
916 3404 1014 3469 alicui
1029 3405 1130 3470 Beato
1154 3408 1210 3470 aut
1224 3404 1343 3472 Sancto
1358 3402 1488 3479 tributa.

314 3530 430 3615 quippe
447 3528 521 3593 illae
536 3534 612 3595 sunt
629 3534 686 3595 aut
708 3549 784 3617 pars
808 3529 993 3597 mortalium
1008 3531 1200 3596 exuviarum
1223 3538 1349 3596 autres
1363 3529 1406 3597 ab
1421 3531 1491 3597 istis

312 3659 542 3721 contrectatae.

401 3778 483 3853 Quia
506 3798 549 3843 ex
571 3777 794 3865 diplomatibus
817 3777 995 3844 Pontificiis
1025 3784 1080 3845 aut
1104 3798 1147 3844 ex
1171 3779 1338 3866 rescriptis
1369 3779 1491 3865 elargi-

311 3905 415 3971 tiones
432 3904 711 3991 Indulgentiarum
726 3905 760 3971 in
775 3904 928 3991 populum
948 3905 1151 3991 evulgantua
1168 3904 1305 3991 proinde
1320 3904 1489 3991 Episcopis

401 4098 440 4168 (l)
461 4096 551 4154 Unius
569 4101 599 4153 et
616 4098 733 4154 alterius
751 4098 924 4169 quaestionis
941 4099 1033 4155 exitus
1051 4098 1117 4168 tuit,
1138 4101 1170 4153 ut
1188 4098 1236 4153 uni
1254 4104 1285 4153 et
1303 4098 1389 4155 alteri
1406 4098 1489 4153 iami-

312 4208 368 4263 liae
396 4209 439 4262 ius
466 4207 614 4263 assistendi
632 4206 709 4261 Solio
728 4206 878 4261 Pontificio
901 4206 1123 4274 adiudicaretur,
1146 4210 1242 4262 umen
1266 4206 1412 4277 Principes
1436 4206 1489 4261 boc

312 4312 397 4368 titulo
415 4310 556 4368 honestati
570 4311 687 4367 alternis
705 4310 812 4366 vicibus
826 4309 879 4364 boc
893 4311 953 4365 iure
975 4314 1138 4376 uterentur3
1157 4316 1186 4365 et
1204 4310 1343 4381 Magistro
1355 4311 1489 4383 Equitum

311 4418 503 4474 Melitensium
522 4417 641 4473 bonores
659 4418 800 4473 tribuendi
813 4418 999 4488 ‚Principibus
1016 4418 1167 4474 adiudicati
1185 4419 1302 4474 inerint.
