3292 5109
243 282 308 347 188
769 300 854 347 reas
878 300 914 346 11.

242 427 384 511 loquitur
407 426 447 491 de
469 426 601 493 studio:
619 446 635 488 c
653 426 796 491 Tandem
821 426 949 491 silentio
973 423 1261 511 praetermittenda
1283 443 1347 487 nou
1371 428 1428 488 est

240 553 307 613 tam
332 548 418 615 utilis
441 548 497 612 illa
519 548 714 614 studentium
738 548 895 613 institutio
912 567 974 631 qua
990 548 1133 613 iuniores
1149 549 1335 613 canonistas
1350 566 1427 633 per-

242 656 486 742 tractandorum
517 675 720 761 negotiorum
756 679 789 739 et
820 673 1095 760 expediendarum
1126 692 1295 739 causarum
1327 674 1426 759 praxi

243 800 396 886 paulatim
426 801 594 865 initiantur
617 805 649 865 et
672 796 858 865 assuefiunt.
882 799 1107 867 Admittuntur
1133 818 1250 885 nempe
1279 819 1300 864 a
1327 818 1427 863 reve·

243 924 434 991 rendissimo
458 924 642 989 Secretario
667 922 698 988 S.
723 922 991 1009 congregationis
1014 922 1149 990 concilii
1172 924 1316 987 iuniores
1342 942 1428 1006 pre·

244 1049 368 1136 sbyteri
392 1053 448 1112 aut
471 1047 583 1112 clerici
600 1044 672 1133 (qai
688 1048 846 1113 laureum
860 1046 899 1111 in
914 1046 989 1111 iure
1004 1029 1169 1113 canonico
1185 1045 1328 1134 assecuti
1343 1042 1427 1129 sint)

243 1174 284 1240 ad
308 1174 477 1259 quamdam
494 1174 593 1240 veluti
609 1172 754 1238 scholam
777 1192 859 1257 quae
881 1172 1034 1238 studium
1056 1178 1203 1236 vocatur.
1220 1170 1330 1237 Studio
1346 1171 1428 1235 huic

244 1306 374 1385 praeest
398 1298 571 1365 secretarii
596 1298 737 1367 auditor.
762 1298 815 1381 qui
839 1302 873 1364 et
895 1303 992 1383 caput
1014 1297 1109 1363 studii
1132 1299 1244 1363 vocari
1264 1297 1345 1361 solet
1365 1294 1426 1380 (1).

246 1423 327 1507 lpsis
357 1421 485 1488 auditor
507 1420 723 1485 communicat
744 1420 854 1485 varias
876 1438 915 1484 ac
939 1417 1137 1484 difficiliores
1159 1421 1192 1483 in
1216 1419 1317 1507 Sacra
1340 1419 1428 1484 Con·

244 1550 434 1635 gregatione
458 1544 704 1632 pertractandas
728 1565 853 1610 causas.
877 1546 1053 1631 Assignata
1083 1563 1181 1610 causa
1211 1546 1263 1608 cui
1293 1542 1428 1609 studere

244 1672 400 1754 debeant,
425 1674 479 1736 uni
503 1692 546 1737 ex
570 1672 645 1757 ipsis
669 1670 856 1751 committit,
880 1676 916 1735 ut
946 1672 978 1733 in
1010 1670 1140 1754 scriptis
1163 1670 1203 1735 de
1226 1690 1265 1735 ea
1288 1670 1429 1734 disserat

245 1800 278 1859 et
302 1794 459 1879 quomodo
482 1794 541 1859 sibi
565 1793 713 1861 videatur
736 1792 915 1859 decidenda
941 1792 1096 1878 proferat.
1122 1792 1247 1858 Statuto
1271 1791 1323 1855 die
1345 1792 1429 1877 legit

247 1920 273 1983 is
297 1937 407 1983 coram
431 1916 578 1982 auditore
595 1923 627 1981 et
642 1917 836 1982 studentium
860 1922 954 1982 coetu
978 1915 1237 1982 dissertationem
1260 1934 1360 1979 suam.
1378 1916 1428 1980 lle

246 2047 315 2109 eius
344 2044 549 2109 conclusione
578 2044 770 2108 sententiam
798 2063 889 2109 suam
918 2042 1029 2108 dicunt
1057 2041 1130 2106 alii:
1154 2041 1339 2126 allegantur
1364 2060 1426 2125 pro

247 2166 346 2229 variis
370 2166 536 2231 sententiis
553 2166 633 2245 iura,
651 2166 873 2245 auctoritates,
897 2162 1048 2228 doctores
1072 2169 1104 2229 et
1127 2164 1309 2228 ratiocinia.
1335 2163 1427 2228 Adeo

247 2294 282 2353 ut
305 2306 418 2361 causa,
444 2306 525 2370 quae
548 2288 581 2351 in
605 2286 709 2352 studio
732 2285 910 2371 disceptata
932 2290 994 2359 est,
1018 2284 1208 2369 plerumque
1231 2288 1296 2351 iam
1319 2288 1363 2352 ita
1386 2288 1430 2351 sit

247 2412 390 2494 eliquata
420 2417 454 2475 ut
486 2411 581 2475 lacile
613 2411 712 2494 ipsius
740 2410 847 2473 exitus
875 2407 1059 2494 praevideri
1082 2410 1191 2492 possit.
1215 2410 1257 2474 Et
1280 2412 1429 2493 quamvis

245 2532 401 2599 eiusmodi
417 2532 612 2599 studentium
628 2533 806 2597 sententiae
822 2532 913 2597 nulla
924 2534 1007 2596 ratio
1023 2531 1192 2606 habeatur,
1207 2552 1314 2617 neque
1330 2535 1428 2599 etiam

247 2660 288 2727 de
312 2682 350 2725 ea
367 2662 397 2725 in
416 2660 517 2726 Sacra
533 2660 789 2745 congregatione
813 2662 934 2725 mentio
956 2656 1021 2733 fiat,
1040 2680 1116 2724 raro
1141 2667 1249 2725 tamen
1270 2662 1430 2744 contingit

249 2792 283 2851 ut
314 2786 401 2852 aliud
428 2786 469 2851 ab
493 2788 761 2852 Eminentissimis
792 2786 990 2851 decernatur
1017 2805 1112 2870 quam
1144 2784 1228 2870 quod
1259 2786 1291 2849 iu
1322 2785 1429 2851 studio

248 2911 485 2995 praevaluerat.
512 2912 562 2977 Ex
586 2909 637 2975 his
660 2916 772 2995 postea
802 2910 1003 2976 studentibus
1032 2910 1197 2996 eliguntur
1220 2909 1306 2974 haud
1332 2912 1429 2995 pauoi

246 3035 288 3100 ad
306 3035 465 3123 explenda
479 3038 572 3101 varia
587 3036 670 3121 apud
687 3036 962 3123 congregationes
982 3057 1127 3111 munera.
1145 3043 1240 3122 atque
1257 3057 1300 3102 ex
1315 3038 1430 3104 iisdem

248 3161 376 3243 saepius
401 3159 550 3244 Episcopi
573 3160 714 3224 vicarios
745 3180 820 3225 suos
848 3161 1019 3245 generales
1041 3165 1217 3226 assumunt.
1242 3161 1431 3227 leuioribus

250 3282 376 3349 Galliae
406 3282 621 3369 presbyteris,
647 3284 701 3366 qui
732 3282 907 3348 Sacrorum
931 3283 1096 3349 (lenonum
1130 3283 1332 3368 disciplinam
1363 3304 1429 3350 non

248 3414 373 3475 tantum
397 3428 415 3471 e
439 3408 549 3473 limine
573 3408 715 3474 salutare
739 3414 771 3473 et
792 3428 874 3473 vere
896 3408 1023 3493 ingredi
1048 3414 1080 3473 et
1103 3411 1246 3494 practice
1270 3411 1430 3475 simulac

249 3530 396 3595 theorice
421 3529 542 3594 callere
566 3531 707 3616 cupiunt,
732 3529 904 3615 plurimum
928 3529 1047 3595 suadeo
1070 3537 1106 3596 ut
1132 3536 1310 3616 procurent
1332 3554 1367 3598 se
1396 3535 1431 3599 in

251 3652 335 3718 dicto
359 3654 479 3718 Sacrae
503 3653 770 3739 Congregationis
793 3654 897 3720 studio
921 3653 1043 3722 admitti
1068 3662 1164 3739 atque
1187 3658 1220 3721 in
1244 3676 1282 3721 eo
1306 3656 1431 3724 duobus

249 3778 307 3839 aut
329 3773 431 3839 tribus
455 3775 548 3839 annis
571 3794 642 3840 sese
666 3779 892 3839 exerceant».

340 3986 379 4054 (l)
399 3986 487 4039 Studii
514 3984 630 4039 Pressas
649 3992 691 4039 est
713 3985 894 4051 Secretarius,
913 3990 943 4040 et
961 3986 1081 4040 Auditor
1109 3986 1190 4040 huius
1218 3991 1328 4041 tautum
1353 3988 1432 4042 vioes

250 4094 334 4163 gerit.
363 4094 403 4147 Ex
423 4094 608 4164 decretoque
628 4093 741 4163 regulae
761 4093 853 4148 editae
872 4098 937 4147 suut
955 4110 1006 4163 pro
1025 4094 1171 4149 iuvenibus
1190 4095 1287 4149 Studio
1305 4094 1431 4163 addictis,

250 4202 409 4273 exquiritur
422 4203 450 4255 in
470 4202 616 4256 iuvenibus
629 4201 808 4255 admittendis
821 4202 935 4257 Laurea
948 4204 978 4255 in
995 4211 1112 4273 utroque
1126 4204 1197 4257 iure.
1217 4203 1307 4263 Quare
1322 4206 1431 4256 tantum

252 4307 439 4378 dispensative
458 4307 501 4361 illi
520 4308 714 4373 admittuntur,
734 4307 780 4378 qui
800 4308 829 4361 iu
847 4308 908 4363 iure
928 4308 1061 4362 canonico
1086 4306 1232 4362 dumtaxat
1255 4307 1431 4362 doctoratum

251 4413 372 4468 assecuti
395 4417 467 4467 sunt.
