3292 5109
301 264 370 332 388
831 286 915 333 rias
938 286 975 333 u.

302 409 438 496 singulis
467 429 545 475 suus
573 407 776 495 praesideret
798 408 969 493 Vicarius,
993 412 1053 479 etsi
1083 414 1368 499 pervagatissimus
1395 420 1485 481 esset

302 536 336 600 in
358 540 428 603 toto
450 536 523 601 fere
538 534 725 616 Occidente,
740 535 926 602 inusitatum
950 542 1058 603 tamen
1080 537 1182 605 fuisse
1198 540 1230 604 in
1247 546 1359 607 nostra
1375 541 1482 623 Italia,

301 660 421 725 asserit
441 657 590 726 laudatus
612 659 884 726 Thomassinus....
901 680 933 725 ».
958 660 1017 727 Isti
1046 664 1115 727 sive
1138 664 1388 749 Archidiaconi,
1412 666 1485 731 sive

301 784 428 851 Vicarii
450 784 577 849 foranei
599 784 652 850 vel
675 785 798 851 Decani
820 790 931 861 erant,
956 789 1027 853 iure
1051 788 1181 855 illorum
1208 794 1406 876 temporum,
1431 794 1481 857 iu·

301 910 390 977 dices
411 909 568 977 ordinarii
591 913 759 997 proprium
782 910 939 979 habentes
962 912 1115 988 tribunal,
1144 934 1187 979 ex
1210 916 1282 981 iure
1309 918 1480 991 communi,

301 1036 438 1102 inferius
459 1035 614 1102 tribunali
636 1036 798 1121 Episcopi.

392 1160 487 1225 Nulla
508 1160 646 1245 positiva
666 1159 742 1245 lege
763 1179 904 1244 unquam
927 1158 1046 1225 abolita
1061 1160 1195 1228 fuerunt
1217 1161 1398 1228 huiusmodi
1418 1168 1480 1233 Ar·

300 1284 563 1355 chidiaconorum
586 1284 762 1352 tribunalia
777 1283 834 1350 sed
849 1304 933 1371 pene
956 1284 1072 1371 ubique
1088 1286 1228 1352 adversa
1246 1288 1480 1355 consuetudine

299 1412 502 1498 praescripta
528 1410 669 1476 fuerunt.
696 1409 908 1475 Nihilominus
931 1412 958 1475 si
981 1410 1088 1476 adhuc
1109 1412 1228 1478 alicubi
1253 1414 1401 1499 vigeant,
1423 1414 1478 1480 vel

300 1534 532 1603 consuetudine
564 1534 709 1621 legitima
742 1535 777 1599 in
811 1534 982 1620 pristinum
1018 1536 1168 1603 restituta
1201 1538 1281 1612 sint,
1313 1536 1480 1603 ordinaria

298 1659 453 1726 fruuntur
475 1663 643 1745 potestate,
667 1659 774 1743 prouti
796 1663 979 1724 statuerant
1001 1658 1202 1725 Decretales.

388 1784 427 1851 Id
449 1803 529 1849 vero
551 1781 677 1847 adverti
708 1781 819 1867 debet,
844 1802 937 1867 posse
967 1783 1000 1847 vi
1030 1782 1204 1868 peculiaris
1235 1784 1479 1851 consuetudinis

299 1930 358 1979 seu
387 1910 528 1997 vigentis
558 1912 681 1973 tantum
712 1910 746 1973 in
776 1908 884 1991 aliqua
914 1906 1054 1974 dioecesi
1083 1909 1137 1974 vel
1167 1909 1337 1994 provincia
1367 1909 1478 1975 induci

298 2038 435 2125 madum
457 2034 686 2101 iurisdictionis
709 2033 892 2100 ordinariae
915 2034 1081 2099 inferioris
1097 2035 1279 2121 Episcopali
1297 2034 1419 2121 gradu;
1444 2042 1478 2102 et

298 2182 337 2227 re
360 2179 441 2227 sane
464 2160 542 2244 ipsa,
560 2157 623 2223 hoc
645 2163 739 2243 pacto
762 2157 935 2225 constituta
958 2157 1092 2224 fuerunt
1112 2157 1287 2223 tribunalia
1303 2157 1477 2225 Archidia-

299 2306 473 2363 conorum;
496 2285 552 2352 sed
576 2287 753 2371 Episcopus
775 2283 952 2350 nullimode
968 2284 1102 2356 valeret,
1119 2286 1312 2350 auctoritate
1336 2304 1403 2357 sua,
1429 2287 1476 2350 iu-

299 2410 402 2477 dicem
433 2411 630 2475 constituere
660 2408 878 2475 ordinarium
913 2406 972 2472 sibi
1007 2406 1184 2481 subditum,
1217 2426 1274 2472 seu
1309 2407 1478 2473 inferioris

298 2537 429 2625 gradus,
452 2536 557 2623 prouti
579 2534 799 2619 expendemus
822 2532 910 2597 infra
932 2538 1066 2617 agentes
1088 2533 1128 2597 de
1152 2530 1308 2597 iudicibus
1331 2532 1371 2597 ab
1395 2532 1475 2617 Epi-

298 2683 395 2748 scopo
419 2660 585 2746 delegatis.
609 2661 670 2724 Ast
692 2660 775 2725 ratio
798 2660 833 2723 in
857 2664 1006 2745 promptu
1030 2662 1091 2734 est;
1117 2659 1234 2723 etenim
1266 2658 1478 2741 particularis

297 2783 495 2854 consuetudo
516 2784 660 2869 legitime
682 2784 886 2869 praescripta
908 2784 974 2849 vim
997 2782 1079 2868 legis
1102 2782 1239 2847 desumit
1261 2802 1281 2846 a
1304 2784 1375 2847 iure
1390 2801 1475 2847 com·

296 2913 397 2994 muni,
420 2909 476 2976 sed
499 2907 584 2973 idem
606 2910 656 2974 ius
678 2928 744 2973 non
767 2909 852 2980 sinit,
873 2908 1049 2993 Episcopos
1071 2912 1150 2973 nutu
1174 2928 1231 2972 suo
1255 2906 1375 2993 gradus
1398 2926 1475 2972 con·

296 3039 431 3106 stituere
454 3034 682 3099 iurisdictionis
705 3033 890 3099 ordinariae
912 3032 1200 3118 infraepisoopalis.

386 3160 462 3227 310.
481 3160 625 3226 Historia
640 3158 954 3224 Archidiaconorum
970 3157 1064 3224 docet
1079 3178 1174 3241 quam
1190 3158 1383 3249 multiplices
1397 3157 1472 3222 fue·

296 3284 365 3350 rint
383 3282 499 3346 horum
522 3281 722 3347 auctoritatis
737 3279 974 3345 vicissitudines
997 3285 1029 3345 et
1051 3280 1186 3355 formae,
1202 3286 1236 3343 at
1252 3284 1363 3344 nostra
1387 3277 1472 3361 quod

296 3405 442 3479 interest,
466 3402 604 3469 sufficiat
627 3403 764 3469 innuere
787 3404 846 3467 hos
870 3402 1064 3489 disparuisse
1087 3402 1274 3469 substitutos
1297 3422 1357 3486 per
1376 3402 1475 3469 Vica-

296 3529 364 3593 rios
386 3528 565 3595 Generales
588 3546 646 3591 seu
669 3525 833 3592 Officiales
857 3528 911 3610 qui
936 3535 968 3592 et
991 3528 1049 3612 ipsi
1076 3534 1174 3595 antea
1196 3526 1330 3590 fuerunt
1353 3525 1473 3610 specia-

295 3653 373 3719 liter
388 3651 527 3738 delegati
541 3651 582 3716 ad
598 3651 864 3737 intercipiendam
879 3652 1192 3717 Archidiaconorum
1208 3650 1473 3723 iurisdictionem,

295 3798 360 3863 qua
389 3776 507 3842 iamdiu
536 3784 632 3863 turpe
662 3776 695 3842 hi
727 3776 817 3842 abusi
849 3782 952 3842 erant.
978 3776 1203 3862 Delegationes
1232 3775 1474 3859 frequentiores

295 3908 330 3969 et
351 3902 424 3969 fere
447 3901 563 3986 ubique
582 3903 748 3987 repetitae,
773 3898 952 3968 effecerunt
975 3907 1010 3968 ut
1032 3903 1206 3968 auctoritas
1222 3900 1347 3967 Vicarii
1364 3898 1471 3966 Gene-

294 4029 374 4095 ralis
396 4026 453 4115 (l),
477 4048 535 4094 seu
559 4024 714 4093 Officialis
729 4046 750 4091 a
765 4027 837 4092 iure
860 4030 1019 4092 communi
1043 4028 1212 4113 recognita
1235 4030 1319 4091 esset
1342 4033 1376 4089 et
1398 4044 1473 4089 con-

321 4368 325 4375 ,
384 4306 423 4379 (l)
444 4305 549 4359 Vicarii
568 4304 719 4360 Generales
731 4305 761 4358 in
774 4304 867 4358 Gallia
885 4306 1058 4376 iampridem
1076 4306 1215 4379 officiales
1233 4303 1387 4375 nuncupari
1406 4318 1471 4356 con·

293 4418 446 4469 sueverunt
464 4418 494 4468 et
512 4411 616 4466 alicubi
634 4411 719 4465 etiam
733 4411 868 4482 distingui
886 4429 904 4466 a
923 4412 981 4468 Vic.
995 4414 1190 4469 Generalibus:
1211 4414 1244 4468 cf.
1259 4412 1401 4477 Fouruier‚
1415 4410 1472 4464 Las
