3292 5109
306 259 373 328 308
824 283 908 329 rans
932 282 969 327 ιι.

305 405 477 485 antequam
507 404 567 467 ista
598 400 826 489 perficiantur,
849 405 957 489 gratia
986 423 1058 468 esse
1088 402 1208 468 dicitur
1236 404 1342 488 potius
1371 402 1405 466 in
1428 402 1486 465 ria

304 540 399 605 quam
422 525 456 588 in
479 526 636 599 termino;
659 524 700 589 ad
731 527 835 591 instar
857 546 970 591 eorum
1001 544 1084 610 quae
1109 524 1267 589 habemus
1290 526 1323 589 in
1345 525 1487 589 materia

301 651 566 715 testamentorum
598 649 700 715 donec
731 656 805 716 suot
837 653 869 715 iu
892 653 947 715 ria
970 672 1035 715 non
1058 650 1165 715 adhuc
1191 650 1327 715 redacta
1348 649 1389 713 ad
1411 648 1484 713 ulti·

301 792 387 837 mum
402 774 576 839 terminum
592 773 740 839 testandi.
756 775 899 840 Proinde
914 795 981 839 non
996 776 1101 839 solum
1114 773 1282 841 Officiales
1294 775 1483 846 Revisores‚

299 899 547 985 supplicationes
559 900 622 963 iam
634 901 778 985 signatas
790 904 823 965 et
835 899 962 967 datatas
973 900 1486 985 corrigereseureformarepos·

300 1024 375 1090 s'unt
397 1023 543 1091 addendo
573 1026 625 1091 vel
656 1026 834 1091 minuendo
861 1032 895 1091 et
920 1026 1029 1110 aliqua
1051 1027 1216 1101 cassando,
1241 1047 1354 1092 rerum
1381 1026 1484 1090 etiam

299 1151 450 1217 Datarius
477 1152 575 1217 habet
605 1154 638 1216 in
666 1152 873 1218 facultatibus
904 1172 960 1217 eas
982 1154 1080 1217 etiam
1103 1174 1164 1238 pro
1186 1152 1289 1218 lubito
1310 1150 1484 1217 lacerandi

298 1276 351 1339 rel
376 1276 455 1341 alias
478 1275 649 1341 retinendi.
675 1276 815 1361 Seqnuto
840 1276 926 1342 dicto
949 1277 1185 1363 registrationia
1207 1282 1293 1356 actu,
1316 1276 1481 1359 snpplica-

298 1401 402 1465 tiones
425 1403 657 1489 consignantur
678 1402 921 1487 expeditoribus
942 1410 978 1467 ut
996 1424 1056 1489 per
1072 1402 1237 1469 Officiales
1259 1403 1484 1468 cancellariae

298 1524 514 1608 expediantur
546 1525 661 1591 literae
696 1546 777 1611 quae
812 1547 872 1611 pro
906 1528 1031 1612 gratiae
1065 1528 1280 1611 exequutione
1303 1532 1337 1590 et
1359 1522 1481 1592 effectu

297 1646 501 1709 necessariae
524 1650 598 1709 sunt
613 1649 646 1711 et
660 1647 729 1710 sine
752 1646 876 1730 quibus,
899 1666 942 1710 ex
962 1647 1077 1733 regula
1099 1646 1316 1711 cancellariae
1339 1664 1384 1712 nn
1406 1665 1480 1711 mom

296 1786 480 1835 runrcuuuo
504 1788 608 1835 rnxru
631 1789 772 1837 renuam
804 1789 1094 1843 snrrmcurronrs,
1120 1770 1203 1835 istae
1225 1770 1483 1856 supplicationes

295 1896 441 1978 quamvis
470 1894 638 1979 perfectae
654 1901 687 1960 et
702 1897 897 1981 registratae
914 1894 970 1981 (l),
984 1902 1020 1962 ut
1033 1916 1142 1981 supra,
1154 1916 1220 1961 non
1243 1893 1478 1981 suffragantur,

295 2019 453 2104 aliquibus
477 2020 602 2087 casibus
626 2023 773 2107 exceptis
794 2024 829 2087 in
852 2022 966 2107 quibus
989 2023 1021 2087 id
1044 2029 1212 2106 receptum
1228 2023 1269 2087 sit
1284 2020 1354 2107 (seu
1370 2028 1405 2086 ut
1420 2042 1478 2086 ex-

295 2142 467 2227 pediantur
482 2164 541 2228 per
557 2144 659 2209 solum
683 2166 841 2232 organum
865 2146 1038 2233 Dammae),
1063 2153 1141 2232 puta
1157 2146 1210 2211 ubi
1228 2147 1337 2232 agitur
1352 2146 1392 2211 de
1407 2146 1478 2211 exi-

384 2371 423 2441 (l)
436 2372 466 2426 ln
479 2370 531 2427 hoc
545 2376 717 2444 propositum
730 2374 798 2429 haec
812 2378 927 2432 ascribo
939 2395 974 2430 ex
987 2374 1159 2431 Collectione
1174 2375 1319 2430 Pallottini
1334 2376 1388 2428 rol.
1403 2375 1475 2442 XII,

293 2504 308 2517 ·
319 2476 451 2543 Litterae,
460 2480 574 2545 liuline,
583 2482 688 2535 Brevia
701 2492 752 2535 etc.
763 2510 777 2521 -
786 2499 813 2551 p.
824 2482 891 2533 307
902 2500 931 2534 n.
941 2482 983 2534 34
993 2499 1048 2550 seq.
1057 2496 1075 2536 s(
1085 2481 1228 2535 Correctio
1240 2480 1305 2534 hinc
1315 2481 1477 2536 Literarum

292 2582 517 2651 Apostolicorum
536 2586 697 2641 conceditur
716 2588 908 2642 tantummodo
927 2588 1037 2658 quando
1056 2588 1157 2642 literne
1172 2588 1311 2642 discordes
1329 2606 1346 2640 a
1364 2587 1475 2657 snppli-

292 2689 402 2743 catione
415 2691 471 2745 sint
483 2690 528 2746 vel
541 2692 650 2763 quando
669 2694 760 2745 minus
779 2698 856 2747 recte
874 2692 1021 2761 expeditae
1039 2694 1224 2761 reperiantur,
1242 2692 1417 2746 Marehesan.
1436 2694 1476 2747 de

292 2800 428 2850 commiss.
437 2810 512 2869 part.
527 2802 542 2853 1
553 2816 618 2869 pap.
632 2800 734 2851 49012.
747 2800 796 2851 29,
813 2799 927 2867 Riganti
939 2801 978 2852 ad
990 2800 1059 2868 Rep.
1076 2799 1199 2851 Carmeli.
1216 2800 1291 2851 Tem.
1304 2796 1325 2849 Ι
1331 2815 1396 2868 pap.
1407 2800 1478 2850 242

290 2919 317 2955 n.
332 2903 376 2955 87
390 2914 415 2957 et
434 2904 509 2959 Tem.
522 2906 543 2957 3
558 2922 624 2976 pupi
644 2906 687 2957 43
705 2923 731 2958 n.
750 2905 798 2970 73,
820 2904 971 2973 Fagoanus
988 2908 1018 2957 in
1037 2922 1096 2974 cap.
1117 2904 1195 2957 Licet
1213 2904 1249 2957 de
1268 2905 1346 2957 crim.
1365 2905 1471 2972 [crisi.m

290 3008 349 3063 Nec
367 3010 481 3064 dubium
500 3012 567 3083 quin
590 3012 705 3066 Dataria
728 3011 893 3065 facultatem
918 3012 1074 3080 corrigendi
1095 3012 1205 3066 Literas
1222 3010 1399 3081 Apostolicas
1420 3009 1473 3064 ha·

290 3117 364 3183 beet,
382 3118 466 3171 etiam
486 3118 536 3173 lite
556 3120 701 3189 pendente,
716 3118 788 3172 Rosa
801 3122 836 3172 de
850 3128 956 3172 execut.
974 3120 1013 3171 lit.
1028 3122 1123 3187 Aposl.
1137 3128 1212 3187 pert.
1226 3119 1240 3170 1
1259 3120 1287 3170 in
1305 3119 1391 3171 addit.
1404 3136 1431 3170 n.
1446 3120 1472 3185 1,

290 3226 416 3293 otperto
435 3240 490 3278 non
510 3226 605 3291 citata,
625 3226 741 3295 Rigauti
759 3229 796 3279 od
815 3226 917 3295 Repul.
935 3226 982 3278 27
1002 3225 1126 3279 Carmeli.
1145 3242 1172 3277 n.
1193 3225 1253 3276 172
1270 3226 1301 3276 in
1325 3225 1472 3279 Verulana

291 3332 783 3399 stalli‚aie20Decemb.1823§
805 3332 885 3391 Quin.
911 3332 981 3385 Nam
1007 3331 1137 3385 Datariae
1162 3332 1268 3385 factum
1293 3348 1326 3384 ac
1350 3332 1468 3385 scicntia

287 3453 338 3506 pro
356 3438 474 3493 scientia
492 3456 525 3492 ec
543 3441 618 3493 sacto
637 3438 781 3491 Pontificis
803 3438 886 3492 debet
904 3437 1011 3504 haberi,
1030 3438 1166 3509 Amydon.
1186 3439 1221 3491 de
1242 3439 1314 3506 stylo
1333 3438 1471 3493 Datariroe

288 3543 334 3627 lib.
355 3542 369 3595 1
388 3560 447 3614 cop.
460 3546 481 3596 3
494 3562 520 3597 n.
535 3546 557 3611 l,
577 3545 651 3600 Rota
669 3547 698 3597 in
711 3544 837 3615 Nuperr.
851 3554 916 3597 tom.
934 3545 948 3596 1
962 3546 1051 3599 necis.
1066 3546 1126 3597 4η.
1139 3546 1169 3609 4,
1188 3546 1218 3597 in
1236 3546 1349 3598 Recent.
1360 3554 1437 3614 part.
1454 3545 1469 3597 1

286 3652 370 3705 decis.
389 3652 458 3704 356
474 3670 502 3704 ra.
522 3652 550 3717 8,
568 3653 598 3705 in
622 3652 741 3706 Trenen.
762 3651 997 3705 Paenitentierioe
1015 3654 1061 3705 die
1076 3653 1114 3705 15
1129 3652 1199 3705 Iulii
1212 3654 1323 3719 18485
1338 3653 1419 3711 Quin.
1430 3680 1469 3694 -

286 3758 366 3813 Unde
391 3759 415 3811 si
440 3759 551 3813 Literae
570 3758 748 3829 Apostolicae
774 3760 881 3812 fuerint
907 3757 1054 3827 expeditae
1079 3774 1164 3827 penes
1183 3758 1326 3813 Deteriam
1345 3761 1470 3828 Aposto-

283 3867 368 3921 licam
388 3883 537 3937 earumque
556 3868 720 3939 exequuti0,
740 3869 775 3921 ob
795 3872 922 3922 exortam
941 3866 1175 3933 controversiam,
1194 3867 1370 3937 impediatur,
1380 3867 1469 3920 Sacra

284 3973 472 4043 Congregatio
491 3974 630 4047 (Consilii)
650 3978 716 4029 note
735 3974 828 4028 omnia
846 3974 960 4027 mandat
979 3979 1010 4027 ut
1028 3974 1176 4027 audiantur
1196 3974 1256 4029 eius
1273 3974 1397 4028 Ministri
1416 3991 1466 4028 seu

284 4080 456 4136 officiales...
475 4082 539 4135 hino
558 4083 587 4135 in
607 4084 726 4151 partium
752 4082 881 4135 conflicto
906 4081 1048 4150 proposito
1067 4082 1164 4136 dubio:
1182 4083 1258 4137 (An
1277 4082 1314 4135 sit
1330 4063 1466 4135 ‘standum

282 4188 328 4243 vel
347 4189 529 4243 recedendum
548 4207 564 4243 a
583 4190 681 4245 decisis
700 4190 728 4241 iu
747 4206 821 4255 casu,
842 4217 856 4228 -
876 4188 903 4241 S.
923 4189 1011 4258 Cong.
1029 4206 1191 4259 responsum
1217 4188 1297 4243 tulit:
1319 4188 1412 4243 Dilata
1436 4193 1466 4244 et

282 4298 432 4351 audiantur
456 4297 578 4351 Ministri
604 4297 734 4351 Dateriae
759 4298 788 4349 in
813 4296 944 4350 Leodien.
971 4297 1194 4365 Confimnotionis
1220 4299 1393 4352 Statutorum
1417 4298 1469 4352 die

284 4406 322 4459 19
340 4406 462 4475 Aupusti
482 4406 561 4459 1730
574 4424 598 4457 a.
