3292 5109
329 238 373 305 64
804 290 806 295 .
844 264 929 312 ruas
954 263 991 311 11.

328 380 382 446 vel
409 383 559 449 Datarius
589 384 707 468 aliique
730 390 840 450 votum
868 386 972 451 Rotae
1005 391 1181 471 exquirere
1209 390 1330 472 solent,
1366 395 1400 455 et
1428 395 1508 457 tunc

327 528 419 575 mera
439 511 602 596 expetitur
617 510 809 577 consultatio
826 532 909 596 quae
931 520 1044 599 suapte
1066 516 1098 579 vi
1123 536 1188 582 non
1209 516 1330 603 obligat
1352 518 1506 585 iudicium

328 634 509 720 expetentis
532 632 710 699 consilium.

452 916 475 998 5
499 918 528 980 4.
564 916 615 981 De
635 915 738 983 modo
757 916 971 999 procedendi
999 918 1178 986 tribunatia
1201 921 1236 987 S.
1260 919 1377 989 Rotae.

328 1196 545 1253 Summarium.
563 1226 600 1241 -
616 1200 660 1253 66.
681 1199 760 1255 Unus
772 1216 807 1255 ex
821 1200 1012 1267 Auditoribus,
1025 1203 1072 1272 qui
1091 1202 1196 1257 dicitur
1209 1204 1325 1271 Peneus,
1338 1204 1411 1272 apud
1423 1220 1507 1274 quem

417 1305 552 1359 instantia
569 1306 763 1373 introducitur,
777 1312 819 1361 est
836 1323 937 1363 causae
955 1308 1115 1364 instructor.
1129 1338 1164 1351 -
1176 1310 1220 1363 67.
1239 1308 1382 1371 Quomodo
1399 1309 1507 1363 instru-

417 1413 473 1466 ctio
486 1414 544 1466 fiat.
559 1442 596 1454 —
614 1414 657 1467 68.
676 1413 748 1468 Litis
767 1414 937 1469 contestatio
955 1416 988 1468 fit
1006 1431 1056 1485 per
1074 1415 1158 1470 dubis
1176 1416 1249 1486 apud
1268 1416 1422 1471 Ponentem
1441 1431 1509 1471 con-

417 1520 544 1586 cordata,
564 1520 677 1591 quodsi
697 1526 790 1590 partes
809 1536 864 1574 non
883 1521 1051 1576 conveniant
1068 1522 1097 1575 in
1117 1521 1301 1592 proponendis
1319 1521 1418 1588 dubiis,
1437 1538 1507 1576 con-

416 1625 540 1680 cordatio
559 1626 712 1680 remittitur
731 1625 765 1679 ad
784 1626 1015 1681 deliberationem
1034 1627 1183 1683 Auditorii.
1203 1658 1238 1671 -
1256 1628 1300 1684 69.
1319 1628 1360 1684 De
1377 1629 1508 1684 formulis

416 1734 571 1800 dubiorum,
589 1733 737 1805 praecipue
749 1748 784 1788 ex
796 1732 862 1787 Cod.
875 1732 957 1803 Greg.
970 1732 1047 1787 XVI.
1064 1762 1102 1775 -
1117 1734 1162 1787 70.
1182 1734 1222 1791 De
1240 1734 1451 1790 determinanda
1460 1736 1508 1791 die

415 1838 613 1910 propositionis
625 1855 735 1907 causae,
744 1839 778 1895 de
787 1839 885 1895 diebus
895 1840 996 1911 quibus
1005 1840 1080 1895 Rota
1091 1839 1212 1895 habetur
1224 1846 1254 1896 et
1266 1840 1508 1896 desecationibus

403 1947 598 2001 auditoribus
613 1946 759 2001 concessis.
779 1974 813 1988 -
831 1946 876 2001 71.
895 1948 970 2002 Ante
989 1963 1089 2001 causae
1102 1948 1328 2017 propositionem,
1342 1947 1463 2003 Ponenti
1476 1954 1507 2003 et

414 2051 595 2106 Auditoribus
607 2053 640 2105 fit
652 2052 760 2123 duplam
771 2052 944 2124 informatio.
964 2082 999 2095 -
1018 2054 1062 2107 72.
1078 2052 1128 2108 Die
1141 2056 1257 2118 statuta,
1270 2050 1428 2118 Auditores,
1443 2055 1507 2122 post
1570 2112 1574 2117 ,

416 2160 579 2214 relationem
604 2176 740 2215 causaue
759 2160 885 2215 Ponente
908 2162 1027 2226 iactam,
1045 2160 1131 2215 edunt
1148 2170 1216 2215 vota
1233 2160 1281 2217 sed
1306 2158 1505 2225 diversimod03

414 2284 479 2321 nam
493 2265 641 2338 aliquando
653 2265 781 2320 nonnulli
794 2270 914 2334 tantum,
926 2272 1038 2321 servato
1050 2275 1128 2323 certo
1140 2276 1233 2333 tamo,
1245 2265 1396 2338 aliquando
1406 2283 1506 2323 omnes

414 2377 481 2428 vota
490 2374 592 2428 serunt
603 2399 637 2412 -
646 2372 690 2427 73.
698 2371 808 2427 Ponens
820 2389 855 2427 ex
867 2373 941 2427 votis
951 2373 1116 2427 Auditorum
1128 2372 1387 2443 corresponsalinm,
1397 2373 1426 2426 in
1437 2375 1508 2427 scri·

409 2482 470 2552 ‘ptis
482 2481 536 2536 sibi
550 2481 656 2536 relictis
674 2486 772 2536 exarat
785 2482 947 2535 decisiones.
961 2510 995 2523 -
1007 2481 1051 2536 74.
1064 2481 1257 2546 Quaenamsit
1269 2480 1312 2535 vis
1323 2480 1504 2536 decisionum

412 2616 451 2631 -
467 2587 511 2641 75.
530 2586 671 2648 Quomodo
688 2585 792 2641 decisio
810 2590 937 2640 transeat
954 2586 985 2639 in
1003 2586 1171 2641 sententiam
1189 2585 1350 2642 iudicialem
1367 2590 1398 2641 et
1415 2603 1505 2658 quae·

413 2710 478 2747 nam
503 2692 540 2747 eit
562 2692 635 2747 ratio
658 2690 741 2746 huius
766 2691 936 2763 systematis.
957 2720 992 2733 -
1009 2693 1053 2746 76.
1073 2692 1215 2754 Quomodo
1236 2694 1433 2763 interponatur
1451 2711 1505 2763 ap-

413 2800 537 2872 pellatio.
557 2829 591 2842 -
608 2800 652 2853 77.
672 2798 765 2852 Etiam
784 2798 813 2852 in
835 2797 948 2853 edendis
960 2798 1033 2852 votis
1045 2815 1063 2852 a
1075 2798 1166 2853 Rotae
1181 2798 1328 2853 Auditorio
1347 2798 1504 2869 exquisitis,

413 2906 626 2964 consultationis
643 2906 735 2971 causi,
748 2909 842 2959 certus
860 2908 988 2959 servatur
1007 2903 1082 2958 ordo.
1101 2932 1138 2946 -
1154 2903 1198 2958 78.
1219 2902 1259 2957 De
1271 2904 1503 2959 condemnatione

413 3016 443 3069 in
455 3030 591 3084 expensas
602 3012 669 3067 litis
683 3040 718 3055 -·
729 3012 774 3065 79.
789 3012 979 3082 Congregatio
990 3010 1108 3079 Rotalis,
1118 3016 1148 3066 et
1158 3011 1233 3066 Rota
1241 3011 1506 3066 materialium.-

414 3122 457 3177 80.
477 3122 517 3177 De
534 3119 757 3177 solemnitatibus
775 3120 805 3174 in
823 3119 992 3175 exordiendo
1009 3136 1083 3175 anuo
1101 3119 1196 3175 Rotali
1215 3119 1357 3190 adhibitis

415 3372 468 3438 66.
493 3369 647 3436 Tribunal
664 3371 695 3437 S.
713 3372 816 3436 Rotae
832 3375 867 3436 ut
882 3369 1054 3456 plurimum
1077 3388 1192 3435 causas
1214 3366 1326 3435 delinit
1348 3369 1381 3433 in
1397 3368 1504 3455 gradu

324 3494 563 3582 appellationis;
586 3497 620 3557 at
648 3511 712 3557 non
738 3492 838 3558 semel
862 3492 960 3559 etiam
991 3491 1025 3556 in
1054 3491 1160 3576 prima
1183 3490 1351 3565 instantia3
1377 3489 1504 3564 sedin

324 3624 461 3703 utroque
483 3636 570 3691 casu,
594 3615 759 3701 processui
788 3615 978 3681 instruendo
1005 3615 1121 3703 aliquis
1145 3634 1188 3680 ex
1211 3613 1422 3680 Auditoribus
1449 3612 1503 3679 de

323 3738 483 3828 putandus
512 3743 584 3804 erat
603 3734 660 3827 (1).
685 3738 766 3805 Nam
788 3738 1013 3825 appellationis
1042 3757 1168 3823 quoque
1196 3757 1312 3812 causa,
1338 3756 1383 3803 ex
1404 3756 1505 3823 prae-

414 3952 454 4027 (1)
473 3954 549 4009 Haec
566 3953 639 4008 ratio
657 3950 821 4022 procedendi
841 3950 867 4005 S.
887 3950 977 4005 Rotae
998 3949 1123 4019 pluribus
1141 3950 1171 4004 in
1189 3950 1318 4020 partibus
1342 3949 1438 4006 eadem
1458 3952 1505 4004 est

324 4082 357 4119 ac
380 4062 432 4119 illa
458 4079 530 4135 quae
556 4065 683 4116 servatur
711 4059 783 4129 apud
810 4057 837 4113 S.
864 4056 1117 4128 congregationes,
1142 4055 1224 4112 hodie
1252 4057 1401 4127 praecipue
1428 4056 1504 4126 apud

325 4169 352 4225 S.
365 4168 451 4241 ¹(long.
464 4166 590 4235 Concilii,
604 4170 749 4238 postquam
762 4165 852 4220 Rotae
865 4163 1042 4220 Auditorinm
1054 4164 1114 4219 iere
1126 4164 1239 4218 omnino
1255 4168 1340 4217 tacet.
1353 4163 1408 4217 Pro
1427 4177 1504 4217 ccm-

324 4272 469 4327 mentariis
492 4270 728 4327 constitutionum
754 4268 922 4324 Pontificum
947 4266 982 4323 de
1006 4266 1034 4321 S.
1060 4266 1124 4322 Rea
1150 4267 1230 4321 Rom.
1253 4267 1287 4320 cf.
1307 4265 1387 4320 Card.
1407 4266 1503 4330 Petra

324 4380 545 4437 Commentarios
562 4380 592 4434 in
610 4380 702 4434 Consi.
722 4378 833 4433 loannis
851 4376 932 4432 XXII
951 4404 966 4419 ·
983 4376 1066 4431 Ratio
1083 4376 1164 4430 iuris.
