3292 5109
285 285 351 351 528

344 424 438 476 Testis.
457 452 494 464 -
513 423 562 477 rtst
580 425 687 491 specics
704 425 848 493 probatio·

284 495 337 559 nis,
350 511 411 563 pag.
424 494 484 547 483.
499 523 513 534 -
528 495 572 548 lus
585 497 667 550 civile
681 495 762 550 hodie
778 513 848 564 pene

284 565 407 620 excludit
417 565 488 619 hauc
499 567 699 635 probationem
709 570 752 621 ius
762 584 848 621 cauo·

283 637 376 691 uicum
384 637 505 692 libenter
514 639 645 704 admittit,
654 657 715 708 pag.
726 639 788 702 tet,
800 639 848 694 sed

283 708 466 763 diversimode
477 710 848 778 proiudiciiscriminalibus

282 797 366 850 quam
378 797 426 849 pro
435 781 574 846 civilibus,
583 799 644 851 pag.
653 783 764 836 ret-85.
774 812 788 822 -
799 783 847 835 Di·

283 853 465 921 stinguuntur
484 857 570 907 testes
589 853 733 907 iudiciales
752 859 781 908 et
800 870 847 908 ex·

283 923 481 986 traiudiciales‚
493 941 554 992 pag.
569 925 630 978 485.
641 955 656 965 -
668 925 785 986 Quinam
796 926 846 979 ad·

282 996 357 1048 mitti
381 995 495 1064 possint,
517 996 631 1066 quinam
655 997 752 1066 repelli
772 1001 846 1050 tam-

282 1083 364 1135 quam
378 1071 462 1121 testes
473 1069 500 1120 iu
511 1067 627 1134 iudiciis,
637 1085 698 1137 pag.
706 1069 817 1122 485-88.
829 1098 844 1108 -

282 1136 847 1208 Explicaturquaenamsitvisprohibitio·

283 1209 326 1262 nis
338 1211 396 1264 sive
410 1209 544 1264 relativae
557 1211 616 1265 sive
627 1211 772 1264 absolutae
784 1212 846 1265 iure

282 1281 400 1349 positivo
410 1281 538 1336 decretae
548 1283 638 1350 quoad
648 1283 789 1337 serendum
801 1289 845 1338 te·

282 1353 451 1416 stimonium,
467 1369 528 1421 pag.
542 1353 654 1407 488-90.
667 1385 682 1393 -
697 1354 794 1408 Testes
807 1356 847 1406 ci-

281 1421 378 1476 tantut'·
406 1441 461 1477 una
492 1425 611 1492 simplici
643 1426 778 1480 citatione
808 1425 843 1478 ad

282 1495 444 1548 instantiam
473 1497 574 1564 partis,
603 1513 663 1565 pag.
689 1497 800 1551 tan-91.
828 1527 842 1536 -

282 1568 325 1619 An
339 1567 452 1620 testium
467 1567 652 1622 iuramentum
664 1569 768 1622 remitti
780 1585 844 1637 pos-

281 1637 326 1702 sit,
347 1655 408 1705 pag.
428 1639 488 1692 191.
509 1668 523 1677 -
545 1639 574 1691 ln
600 1640 729 1694 civilibus
751 1646 844 1708 partes

280 1709 416 1764 interesse
435 1716 549 1778 possunt
572 1711 686 1766 testium
711 1712 843 1777 examini,

281 1797 337 1834 uon
356 1795 422 1834 vero
440 1782 468 1834 iu
485 1783 684 1848 criminalibus,
699 1801 760 1851 pag.
774 1781 843 1836 491-

281 1852 325 1906 94.
345 1880 361 1890 -
381 1852 523 1912 Quomodo
542 1854 702 1922 dirigendae
723 1857 779 1908 siut
798 1855 843 1908 in-

281 1923 494 1992 terrogationes,
515 1941 577 1994 pag.
598 1927 661 1979 tat.
683 1956 698 1966 -
718 1926 842 1980 Testium

280 1992 367 2060 valor,
389 2011 451 2064 pag.
472 1995 533 2048 495.
552 2025 568 2035 -
589 1997 648 2050 Duo
668 2001 753 2052 testes
765 1999 842 2051 omni

281 2067 445 2134 exceptione
465 2067 583 2120 maiores
603 2069 713 2136 plenam
735 2069 843 2123 faciunt

280 2137 378 2203 fidem,
409 2154 471 2206 pag.
500 2138 611 2193 495-96.
640 2171 656 2179 -
684 2138 843 2209 Aliquando

281 2207 375 2277 plures
393 2212 480 2262 testes
504 2210 599 2264 valent
623 2213 777 2281 respective
801 2212 842 2266 uti

281 2297 352 2333 unus
365 2281 452 2346 testis,
468 2297 528 2349 pag.
543 2281 654 2335 ear-98.
671 2283 842 2344 -Quomodo

280 2351 475 2406 attestationes
493 2357 552 2405 tum
577 2355 604 2406 in
631 2355 763 2409 civilibus
784 2363 842 2410 tum

279 2422 308 2475 iu
337 2423 529 2476 criminalibus
558 2425 748 2493 publicentur,
778 2445 841 2496 pag.

280 2493 341 2546 498.
370 2523 385 2533 -
415 2494 570 2548 Publicatis
597 2499 841 2564 attestationibus,

280 2564 329 2617 alii
349 2569 435 2619 testes
455 2567 564 2634 produci
581 2583 634 2621 nou
648 2569 743 2624 valent
755 2588 842 2640 super

279 2637 379 2690 iisdem
400 2638 537 2700 articulis,
557 2655 618 2708 pag.
639 2639 699 2693 499.
720 2671 734 2680 -
756 2641 843 2696 Exce-

280 2709 339 2776 ptio
352 2713 449 2760 contra
464 2709 534 2762 hanc
548 2711 683 2778 regulam,
697 2729 759 2782 pag.
773 2713 840 2767 500-

279 2779 340 2832 501.
361 2809 376 2819 -
397 2779 435 2833 De
455 2787 578 2850 tempore
598 2788 627 2836 et
645 2783 726 2838 modo
744 2801 842 2853 propo-

279 2849 360 2903 nendi
387 2853 566 2918 exceptiones
590 2853 721 2908 adversus
745 2861 840 2922 testes,

280 2937 342 2989 pag.
361 2921 455 2974 501-2.
476 2952 491 2962 -
512 2923 550 2978 De
573 2929 700 2994 expensis
725 2927 753 2979 in
779 2944 843 2996 pro·

278 2992 408 3046 ductione
433 2995 546 3048 testium
568 2998 758 3064 resarciendis,
778 3015 841 3068 pag.

278 3061 340 3116 502.
366 3092 381 3102 -
407 3062 446 3120 De
471 3067 584 3120 testium
609 3069 781 3138 obligatione
806 3071 841 3124 ed

278 3134 421 3189 ferendum
441 3137 640 3205 testimonium,
660 3157 722 3210 pag.
744 3141 840 3194 503-4.

280 3234 295 3244 -
315 3203 439 3261 Clericus
458 3209 520 3278 cogi
538 3225 592 3263 non
613 3215 705 3282 potest
720 3229 737 3264 a
749 3212 841 3267 iudice

279 3275 352 3330 laico
369 3278 403 3331 ad
423 3279 612 3335 testimouium
634 3283 775 3338 terendum
795 3285 840 3337 in·

279 3349 407 3404 consulto
426 3349 570 3420 Episcopo,
590 3369 652 3423 pag.
672 3355 733 3408 505.
748 3384 762 3394 -
776 3355 841 3409 Ali·

278 3420 389 3489 quaudo
419 3423 599 3491 requiruntur
629 3429 715 3480 testes
741 3427 841 3496 periti,

278 3505 341 3559 pag.
360 3491 421 3546 506.
436 3523 450 3532 -
465 3491 504 3548 De
520 3511 632 3551 accessu
652 3497 776 3551 iudiciali
795 3503 840 3554 te-

278 3562 362 3621 stium
382 3565 542 3633 peritorum,
556 3584 618 3637 pag.
631 3568 726 3622 506-7.
740 3599 755 3608 -
773 3569 841 3626 Coe·

750 305 859 352 INDEX
878 306 998 353 RERUM

902 429 965 549 terrlt
981 425 1046 479 vide
1065 424 1172 479 Peritia
1190 428 1221 480 et
1245 441 1372 481 accessus
1391 426 1465 480 iudi-

902 512 946 549 cia
959 513 989 550 ra

960 639 1129 692 Transactio.
1149 666 1184 680 —
1203 637 1286 700 Quid?
1305 658 1367 710 pag.
1385 641 1429 693 26.
1447 671 1464 681 ·

901 708 971 762 Late
999 716 1123 779 sumpta,
1150 727 1212 778 pag.
1238 712 1281 764 26.
1307 743 1321 752 -
1347 712 1467 780 Proprie

900 785 1025 850 accepta,
1045 799 1112 905 pag.
1131 782 1175 834 27.
1193 811 1210 821 -
1227 782 1369 842 Quomodo
1393 783 1465 837 baec

900 851 1041 906 dividatur
1086 870 1148 920 prag.
1177 853 1222 906 29.
1247 883 1263 893 -
1288 855 1465 919 Personalis,

900 939 963 992 pag.
982 924 1027 990 293
1046 952 1061 963 -
1081 925 1174 988 realis,
1197 925 1262 978 ibid.
1282 956 1297 966 -
1325 925 1466 990 Poeualis,

900 1011 963 1063 pag.
982 993 1025 1049 30.
1046 1025 1062 1035 -
1077 995 1178 1059 iurata,
1197 997 1260 1049 ibid.
1275 1026 1290 1036 -
1304 997 1464 1065 Quotuplex

899 1065 1087 1122 iuramentum
1112 1067 1238 1120 additum
1263 1070 1463 1123 transactioni·

899 1136 960 1203 bus,
979 1156 1040 1207 pag.
1060 1137 1154 1190 30-31.
1175 1169 1191 1179 -
1211 1138 1353 1199 Quodnam
1365 1141 1462 1194 subie-

899 1214 974 1262 ctum
995 1209 1201 1273 transactionis,
1217 1228 1279 1279 pag.
1292 1211 1335 1264 31.
1350 1241 1366 1251 -
1379 1211 1464 1266 Obie·

899 1284 983 1346 ctum,
1003 1298 1064 1350 pag.
1084 1281 1127 1334 32.
1142 1282 1217 1334 -lus
1234 1282 1358 1336 divinum
1370 1289 1399 1337 et
1412 1300 1462 1336 ca·

898 1352 1028 1406 nonicum
1039 1352 1163 1405 limilant
1173 1351 1226 1406 boc
1238 1353 1386 1418 obiectum,
1397 1370 1461 1424 pag.

898 1422 993 1476 33-35.
1004 1454 1019 1463 -
1027 1426 1070 1476 Au
1081 1424 1156 1476 circa
1166 1425 1290 1478 actiones
1300 1425 1464 1479 criminales

899 1495 1016 1562 transigi
1031 1493 1131 1563 possut
1141 1512 1204 1564 pag.
1218 1495 1311 1549 esar.
1327 1526 1341 1536 -
1355 1497 1461 1550 Trans-

897 1566 1016 1618 actiouis
1033 1566 1157 1632 effectus,
1173 1584 1235 1635 pag.
1249 1567 1343 1620 38-39.
1358 1598 1374 1608 -
1388 1569 1463 1628 Quo·

898 1637 979 1690 modo
992 1637 1181 1691 rescindetur-l
1192 1655 1254 1706 pag.
1264 1639 1308 1692 39.
1319 1669 1334 1677 -
1345 1638 1465 1699 Quando

897 1707 976 1761 nulla
994 1707 1047 1762 eitl
1066 1711 1132 1762 ibid.
1152 1737 1167 1748 ·
1187 1714 1231 1762 Au
1249 1715 1279 1764 et
1297 1710 1407 1780 quaudo
1425 1711 1462 1763 ad

897 1779 1106 1848 transigendum
1125 1782 1187 1851 quis
1211 1782 1274 1848 cogi
1303 1783 1389 1848 possit
1414 1782 1462 1836 vel

896 1850 1010 1904 invitari
1030 1851 1138 1917 debeat,
1158 1868 1219 1922 pag.
1239 1853 1332 1906 4143.

956 1994 1117 2048 Translatio
1134 2022 1172 2034 -
1189 1994 1284 2048 iudicii
1303 1994 1336 2048 de
1356 2012 1411 2048 una
1429 1996 1459 2048 in

896 2063 982 2117 aliam
1011 2081 1156 2131 personam
1184 2065 1213 2118 iu
1242 2081 1297 2135 quo
1324 2073 1460 2130 versetur,

898 2133 959 2204 pagi
978 2135 1040 2189 573.
1060 2137 1235 2197 -Quomodo
1254 2137 1402 2190 translatio
1415 2137 1461 2191 iu-

895 2204 961 2259 dicii
986 2212 1015 2260 et
1043 2206 1161 2262 relativa
1189 2206 1249 2261 litis
1277 2210 1464 2278 reassumptio

895 2280 954 2336 fiat.
975 2294 1037 2346 pag.
1056 2279 1119 2332 574.

894 2421 1182 2545 5¹7Tlrgcmsumptum.
1197 2451 1231 2464 -
1247 2421 1317 2482 Quid
1336 2421 1381 2486 sit,
1395 2439 1460 2493 pag.

955 2635 1077 2703 Treupo.
1097 2633 1221 2694 -Quid
1246 2639 1346 2704 treuga
1364 2637 1462 2704 suerit,

897 2720 960 2773 pag.
983 2705 1023 2770 19,
1042 2710 1118 2762 riola.

896 2847 1129 2970 201Triplicutio.
1156 2877 1193 2889 -
1219 2847 1288 2908 Quid
1314 2849 1366 2916 sit,
1394 2867 1460 2919 pag.

1158 3063 1194 3129 V

955 3219 1082 3274 vicarius
1103 3221 1251 3276 Generalis
1269 3221 1410 3294 Episcopi.
1421 3251 1462 3265 -

896 3288 946 3342 Est
963 3290 1046 3345 iudex
1060 3308 1183 3346 assessor
1194 3294 1330 3347 tribunali
1346 3294 1461 3363 Episco-

895 3360 962 3430 pali,
981 3379 1044 3431 pag.
1066 3361 1125 3417 193.

955 3503 1071 3559 Vocatus
1090 3506 1121 3559 in
1139 3523 1252 3562 censam
1270 3535 1305 3550 -
1325 3513 1362 3580 cf.
1388 3509 1460 3564 Ter·

896 3572 952 3627 tius
970 3576 1092 3630 ueniens.
