3292 5109
472 318 515 367 DE
540 318 678 366 lonicus
701 318 970 367 accusatasrtcm
1248 296 1313 365 117

141 438 265 506 hietates
288 446 379 504 ortas
401 438 460 505 sub
484 441 576 505 initio
600 441 750 505 exercitii
773 441 942 525 potestatis
958 438 1263 525 congregationum,
1279 438 1313 503 iu

140 567 328 633 consistorio
351 565 420 632 diei
441 564 478 629 11
501 564 589 631 Maii
603 586 659 631 au.
676 564 769 631 1587
792 564 970 651 publicavit
991 564 1052 630 has
1075 564 1222 650 regulas:

221 692 254 776 1)
270 712 287 755 c
300 692 356 757 Ad
370 691 576 759 iudiciorum
591 710 671 759 vero
685 690 921 773 confusionem
935 690 1141 771 euitandam,
1154 692 1313 757 volumus

139 822 171 881 ut
190 836 418 902 unaquaeque
443 814 669 902 Conpreqatio
693 814 833 899 quaudo
857 814 977 899 aliqua
999 832 1123 889 causa,
1148 812 1312 899 quaestio,

141 944 185 1007 ael
199 943 400 1009 consultatio
416 942 462 1007 ud
478 962 554 1007 earn
571 941 683 1007 delata
707 939 822 1021 suerit,
847 940 1029 1025 ditiqeuter
1047 939 1244 1023 perpendat
1265 958 1314 1005 aa

138 1066 180 1130 ad
194 1066 305 1149 ipsam
324 1067 469 1149 proprie
490 1066 564 1131 eius
586 1083 711 1131 causae
733 1064 879 1151 aequitio
896 1070 928 1130 et
943 1062 1115 1147 expeditio
1128 1064 1311 1147 pertineat,

140 1187 214 1251 etsi
236 1187 285 1252 ad
308 1206 343 1253 se
365 1187 505 1253 minime
528 1192 681 1270 spectare
705 1186 908 1273 eoqnoaerit,
934 1186 1091 1253 eamden
1114 1186 1161 1251 ad
1183 1186 1315 1253 iudices

139 1311 329 1376 ordinarios
352 1311 403 1377 vel
425 1311 472 1375 ad
492 1311 676 1393 propriam
703 1310 1009 1395 Conpreqatiouem
1032 1309 1183 1375 remittat
1198 1330 1229 1372 ν.

220 1434 312 1510 Quod
336 1442 542 1523 praeceptum
568 1442 617 1503 est
646 1439 691 1501 ita
715 1436 850 1502 inditum
882 1436 1071 1501 institutioni
1104 1436 1137 1501 8.
1167 1436 1314 1522 Congre-

139 1559 306 1641 gationum‚
322 1564 359 1624 ut
378 1559 439 1624 hae
463 1536 592 1645 semper
615 1561 782 1625 remittant
805 1578 922 1623 causae
945 1559 1162 1644 cognitionem
1183 1564 1216 1624 et
1239 1557 1315 1624 deil-

140 1678 286 1743 nitionem
311 1679 406 1744 iudici
431 1680 605 1759 ordinario,
630 1682 893 1765 quotiescumque
916 1680 971 1745 hic
992 1678 1100 1745 adhuc
1131 1700 1223 1745 suam
1247 1698 1312 1745 non

140 1807 321 1869 exercuerit
344 1810 544 1891 potestatem.
571 1806 641 1871 Hoc
664 1826 819 1891 expresse
839 1807 942 1891 exigit
963 1825 1054 1871 mens
1070 1805 1205 1871 Consilii
1221 1804 1310 1870 Trid.

141 1926 170 1989 in
186 1926 270 1994 Sess.
286 1929 347 2007 25,
372 1948 447 2011 cap.
463 1929 523 1993 20.
549 1928 658 2003 Quare
674 1930 706 1995 S.
723 1928 998 2015 Congregationes
1014 1948 1088 1993 cum
1104 1930 1216 2013 primis
1239 1948 1314 1994 exa·

142 2053 258 2117 minant
273 2054 476 2137 quaestiones
492 2052 551 2119 sibi
568 2056 752 2143 commissas
769 2056 867 2119 etiam
888 2074 909 2119 a
929 2054 1076 2119 Romano
1093 2050 1261 2135 Pontifice,
1279 2059 1315 2119 ut

141 2182 288 2257 appareat
303 2194 346 2239 an
370 2194 423 2241 res
446 2177 487 2240 sit
509 2195 591 2260 quae
615 2176 729 2241 melius
753 2176 849 2241 iudici
872 2175 1037 2241 ordinario
1060 2177 1243 2241 conveniat.
1260 2174 1314 2240 Ad

145 2318 208 2363 rem
222 2300 303 2364 haec
319 2306 435 2367 narrat
451 2302 576 2387 Ursaya
589 2301 732 2384 Discept.
746 2303 834 2367 Ecct.
849 2302 908 2375 IX,
931 2300 968 2365 Τ.
978 2298 1012 2381 3,
1024 2306 1117 2383 part.
1134 2301 1170 2376 2,
1187 2321 1221 2365 u.
1234 2300 1314 2367 158.-

146 2422 297 2487 ‹Verum
321 2430 429 2490 tamen
454 2430 502 2491 est
526 2424 608 2509 quod
627 2446 668 2489 ex
688 2424 938 2511 particularibus
961 2424 1040 2489 facti
1063 2393 1314 2491 circumstantiis

146 2546 272 2629 ipsamet
294 2548 510 2635 Congregatio
534 2547 668 2615 Concilii
692 2547 774 2613 solet
798 2566 912 2613 causas
935 2548 982 2613 ad
1003 2567 1084 2615 suos
1105 2548 1233 2614 iudices
1256 2568 1312 2613 re·

143 2672 261 2737 mittere
284 2692 349 2737 non
366 2672 512 2739 obstante
531 2672 750 2737 declaratione
767 2672 850 2755 quod
866 2670 906 2737 ad
922 2672 1023 2757 ipsam
1046 2673 1209 2757 pertineat
1225 2670 1312 2736 illius

142 2796 282 2879 cognitio.
307 2815 412 2881 neque
434 2802 557 2862 attenta
581 2800 769 2862 remissione
792 2795 834 2861 ad
857 2795 1002 2863 eamdem
1019 2796 1314 2881 congregationem

142 2918 283 2995 00101111,
308 2930 343 2987 ut
366 2924 558 3008 practicavit
582 2924 614 2987 in
639 2925 781 2991 tanuen.
806 2921 1023 2989 Matrimonii
1044 2921 1087 2985 11
1111 2919 1196 2987 Νου.
1221 2920 1313 2986 1697

145 3042 227 3109 iuxta
248 3048 462 3113 resolutiones
484 3067 504 3112 a
528 3068 578 3113 me
604 3049 721 3113 relatas
737 3049 775 3113 iu
791 3054 869 3115 tom.
886 3048 914 3123 1,
934 3052 1027 3130 part.
1044 3046 1072 3121 1,
1097 3043 1313 3127 Discept12,

146 3188 176 3232 a.
202 3171 257 3245 55,
287 3192 373 3237 vers.
406 3171 532 3237 11011.
562 3174 605 3237 Et
639 3175 670 3238 in
707 3172 810 3239 dubiis
833 3173 1044 3239 Pensiouum
1072 3176 1105 3237 et
1133 3172 1316 3256 Couqruae

146 3286 185 3350 10
205 3288 285 3357 Noa.
309 3292 409 3366 1696,
440 3293 473 3357 in
497 3311 568 3377 qua,
593 3312 657 3357 non
682 3299 805 3357 attenta
835 3292 967 3378 speciali
998 3291 1189 3357 remissione
1213 3289 1316 3354 Audi-

145 3416 219 3477 toris
246 3416 350 3491 881111,
375 3418 415 3483 ad
440 3417 584 3483 eamdem
609 3418 642 3484 C.
668 3417 702 3484 Ο.
727 3418 766 3483 ob
795 3416 1074 3501 exemplaritatem
1106 3416 1255 3490 articuli,
1280 3420 1316 3480 ut

143 3534 252 3603 dicitur
273 3543 304 3605 in
328 3542 406 3607 folio
428 3540 520 3623 (ibi):
548 3544 700 3627 Cumque
716 3561 865 3627 aequum
885 3542 997 3607 uisum
1010 3541 1117 3623 suerit
1134 3540 1316 3607 sanctitati

148 3662 226 3729 Suae
246 3685 351 3749 super
374 3668 518 3733 articulo
538 3668 732 3751 plurimum
754 3666 856 3753 praui
872 3671 904 3733 et
918 3667 1112 3749 eaernptari
1136 3666 1316 3733 consilium

149 3786 185 3853 Η.
207 3790 239 3856 8.
261 3792 296 3859 C.
313 3792 497 3876 exquirere
520 3798 593 3873 etc,
618 3791 657 3856 ad
681 3792 744 3857 hoc
768 3793 952 3877 rescripsit:
978 3781 1094 3858 omma
1117 3792 1164 3857 ad
1187 3790 1316 3857 iudices

148 3930 224 3987 mos.
248 3924 281 3983 ut
303 3918 416 3983 videre
447 3924 495 3983 est
526 3918 563 3983 iu
593 3918 648 3984 tib.
674 3918 738 3999 16,
761 3916 821 4000 fot.
847 3915 922 3982 389
928 3936 943 3999 ,·
966 3922 1000 3983 et
1026 3918 1060 3983 in
1082 3916 1316 4001 Neapolitana

151 4035 307 4107 Simonide
321 4038 366 4106 13
382 4040 470 4126 Auq.
488 4040 581 4111 1718,
599 4043 632 4105 in
651 4059 714 4125 qua
735 4040 903 4125 rescripsit
919 4038 1034 4103 Dilata
1049 4040 1142 4105 etad
1156 4044 1316 4114 mentem,

151 4176 219 4241 quae
247 4163 307 4229 fuit
324 4146 366 4229 ¹ut
390 4164 592 4230 Secretarius
623 4165 844 4248 alloqueretur
871 4184 943 4229 cum
975 4161 1136 4229 Auditore
1163 4162 1251 4229 88111
1275 4162 1315 4228 ad

149 4280 283 4353 effectum
306 4286 448 4360 videndi,
472 4307 515 4353 ex
539 4307 601 4372 quo
625 4290 744 4353 motivo
760 4308 924 4373 ,praesens
951 4307 1050 4354 causa
1072 4286 1175 4352 videri
1199 4286 1315 4353 debeat

151 4402 178 4467 in
198 4406 265 4474 Sao.
289 4408 407 4496 Cong.:
436 4408 490 4476 oio.
517 4409 574 4486 68,
600 4410 720 4477 decret.
745 4410 805 4494 fol.
823 4410 903 4476 200
920 4430 950 4475 ›.
