3292 5109
287 275 353 340 514
739 293 947 341 nnnnonrun
970 293 1018 340 rr.

287 429 303 464 c
317 412 475 466 introducta
494 411 547 465 luit
561 411 649 480 prima
662 427 695 464 en
710 411 828 464 testibus
841 409 922 464 Livia
934 409 1054 473 nomine,
1067 408 1205 480 quondam
1220 409 1308 474 Lucii,
1321 413 1351 463 et
1364 408 1464 462 emisso

286 517 501 582 «iureiurando,
527 517 616 574 eidem
641 517 742 582 delato,
761 535 790 572 se
810 518 958 572 veritatem
983 517 1129 580 dicturam,
1155 522 1185 570 et
1207 516 1356 571 veritatem
1375 516 1464 570 solam

286 637 303 680 c(
319 624 376 679 illis
395 626 424 678 in
442 626 569 679 omnibns
588 641 659 696 qnae
672 624 697 680 ei
713 629 778 677 :iota
797 631 892 704 essent
910 625 985 678 circa
1003 623 1232 694 impedimentum
1250 622 1415 676 canonicum
1431 621 1466 676 de

286 745 372 803 «quo
390 735 517 804 quaestio
536 739 586 797 est,
609 749 671 787 eem
696 733 748 788 tali
773 732 854 786 modo
879 733 1046 802 rogavimus.
1070 733 1234 802 (Sequentes
1256 735 1418 801 roqationes
1439 741 1467 786 et

286 842 510 908 «responsiones
531 839 615 892 latine
635 839 789 904 saerrimus).

376 947 531 1016 «Reperio.
553 949 594 999 An
614 950 688 1001 esset
706 946 843 1014 sanguine
861 945 1010 1000 coniuncte
1030 943 1075 998 vel
1094 943 1186 998 affinis
1204 945 1251 998 nni
1267 948 1317 997 aut
1329 943 1411 998 alteri
1431 961 1467 998 ex

285 1050 442 1118 «partibus
460 1049 706 1104 contendentibus:
726 1049 816 1120 qualis
836 1050 873 1104 sit
891 1051 951 1104 eius
970 1055 1048 1104 aetas
1067 1055 1097 1104 et
1114 1049 1251 1103 conditio:
1270 1066 1306 1102 su
1319 1049 1467 1117 pecuniam

285 1153 360 1209 «vel
379 1153 478 1207 donum
499 1153 611 1224 aliquod
625 1155 679 1206 ism
695 1155 832 1223 receperit
845 1154 889 1209 vel
902 1155 929 1208 ei
942 1155 1028 1208 tuerit
1042 1155 1206 1223 promissum
1223 1158 1254 1207 ut
1267 1152 1352 1208 talem
1370 1153 1469 1208 ederet

285 1276 303 1318 «
316 1262 530 1332 depositionem:
541 1273 569 1316 et
579 1281 613 1316 eo
626 1263 712 1316 libere
723 1267 752 1318 st
765 1269 863 1331 sponte
876 1263 921 1316 vel
934 1262 1079 1316 coactione
1093 1263 1282 1318 intercedente
1295 1261 1467 1331 deponeret?

286 1387 302 1421 c
317 1370 483 1440 Responsio:
494 1368 550 1422 Nec
561 1369 767 1437 consanguinea
779 1385 839 1422 sum
850 1385 904 1438 ego
916 1385 968 1424 nec
980 1369 1070 1422 affinis
1082 1369 1167 1424 Gaias
1180 1374 1229 1423 aut
1240 1369 1329 1423 Titio:
1342 1373 1468 1423 sentem

285 1474 405 1530 «babeo
423 1492 558 1529 mirionum
578 1477 689 1530 circiter
707 1475 901 1546 quadraginta,
920 1481 949 1530 et
967 1455 1054 1546 nupta
1072 1495 1147 1531 sum:
1167 1476 1238 1530 nibil
1257 1476 1349 1546 recepi
1369 1482 1402 1530 ut
1420 1476 1469 1530 de-

285 1594 445 1650 «ponerem
465 1589 493 1635 et
513 1581 611 1634 libenti
630 1581 723 1634 antimo
742 1582 902 1650 respondeo.

373 1687 537 1758 «Reperio.-
557 1691 599 1740 ito
619 1687 704 1741 sciret
729 1692 903 1742 contractum
923 1687 1102 1758 sponsalium,
1122 1687 1174 1742 boc
1192 1693 1236 1743 est
1254 1689 1468 1758 promissionem

284 1808 302 1850 s(
316 1794 611 1864 repromissionemque
630 1793 663 1848 de
683 1795 776 1847 futuro
792 1796 971 1848 matrimonio
984 1795 1058 1848 inter
1071 1795 1183 1849 viduum
1197 1797 1301 1849 Titium
1316 1801 1345 1851 et
1358 1795 1467 1862 Gaiam,

284 1901 361 1957 «vel
380 1903 483 1955 facturn
503 1901 646 1972 quoddam,
666 1917 700 1954 ex
719 1917 774 1970 quo
794 1901 821 1954 id
840 1917 922 1956 omne
940 1900 1162 1956 deduci-valeat?
1176 1876 1344 1972 Responsio:
1363 1903 1468 1956 Domus

284 2022 377 2064 «mee
401 2013 459 2062 tum
486 2008 569 2062 Celae
595 2017 653 2060 turn
672 2007 747 2062 Titio
773 2008 897 2078 proxima
922 2013 978 2063 est:
1003 2013 1033 2063 et
1051 2007 1104 2062 hec
1121 2008 1155 2063 de
1182 2026 1266 2062 causa
1290 2010 1467 2064 occasionem

284 2114 400 2172 «habui
420 2113 549 2169 noscendi
569 2130 676 2168 eineres
700 2115 773 2168 inter
793 2131 878 2167 :inum
897 2118 926 2168 et
944 2114 1072 2179 alteram,
1092 2114 1251 2185 pluriesque
1270 2115 1362 2169 Titius
1380 2132 1468 2184 penes

283 2234 359 2277 «me
378 2222 489 2284 institit,
509 2226 540 2275 ut
560 2219 655 2276 Gaiam
675 2237 801 2274 vocarem
815 2235 933 2290 eamque
946 2220 1106 2276 inducerem
1118 2222 1153 2274 nd
1172 2220 1319 2290 petendam
1338 2221 1465 2276 ciusdem

284 2327 383 2384 «Titii
403 2329 528 2389 domurn;
549 2328 654 2397 pluries
672 2303 774 2390 autem,
794 2328 876 2397 idque
894 2328 1014 2396 saepius,
1031 2328 1136 2382 dictum
1156 2328 1262 2382 Titium
1280 2328 1335 2382 uidi
1349 2327 1463 2382 domum

284 2433 399 2492 «Ceius
418 2436 614 2488 introeuntem.
635 2433 705 2488 Novi
725 2433 810 2488 etiam
830 2450 864 2487 es
883 2433 1063 2497 conscientia,
1081 2450 1117 2488 ex
1136 2435 1250 2504 propria
1266 2433 1333 2488 Titii
1353 2436 1466 2490 coufes-

284 2541 400 2608 «sione,
420 2543 510 2611 ipsum
528 2543 622 2594 omnia
641 2546 771 2608 tentasse,
792 2545 823 2593 ut
837 2541 887 2594 illa
899 2541 928 2594 in
942 2541 1002 2596 eius
1021 2541 1114 2609 turpia
1132 2545 1198 2594 vota
1210 2541 1384 2606 concederet,
1397 2557 1466 2612 pro·

284 2648 445 2704 «missione
465 2649 634 2702 matrimonii
650 2649 722 2702 data.
737 2648 863 2702 Addidit:
877 2648 962 2702 Gaiae
980 2649 1191 2717 praegnantiam
1207 2647 1305 2703 doctus
1316 2649 1467 2714 Antonius,

283 2757 407 2825 «coepit
426 2758 515 2809 rarius
534 2755 629 2810 Gaiam
655 2757 757 2820 videre,
777 2773 850 2826 quae
874 2773 959 2825 quum
985 2755 1053 2810 baec
1076 2755 1322 2821 animadverteret,
1340 2761 1402 2810 tota
1419 2755 1468 2811 die

284 2861 443 2932 «lugebeb
463 2863 550 2932 doque
570 2861 622 2916 bac
641 2877 672 2916 re
690 2864 793 2917 certior
812 2865 933 2916 saetosa
945 2880 990 2917 me
1002 2863 1094 2916 Titius
1113 2860 1263 2932 respondit,
1282 2861 1379 2916 caiam
1398 2863 1467 2917 flere

284 2981 369 3024 «non
388 2971 487 3024 debere
508 2973 575 3024 bene
595 2973 668 3025 enim
688 2973 884 3026 conscientium
902 2986 983 3024 sucin
1000 2972 1139 3024 noscebat.

374 3077 538 3145 ‹llopntioe
558 3078 601 3128 An
620 3075 770 3146 quidquam
790 3074 865 3129 ultro
884 3079 1042 3144 cognoscat.
1065 3076 1233 3146 Responsio:
1252 3075 1324 3129 Novi
1343 3079 1467 3146 quatuor

284 3179 360 3236 <vix
380 3178 482 3232 abhinc
501 3179 598 3234 diebus
616 3178 711 3234 Cuiam
732 3180 872 3248 peperisse
891 3177 1022 3250 puellam,
1042 3194 1125 3248 quem
1144 3195 1238 3233 secum
1257 3180 1369 3234 retinet.

375 3289 537 3356 ‹Repetim
560 3288 604 3340 An
628 3291 701 3340 esset
725 3285 832 3338 famula
857 3284 902 3339 vel
927 3285 1077 3358 quidquam
1103 3285 1187 3341 Celae
1213 3281 1386 3355 praestaret?
1407 3261 1466 3339 Rb-

284 3397 440 3465 ‹sponsio:
465 3392 662 3462 Nequaquam,
684 3391 731 3445 sed
761 3395 871 3445 tantum
897 3391 1041 3461 utriusque
1067 3392 1261 3446 contendentis
1285 3392 1390 3460 uicina,
1414 3409 1467 3446 ceu

284 3496 441 3576 «superius
460 3494 584 3564 exposui,
604 3493 729 3564 nihilque
751 3494 834 3548 ultro.

373 3605 536 3672 «Reperio.-
554 3604 598 3655 An
619 3601 691 3657 velit
710 3603 846 3657 indemnis
865 3600 945 3654 fieri?
965 3603 1135 3670 Responsio:
1154 3599 1251 3671 utique
1270 3599 1311 3671 (et
1328 3601 1354 3655 ei
1367 3598 1466 3654 obolos

285 3711 408 3765 ‹dccem
430 3709 612 3780 tradidimus).

373 3815 536 3885 eldepado:
557 3817 600 3868 An
620 3815 729 3868 noverit
745 3811 887 3868 scribere?
905 3813 1074 3882 Responsio:
1086 3829 1116 3866 se
1129 3813 1277 3883 ignorare:
1295 3815 1325 3866 et
1344 3809 1466 3864 lectione

284 3921 411 3978 «elidite
430 3921 535 3976 relatae
560 3919 757 3989 depositionis,
776 3918 953 3972 confirmavit
977 3935 1039 3971 eam
1063 3935 1158 3972 veram
1183 3933 1252 3972 esse.
1274 3916 1311 3970 Et
1330 3931 1380 3969 nos
1398 3916 1467 3968 sub-

284 4028 483 4098 «scn'psimus,
502 4031 531 4081 et
550 4027 651 4080 Noster
674 4024 915 4079 Procancellarius
933 4025 964 4078 B.

374 4132 555 4202 ‹Delegatus
574 4131 703 4200 specialis
721 4129 851 4199 Episcopi
869 4128 890 4184 C
910 4129 1151 4186 Procancellarius
1170 4129 1200 4182 B.
1214 4146 1232 4183 s

374 4239 444 4293 Huic
464 4238 545 4292 unius
558 4237 638 4291 testis
651 4237 772 4290 examini
786 4237 890 4290 similia
902 4237 992 4307 quoad
1005 4238 1122 4291 formam
1136 4240 1201 4290 sunt
1213 4235 1271 4290 alia
1286 4235 1350 4299 trie,
1364 4250 1464 4304 nempe

284 4345 335 4402 illa
347 4347 456 4414 Bertae,
469 4337 581 4412 Lucisc,
593 4350 623 4401 et
635 4346 799 4400 Anastasiae
819 4345 914 4400 eadem
930 4344 975 4399 die
994 4345 1119 4416 expleta:
1142 4344 1260 4414 ideoque
1279 4342 1359 4398 nobis
1378 4359 1465 4396 unum
