3292 5109
269 254 311 319 10
784 272 869 319 rans
892 270 930 319 11.

266 398 302 458 ut
324 392 428 477 quoad
452 392 626 459 advocatos
649 398 724 459 sunt
746 394 792 458 illi
810 395 1008 480 Pauperum
1028 400 1061 459 et
1079 394 1237 461 Gamerae
1259 412 1318 459 seu
1340 393 1444 468 Fisci;

267 522 300 581 et
319 516 423 601 quoad
447 522 685 603 procuratores,
706 523 781 584 sunt
805 519 1007 585 Procurator
1029 517 1148 585 fiscalis
1170 519 1333 605 generalis
1349 518 1445 587 Urbis

267 647 300 708 et
322 642 567 710 commissarius
590 643 761 721 Camerae;
793 649 827 710 et
853 645 958 728 quoad
988 645 1216 711 sollicitatores
1245 650 1296 713 est
1322 647 1446 730 pariter

267 771 456 836 sollicitator
479 770 637 839 Gamerae
660 776 693 837 et
716 772 812 837 etiam
843 770 1032 837 substitutus
1058 775 1281 858 procuratoris
1309 772 1445 851 fiscalis3

267 904 299 963 et
313 896 418 982 quoad
434 902 568 984 agentes
584 902 659 963 sunt
674 897 722 961 illi
734 896 1021 973 communitatum
1037 898 1090 963 isti
1105 898 1191 963 euim
1207 897 1448 984 distinguuntur

266 1039 286 1083 a
301 1020 425 1104 reliquo
448 1040 571 1105 genere
586 1022 756 1087 curialium
773 1023 827 1106 qui
842 1021 919 1087 iure
937 1024 1065 1107 privato
1080 1042 1172 1088 suum
1197 1041 1313 1087 munus
1334 1024 1445 1105 agunt,

267 1140 340 1206 dum
365 1144 415 1210 isti
439 1142 519 1221 illud
542 1142 664 1209 habent
687 1146 719 1208 in
737 1141 878 1209 officium
897 1144 974 1212 iure
992 1142 1119 1232 publico
1136 1167 1166 1209 ›.
1191 1144 1278 1211 Hinc
1300 1146 1448 1227 sequitur

267 1266 378 1331 curiae
402 1285 573 1347 romanae,
598 1286 695 1333 sensu
718 1266 817 1352 legali
841 1287 899 1332 seu
927 1266 1031 1348 quoad
1064 1267 1257 1334 exercitium
1280 1266 1448 1352 potestatis

266 1390 423 1457 iudicialis
442 1399 498 1459 aut
513 1392 801 1465 administrativae,
818 1396 945 1476 partem
961 1412 1016 1459 eos
1031 1411 1103 1467 non
1114 1392 1235 1467 facere,
1252 1394 1306 1477 qui
1321 1400 1445 1459 tantum

265 1516 341 1582 ture
369 1516 505 1599 privato
536 1536 602 1582 non
631 1536 674 1582 ex
704 1517 812 1601 officio
840 1516 980 1600 publico
1007 1518 1157 1583 incuria
1185 1521 1286 1603 agunt
1315 1517 1376 1581 rel
1392 1538 1446 1582 re-

265 1640 433 1727 spondent.

358 1764 407 1830 10.
433 1764 538 1829 Hodie
565 1759 676 1830 'curiae
706 1762 896 1829 muneribus
926 1764 1038 1850 plures
1069 1764 1199 1830 ordines
1234 1783 1447 1851 personarum

267 1888 470 1954 satisfaciunt
495 1894 586 1955 certo
609 1888 817 1953 hierarchice
848 1888 953 1974 gradu
983 1887 1244 1965 distributarum;
1273 1888 1448 1972 antiquitus

268 2033 348 2079 vero
363 2014 414 2078 his
437 2014 617 2079 consultum
633 2012 695 2078 fuit
717 2032 776 2098 per
800 2032 968 2078 romanum
992 2012 1230 2099 presbyterium
1256 2011 1446 2081 Pontificem

266 2139 423 2205 adiuvans
438 2142 472 2204 in
487 2139 625 2225 negotiis
648 2144 715 2205 tum
738 2137 955 2225 peculiaribus
972 2139 1122 2224 Episcopi
1147 2140 1273 2204 romani
1296 2146 1364 2207 tum
1380 2142 1447 2205 uni·

266 2262 446 2329 versalibus
472 2263 627 2349 primatus
658 2260 823 2348 pontificii.
853 2298 871 2311 ·
900 2263 1027 2329 Sensim
1051 2263 1106 2328 hio
1132 2264 1392 2331 consiliariorum
1415 2269 1448 2329 et

268 2386 375 2472 Papae
411 2385 646 2450 collateralimn
674 2389 785 2451 coetus
809 2404 829 2448 a
851 2385 1039 2470 simpliciori
1075 2387 1200 2451 romani
1230 2388 1310 2453 cleri
1340 2388 1447 2455 forma

267 2511 446 2595 explicatus
470 2511 573 2576 estad
590 2510 783 2577 hodiernam
805 2510 983 2575 solemnem
1005 2511 1117 2577 curiae
1140 2531 1295 2577 romanae
1317 2512 1446 2578 hierar-

267 2636 382 2701 chiam.

355 2760 451 2826 Cuius
466 2760 700 2826 constitutionis
718 2762 801 2825 ratio
818 2764 854 2824 ut
869 2760 1085 2845 perspiciatur
1107 2758 1260 2831 intimius,
1278 2778 1358 2844 prae
1373 2778 1446 2824 ocu·

265 2884 306 2950 lis
328 2883 510 2950 habendum
539 2889 588 2949 est
610 2885 803 2969 principium
827 2903 859 2947 a·
872 2903 933 2968 quo
957 2882 1170 2949 demanarunt
1192 2881 1298 2948 officia
1321 2886 1354 2947 et
1374 2902 1445 2947 mu·

266 3032 349 3077 nera
369 3012 514 3078 curialia.
533 3013 681 3076 lamvero
698 3011 781 3075 haec
801 3011 929 3095 singula
943 3012 1101 3097 originem
1117 3008 1301 3076 habueruut
1320 3014 1446 3074 acerto

267 3141 396 3224 negotio
427 3139 478 3205 cui
509 3136 710 3235 expediendo
741 3136 983 3212 incumbereut;
1015 3135 1223 3221 quamobrem
1259 3138 1321 3201 ista
1350 3142 1447 3202 aucta

268 3269 300 3329 et
322 3264 425 3349 magis
459 3262 589 3329 evoluta
618 3269 693 3327 sunt
727 3280 907 3346 progressu
941 3263 1095 3347 temporis
1118 3260 1158 3326 ob
1182 3262 1214 3325 iu
1238 3260 1306 3327 dies
1329 3280 1446 3327 excre-

268 3391 409 3453 scentem
434 3387 636 3473 negotiorum
661 3385 788 3451 molem.
813 3384 892 3453 Gum
915 3386 1028 3471 primis
1050 3386 1206 3469 primatus
1222 3386 1347 3450 romani
1364 3386 1446 3452 Pon·

267 3510 361 3579 tiflcis
392 3511 587 3597 exposcebat
609 3516 645 3576 ut
669 3512 778 3596 Papae
803 3512 834 3573 in
858 3514 948 3576 tanto
971 3528 1107 3575 munere
1130 3509 1295 3575 adiutores
1317 3514 1350 3577 et
1372 3530 1447 3576 con·

268 3636 378 3699 siliarii
395 3654 438 3699 ex
454 3636 606 3699 universo
629 3633 708 3699 orbe
732 3634 943 3719 eligerentur,
961 3634 1016 3716 qui
1038 3633 1190 3697 nimirum
1211 3638 1447 3718 cognoscerent

266 3758 411 3823 locorum
435 3774 711 3841 personarumque
742 3754 942 3821 conditiones
965 3755 1106 3857 examini
1129 3756 1182 3819 vel
1206 3753 1324 3820 iudicio
1347 3753 1446 3821 subii-

267 3879 407 3947 ciendas.
423 3880 634 3964 -Propterea
650 3876 812 3965 prloribus
821 3878 990 3943 Ecclesiae
1005 3878 1144 3945 saeculis
1160 3878 1200 3944 ob
1216 3878 1373 3964 graviora
1384 3878 1445 3942 hu-

267 4002 402 4071 iusmodi
416 4002 546 4089 negotia
560 4002 624 4067 rite
640 3999 843 4087 expedienda
858 4002 930 4087 cogi
946 4000 1042 4065 solita
1057 4007 1133 4066 sunt
1147 4001 1285 4067 concilia
1301 4020 1446 4068 oecume

268 4130 349 4201 nica,
374 4128 585 4214 provincialia
601 4133 657 4193 aut
680 4127 873 4193 dioecesana
894 4148 955 4213 pro
981 4132 1159 4214 temporum
1176 4132 1209 4193 et
1223 4126 1445 4193 difficultatum

267 4254 394 4316 natura.
419 4250 464 4315 At
485 4250 688 4335 experientia
718 4248 843 4322 docuit,
867 4254 1144 4335 peropportunum
1174 4247 1325 4313 Pontifici
1356 4266 1443 4321 esse,
1486 4330 1490 4335 ι

267 4373 410 4440 assiduos
434 4378 466 4437 et
489 4372 670 4439 ordinarios
694 4372 816 4439 habere
843 4376 1011 4438 senatores
1034 4391 1077 4437 ex
1100 4374 1253 4437 universo
1284 4370 1445 4437 catholico
