3292 5109
502 252 546 299 on
570 251 709 299 runicus
733 252 998 301 econrsrnsrrcrs
1272 236 1339 302 273
1417 280 1422 287 -

160 390 210 455 gr.
235 376 312 438 sunt
341 370 515 458 Capuccini
541 376 573 437 et
600 374 745 439 Minores
772 373 994 439 Observantes
1016 394 1056 440 ac
1079 375 1176 441 etiam
1201 377 1339 441 Iesuitae

159 502 275 581 quarto
291 502 366 562 voto
389 497 537 564 adstricti
560 518 735 583 eorumque
751 499 870 565 Domus
885 500 1051 585 professae
1067 505 1099 565 et
1114 501 1243 574 similes,
1259 506 1339 567 tunc

157 622 298 689 Fabrica
308 627 408 689 totam
425 623 663 709 dispositionem
680 622 739 689 sibi
756 625 815 710 ipsi
831 625 971 711 applicet
984 626 1053 691 sire
1065 644 1137 690 cum
1151 625 1338 709 quibusdam

158 726 439 834 compositionibus
463 754 588 834 partem
611 750 749 833 accipiat
771 754 805 814 et
827 754 952 834 partem
976 750 1165 818 remittat».

247 872 323 938 226.
350 874 450 938 Nemo
466 892 532 937 non
548 848 683 937 videtin
699 872 763 936 hac
779 874 980 959 negotiorum
998 874 1210 959 expeditione,
1227 876 1338 961 plures
1399 891 1403 897 ’

159 998 191 1061 in
217 1003 292 1063 actu
323 997 523 1061 executionis
554 995 684 1061 subesse
715 998 956 1063 controversias
979 1001 1046 1062 tum
1077 998 1338 1065 extr-aiudiciales

161 1128 228 1189 tum
254 1122 428 1187 iudiciales.
454 1121 545 1189 Unde
561 1120 642 1186 haec
658 1120 875 1208 Congregatio
891 1142 956 1187 non
979 1123 1081 1188 solum
1098 1123 1167 1207 ipsa
1189 1126 1339 1191 exercuit

158 1248 231 1313 lites
255 1252 371 1313 contra
393 1245 532 1311 heredes
555 1252 611 1311 aut
631 1246 808 1331 legatarios
832 1245 888 1310 sed
913 1248 1077 1313 constituit
1099 1249 1131 1312 in
1148 1248 1247 1313 variis
1265 1268 1337 1334 pro·

159 1375 273 1439 rinciis
296 1374 416 1460 prioris
438 1372 611 1438 instantiae
637 1369 812 1436 tribunalia
841 1371 955 1455 quibus
984 1379 1160 1456 praeerant
1182 1371 1336 1439 Commis-

159 1500 253 1573 sarii;
270 1504 305 1563 at
327 1499 360 1563 hi
377 1518 441 1562 non
457 1496 671 1584 prohibebant
695 1498 871 1583 Episcopos
894 1517 914 1562 a
935 1518 995 1563 sua
1015 1498 1247 1581 iurisdictione,
1264 1521 1335 1565 con·

160 1622 286 1689 stitutos
310 1642 329 1687 a
352 1624 423 1687 iure
447 1623 608 1687 communi
637 1630 831 1688 executores
854 1627 947 1687 natos
971 1624 1095 1707 piarum
1118 1623 1335 1693 voluntatum.

163 1746 218 1812 sed
241 1746 481 1811 concurrebant
504 1766 577 1810 cum
601 1744 711 1809 iisdem
729 1744 923 1816 ordinariis,
941 1750 974 1810 et
996 1745 1071 1811 data
1093 1768 1194 1832 opera
1216 1750 1248 1813 in
1272 1750 1337 1816 tale

161 1871 323 1955 negotium
348 1867 582 1933 incumbebant.
608 1868 656 1933 Cf.
682 1870 760 1933 Ben.
778 1868 862 1935 XIV
886 1869 936 1934 De
959 1867 1041 1955 Syn.
1067 1870 1189 1947 Dioec„
1211 1872 1265 1939 lib.
1281 1872 1335 1945 13,

159 2016 192 2059 a.
205 1993 239 2060 3.
255 2030 273 2043 ·
291 1994 496 2079 Quapropter
512 1996 619 2059 omnia
633 1995 741 2080 legata
757 1996 809 2079 pia
826 1995 922 2061 etiam
944 2013 965 2058 a
985 1995 1124 2060 b'otariis
1148 2001 1182 2060 et
1197 1997 1336 2063 Custodi·

160 2117 218 2183 bus
233 2118 467 2183 tabulariorum
488 2117 677 2183 denunciari
695 2117 865 2188 debebant.
882 2124 919 2183 ut
933 2136 1089 2203 expresse
1104 2124 1137 2185 et
1152 2120 1338 2184 solemniter

69 2320 73 2329 ι
162 2240 222 2306 fuit
245 2240 469 2307 confirmatum
485 2262 504 2305 a
522 2242 580 2307 Pio
597 2243 644 2307 Vl
671 2241 884 2308 inuenerat·
906 2242 1024 2308 Edicto
1048 2241 1110 2306 diei
1137 2242 1177 2307 16
1201 2244 1336 2329 Augusti

159 2368 234 2431 anni
262 2366 358 2431 1788.
382 2365 537 2431 Tribunal
561 2386 641 2431 uero
664 2366 822 2430 Fabricae
846 2365 877 2431 S.
903 2366 994 2431 Petri
1017 2364 1092 2431 heic
1115 2366 1238 2431 Romae
1260 2387 1336 2452 pro-

160 2487 295 2553 cedebat
325 2487 365 2553 ad
396 2486 628 2571 compescenda
659 2486 865 2553 iudicialiter
888 2506 1012 2570 quoque
1043 2487 1179 2551 crimina
1209 2488 1242 2551 in
1268 2487 1337 2572 ipsa

161 2612 300 2677 Basilica
330 2612 397 2677 sive
429 2614 461 2677 in
493 2614 573 2677 locis
604 2612 813 2676 conterminis
842 2614 978 2696 patrata.
1005 2610 1110 2675 -Sed
1140 2610 1337 2694 potissimum

158 2737 238 2799 istae
262 2736 434 2803 facultates
458 2748 632 2800 concessae
655 2738 750 2799 erant
773 2754 833 2818 pro
857 2732 978 2801 ditione
1005 2733 1204 2818 principatus
1232 2733 1337 2799 civilis

180 2908 188 2921 .
213 2858 313 2923 Sedis.

157 2858 178 2941 s
247 2982 445 3069 Temporum¹
467 2983 597 3047 mutatis
624 2979 862 3049 conditionibus
885 2981 961 3045 Pius
986 2981 1035 3045 lX
1059 3000 1090 3044 a.
1114 2978 1206 3044 1863
1240 2980 1336 3043 etiarn

157 3126 215 3192 pro
239 3106 359 3172 ditione
386 3107 473 3171 civili
508 3104 672 3193 pontificia
708 3105 849 3171 abolevit
883 3105 1037 3170 Tribunal
1073 3106 1154 3171 Rev.
1178 3106 1337 3171 Fabricae

159 3251 275 3319 nempe
294 3234 585 3320 Congregationem
603 3233 797 3299 Generalem
818 3254 839 3297 a
855 3211 1029 3298 Benedicto
1044 3232 1128 3299 XIV
1144 3234 1336 3306 institutam

160 3357 367 3440 quamobrem
384 3358 681 3424 Commissariorum
698 3378 815 3422 munus
832 3362 864 3421 et
877 3355 1020 3421 tribunal
1037 3358 1185 3421 cessavit.
1208 3354 1335 3420 Exinde

159 3479 185 3542 si
216 3478 459 3545 controversiae
490 3480 683 3544 exoriantur
705 3497 783 3543 vere
811 3477 978 3543 iudiciales
999 3479 1032 3542 in
1057 3474 1254 3560 exequendis
1277 3476 1337 3560 piis

155 3603 271 3689 legatis
287 3622 345 3668 seu
360 3602 609 3678 fundationibus
627 3622 744 3668 causae
761 3604 794 3667 in
810 3603 917 3688 prima
932 3604 1083 3667 instantia
1098 3600 1138 3666 ab
1155 3600 1337 3666 Ordinariis

153 3726 303 3793 locorum
334 3728 578 3814 cognoscendae
602 3734 635 3793 et
658 3726 860 3793 definiendae
888 3732 980 3802 sunt;
1004 3725 1038 3790 in
1062 3724 1163 3811 gradu
1193 3722 1337 3809 appella-

155 3852 251 3917 tionis
276 3856 309 3917 et
332 3854 364 3915 in
381 3872 503 3938 genere
525 3854 570 3918 uti
595 3873 615 3917 a
636 3852 790 3918 tribunali
815 3871 975 3938 supremo,
994 3852 1135 3916 incuria
1157 3848 1252 3915 hodie
1274 3848 1337 3912 bae

155 3998 271 4043 causae
295 3982 480 4045 tractantur
503 3979 586 4065 apud
611 3980 710 4065 Cong.
735 3977 881 4046 Concilii.

244 4102 321 4169 227.
348 4100 548 4167 Hodiernum
566 4103 836 4189 Congregetionis
853 4100 1010 4167 Fabricae
1034 4121 1149 4166 munus
1164 4105 1222 4181 est,
1246 4119 1336 4197 prae·

155 4231 206 4293 ter
238 4225 378 4291 officium
411 4227 636 4291 oeconomicae
668 4226 955 4292 administrationis
985 4227 1147 4292 redituum
1178 4224 1335 4289 Fabricae

139 4373 331 4439 ,eorumque
356 4354 552 4439 erogationis
577 4354 609 4417 in
627 4353 797 4418 Basilicam
822 4354 894 4418 Div.
921 4353 1021 4425 Petri,
1046 4371 1205 4416 exercere
1227 4351 1260 4414 in
1283 4350 1337 4415 via

301 4494 360 4548 Soc.
381 4494 460 4565 cha
1160 4490 1193 4545 18
