3292 5109
318 314 387 380 356
847 331 933 378 rans
955 330 993 377 11.

324 456 415 541 leges
437 454 533 521 buius
556 454 689 520 concilii
713 458 746 517 et
768 452 842 517 dein
857 453 944 517 hanc
966 450 1154 517 facultatem
1175 451 1329 536 impertiti
1344 452 1410 515 sint
1424 450 1506 516 Car—

319 577 480 644 dinalibus
502 576 597 642 huius
621 577 717 642 Gonc.
743 574 988 660 interpretibus,
1011 573 1148 641 addictis
1169 577 1334 660 appositae
1352 573 1505 659 Congre-

318 704 459 790 gationi,
483 701 560 767 hinc
583 702 701 785 inquiri
732 700 838 786 coepit
867 694 908 764 de
930 700 964 763 ri
994 698 1193 765 decisionum
1222 698 1318 765 buius
1348 699 1448 784 cong.
1478 734 1501 746 -

319 826 610 913 Schmalzgrueber
633 826 654 890 l.
679 846 706 891 c.
722 846 755 889 n.
774 824 823 890 37
825 825 849 889 0
872 826 917 888 ita
938 823 1067 889 ordinat
1089 843 1206 909 agmen
1229 823 1397 889 doctorum
1420 822 1501 887 hinc

318 951 394 1018 inde
423 952 651 1037 pugnantium
676 950 731 1015 ait:
757 973 775 1011 ‹
801 948 989 1023 Quaeritur,
1013 968 1056 1013 an
1084 947 1321 1013 declarationes
1351 948 1497 1032 Congre-

317 1079 457 1164 gationis
473 1076 690 1143 Cardinalium
706 1074 840 1142 concilii
858 1076 1070 1159 interpretum
1085 1073 1228 1139 habeant
1238 1076 1302 1138 vim
1316 1078 1349 1139 et
1359 1074 1503 1139 auctori·

316 1208 415 1269 tatem
431 1204 512 1269 iuris
526 1204 596 1268 sive
610 1201 692 1288 legis
706 1200 967 1268 ecclesiastieae?
989 1203 1118 1287 Negant
1138 1198 1258 1267 Petrus
1273 1200 1313 1267 de
1330 1202 1502 1282 Ledesma,

319 1326 423 1411 vega,
440 1326 595 1397 Sanehez,
615 1326 758 1406 Pontius,
782 1327 895 1397 Diana,
912 1326 1088 1405 Bonacina,
1112 1326 1268 1411 Luyman,
1289 1325 1499 1401 Pellizarius;

318 1450 432 1525 etalii,
453 1469 519 1514 non
541 1449 666 1515 levibus
682 1452 827 1535 persuasi
843 1452 1052 1535 argumentis.
1069 1451 1151 1515 Nam
1168 1450 1214 1514 l.⁰
1228 1450 1284 1515 lex
1303 1450 1386 1515 ferri
1401 1450 1503 1515 debet

316 1582 351 1644 et
376 1578 459 1643 solet
488 1597 548 1663 per
569 1578 670 1642 verba
700 1578 909 1663 praeceptiva
931 1578 984 1643 vel
1006 1577 1243 1661 prohibitiva...
1269 1579 1357 1661 atqui
1386 1577 1499 1643 decla·

316 1704 460 1769 rationes
483 1705 573 1768 istius
597 1704 756 1789 congreg.
781 1722 846 1766 non
868 1698 1049 1767 afferuntur
1079 1722 1139 1787 per
1160 1702 1263 1768 verba
1288 1704 1498 1788 praeceptive

317 1827 369 1892 vel
393 1826 605 1912 prohibitiva;
622 1825 679 1891 sed
701 1847 761 1911 per
782 1826 886 1891 verba
909 1826 1046 1900 censuit,
1060 1846 1244 1901 censemus,
1266 1847 1348 1910 quae
1370 1833 1497 1893 tantum

319 1950 475 2018 denotant
496 1971 624 2015 sensum
648 1950 700 2015 rel
724 1948 876 2016 iudicium
899 1950 1034 2015 alicuius
1057 1948 1097 2016 de
1118 1950 1227 2034 aliqua
1250 1971 1306 2016 re:
1330 1954 1407 2017 item
1429 1972 1498 2017 non

316 2075 565 2161 promulgantur
587 2074 638 2139 rel
663 2072 868 2158 publicantur
890 2074 994 2139 instar
1014 2074 1123 2159 legum
1146 2074 1201 2139 sed
1225 2061 1350 2139 tanturn
1381 2079 1494 2161 peten-

316 2196 402 2263 tibus
433 2196 524 2263 reddi
551 2199 657 2263 solent
679 2197 877 2282 simpliciler‚
902 2218 983 2283 ergo
1005 2203 1067 2263 etc.
1091 2198 1139 2263 2.⁰
1161 2196 1193 2262 id
1219 2198 1302 2282 quod
1325 2200 1390 2263 rim
1413 2200 1500 2284 legis

315 2340 428 2387 omnes
451 2320 623 2407 obligantis
646 2320 752 2402 habet,
769 2322 954 2387 authentice
978 2323 1181 2391 innotescere
1204 2325 1423 2389 communitati
1442 2324 1497 2388 de

315 2446 414 2513 bet...
438 2448 526 2532 atqui
549 2447 816 2533 congregationis
840 2449 931 2513 istius
954 2446 1189 2512 declarationes
1204 2468 1269 2512 non
1290 2450 1498 2514 innotescunt

313 2574 502 2639 authentice
519 2594 590 2637 cum
607 2571 647 2637 nd
664 2572 748 2637 hanc
764 2592 828 2636 non
853 2571 1044 2657 dirigantur,
1061 2592 1122 2637 nec
1139 2572 1183 2638 ita
1197 2570 1277 2637 finnt
1299 2577 1335 2639 ut
1350 2572 1389 2637 ad
1410 2572 1494 2638 dioe

315 2715 424 2763 cesum
449 2696 649 2769 Ordinarios,
666 2717 726 2781 per
748 2700 883 2781 agentes
906 2695 989 2780 quod
1013 2697 1136 2761 Rornae
1159 2695 1289 2771 habent,
1307 2698 1498 2763 authentice

314 2820 447 2885 valeant
460 2821 643 2905 pervenire,
659 2821 742 2885 sicut
757 2821 951 2904 perveniunt
966 2819 1099 2885 decreta
1115 2821 1255 2893 Ritunm
1274 2822 1499 2905 Inquisitionis

313 2947 348 3009 et
370 2942 507 3008 aliarum
523 2942 813 3029 congregationum
830 2943 890 3029 (l).
914 2944 961 3008 3.⁰
979 2944 1223 3010 Declarationes
1246 2946 1325 3009 istae
1349 2942 1430 3011 fiunt
1451 2944 1493 3010 ad

404 3174 443 3245 (l)
463 3173 625 3228 Differentia
644 3192 715 3245 quae
735 3174 896 3244 iampridem
917 3174 1089 3230 intercedere
1114 3177 1259 3230 consuerit
1283 3177 1356 3231 inter
1380 3177 1495 3231 modum

313 3278 412 3335 edendi
431 3279 583 3334 decisiones
602 3297 650 3334 seu
670 3281 916 3350 interpretationes
934 3281 963 3334 in
982 3282 1068 3351 Cong.
1082 3281 1198 3337 Concilii
1218 3284 1294 3337 etin
1313 3284 1377 3337 aliis
1395 3285 1434 3338 ibi
1453 3286 1495 3338 ci-

314 3382 381 3434 tatis
395 3382 435 3435 ita
448 3381 631 3452 intelligenda
642 3386 690 3436 est.
703 3411 717 3423 ·
727 3382 868 3453 Siquidem
883 3381 908 3435 S.
920 3382 1005 3453 Cong.
1016 3383 1142 3449 Rituum,
1153 3383 1352 3455 Inquisitionis,
1366 3385 1392 3439 S.
1404 3385 1489 3454 Cong.

314 3492 369 3545 ltlt.
389 3496 418 3546 et
437 3492 496 3546 RR.
516 3496 545 3546 et
563 3490 596 3546 de
616 3490 696 3559 Prop.
717 3490 783 3546 Fide
802 3489 903 3544 solitae
921 3492 1034 3545 fuerunt
1047 3490 1129 3546 edere
1146 3509 1211 3544 suas
1223 3492 1385 3559 decisiones,
1399 3493 1494 3548 decla·

313 3600 436 3653 rationes
450 3616 498 3668 per
512 3598 629 3653 Decreta
641 3596 798 3663 Generalis,
811 3597 941 3651 nimirum
955 3602 1053 3667 suapte
1065 3600 1155 3652 forma
1167 3598 1201 3652 ad
1220 3598 1311 3669 legem
1329 3600 1494 3670 generalem

313 3704 536 3758 constituendum
555 3702 697 3767 ordinata;
716 3720 731 3757 e
751 3708 848 3757 contra
867 3703 894 3756 S.
914 3702 1000 3773 Cong.
1019 3702 1136 3757 Concilii
1156 3721 1221 3756 suas
1243 3704 1493 3773 interpretationes

312 3810 395 3867 edere
414 3811 558 3865 consuerit
578 3809 765 3880 respondendo
784 3812 995 3881 quaestionibus
1013 3811 1042 3864 in
1062 3827 1127 3865 casu
1146 3815 1276 3866 concreto
1295 3814 1492 3873 controversis.

313 3921 345 3971 nt
364 3916 524 3986 plurimum,
543 3916 617 3971 inter
635 3915 703 3969 duos
721 3914 874 3985 litigantes,
887 3915 931 3969 vel
951 3916 1052 3970 saltem
1070 3915 1105 3969 ad
1123 3919 1354 3971 consultationem
1371 3918 1490 3973 alicuius

313 4020 372 4075 sire
383 4020 505 4075 Praelati
519 4020 578 4074 sive
592 4018 693 4073 Clerici
707 4024 755 4073 aut
768 4018 885 4074 alterius
897 4019 1046 4086 cuiusdem,
1056 4020 1101 4074 cui
1114 4020 1245 4089 dirigitur
1258 4020 1393 4077 resolutio
1404 4039 1491 4093 quae-

311 4127 420 4193 stionis,
433 4126 567 4198 quamvis,
581 4127 607 4179 vi
627 4143 685 4193 sua,
698 4128 852 4199 petieratis.
866 4125 919 4181 Sed
937 4126 979 4180 uti
997 4126 1168 4182 advertimus
1183 4131 1378 4183 anctoritatem
1396 4134 1425 4184 et
1441 4148 1488 4183 vn·

314 4232 405 4287 dorem
424 4232 594 4288 decisionum
613 4231 718 4285 desumi
731 4232 834 4287 debent
846 4248 901 4287 non
921 4248 958 4288 ec
975 4236 1070 4302 forme
1082 4251 1137 4305 qua
1149 4234 1311 4303 procedunt,
1324 4234 1371 4289 sed
1389 4251 1424 4289 ex
1442 4250 1493 4288 aa·

313 4340 401 4393 bteeto
418 4340 545 4399 materie.
564 4354 754 4409 quaecumque
772 4341 810 4393 sit
829 4339 888 4394 eius
909 4341 1007 4407 forma,
1025 4335 1085 4396 si've
1109 4343 1248 4412 rescripti,
1267 4342 1326 4397 sive
1345 4343 1492 4415 epistolae.

314 4440 373 4496 sive
391 4445 506 4507 decreti,
525 4441 584 4497 sire
602 4444 761 4497 sententiae.
