3292 5109
506 328 549 373 na
573 326 712 373 remens
736 324 1002 373 accnusiss‘mcis
1278 307 1344 373 453

162 450 329 515 licentiato
354 453 440 515 iuter
463 450 657 535 capitulares
681 450 849 523 existente,
873 486 891 499 -
918 452 956 515 ln
980 450 1084 536 primo
1108 468 1184 515 casu
1204 450 1249 513 ait
1265 450 1345 514 Leu-

163 575 277 639 renius
302 594 320 637 c
344 574 523 640 adeundus
546 580 595 640 est
616 570 785 657 Separor
808 575 944 660 Capituli
969 581 1001 640 et
1025 595 1133 641 coram
1158 594 1196 637 eo
1229 592 1346 659 propo-

162 703 272 768 nenda
295 704 424 769 nullitas
441 704 526 768 dicta
549 702 665 788 (neque
689 704 775 766 euim
790 703 847 767 illa
870 703 1005 787 proponi
1021 707 1126 787 potest
1149 723 1258 767 coram
1276 705 1346 789 ipso

160 826 319 912 Capitulo‚
335 833 373 892 ut
390 825 587 913 Ventrtptin)
610 846 669 911 per
693 845 787 909 quem
807 828 833 890 si
851 826 1011 911 deputatio
1032 846 1088 891 seu
1106 826 1220 891 electio
1245 825 1345 893 fuerit

163 953 318 1015 revocata
340 954 373 1014 et
395 948 561 1013 declarata
590 951 693 1022 irrita,
719 951 837 1034 poterit
862 949 1040 1034 Capitulum
1070 950 1176 1015 denuo
1204 968 1345 1034 congre-

156 1074 278 1158 gari...
297 1093 314 1136 a
332 1074 378 1137 De
394 1074 498 1138 altero
514 1093 591 1137 casu
614 1073 696 1137 haec
715 1074 811 1138 habet
830 1096 847 1135 c
910 1074 984 1157 quia
1000 1074 1032 1135 in
1048 1073 1104 1137 tali
1121 1092 1207 1145 casu,
1224 1072 1338 1157 vigore

157 1197 303 1263 eiusdem
318 1198 508 1279 Tridentini,
525 1197 687 1263 devolutio
710 1196 747 1263 fit
762 1198 801 1261 ad
818 1198 1102 1284 Metropolitanum
1118 1197 1171 1261 vel
1187 1197 1342 1281 antiquio·

160 1341 231 1385 rem
248 1342 290 1387 ex
306 1318 534 1407 suffraganeis,
551 1320 678 1405 quando
695 1322 842 1387 Ecclesia
858 1322 1109 1407 Metropolitana
1128 1339 1249 1385 vacans
1271 1323 1340 1395 est;

157 1443 213 1508 vel
237 1443 284 1533 ad·
299 1444 500 1518 viciniorem,
520 1444 646 1528 quaudo
663 1444 810 1509 Ecclesia
831 1448 880 1509 est
903 1448 1061 1527 exempta,
1080 1442 1209 1508 nullitas
1233 1447 1339 1528 potest

157 1568 295 1653 proponi
319 1588 428 1631 coram
451 1567 710 1653 Metropolitano,
734 1568 788 1633 vel
811 1586 920 1631 coram
944 1569 1125 1652 antiquiore
1149 1567 1201 1631 vel
1226 1585 1337 1631 coram

157 1691 316 1755 viciniore
339 1692 519 1776 respective
537 1710 567 1755 ›.

248 1816 397 1881 Iamvero
420 1837 479 1901 pro
502 1810 660 1882 hodierna
681 1819 779 1903 praxi
802 1818 885 1882 haec
908 1816 1129 1883 advertantur.
1146 1814 1259 1891 Quoad
1283 1835 1334 1881 ca·

152 1959 228 2003 sum
252 1959 316 2003 nou
339 1941 459 2005 servati
483 1943 631 2007 Drecreti
655 1942 844 2015 Tridentini,
862 1942 1044 2007 devolvitur
1060 1941 1202 2026 cognitio
1226 1941 1275 2004 rei
1291 1937 1334 2004 ad

155 2064 293 2131 iudicem
314 2068 496 2151 respective
519 2068 571 2131 vel
594 2070 795 2152 superiorem
811 2068 864 2133 vel
887 2070 1101 2151 antiquiorem
1116 2068 1169 2133 vel
1192 2067 1330 2132 vicinio-

155 2209 236 2261 rem,
254 2192 343 2255 cuius
360 2197 417 2264 est,
434 2191 488 2255 vel
503 2192 653 2276 supplere
670 2192 899 2278 negligentiam
914 2191 1051 2276 Capituli
1069 2196 1100 2255 et
1117 2192 1184 2255 eius
1205 2191 1332 2275 culpam

151 2316 341 2400 corrigere;
365 2315 546 2399 deputando
561 2316 731 2381 Vicarium
754 2316 936 2395 sinendum
961 2316 1021 2382 tuit
1037 2317 1168 2389 electus,
1185 2321 1333 2401 tempore

153 2436 226 2501 utili
248 2438 312 2502 iam
335 2439 567 2523 praeterlaps0‚
591 2438 644 2502 vel
667 2439 837 2504 declarare
861 2441 981 2504 nullam
1006 2446 1037 2505 et
1061 2442 1186 2505 irritam
1211 2441 1330 2505 factam

151 2552 391 2643 deputationem
416 2566 448 2625 et
473 2562 649 2647 legitimum
677 2565 873 2627 constituere
897 2564 1065 2628 Vicarium
1097 2564 1123 2627 si
1148 2562 1328 2647 Capitulum

150 2686 238 2750 mala
261 2684 323 2751 fide
347 2689 503 2772 processit
530 2690 562 2752 in
587 2690 740 2755 eiusmodi
765 2692 903 2775 negotio.
930 2726 947 2739 -
974 2688 1107 2765 Quando
1132 2710 1210 2754 vero
1235 2689 1331 2773 Capi-

149 2814 255 2879 tulum
266 2812 350 2878 bona
361 2812 423 2878 lide
436 2814 552 2879 falsum
564 2821 614 2882 est
624 2817 656 2879 in
669 2817 874 2901 deputatione
886 2818 959 2881 Vic.
974 2817 1175 2903 Capitularis‚
1189 2817 1330 2881 rescissa

150 2935 215 2999 hac
238 2934 451 3020 deputatione,
468 2934 553 3000 aliud
576 2941 700 3021 tempus
724 2938 753 3001 ei
777 2938 1004 3022 assignandum
1030 2943 1088 3002 est.
1109 2973 1127 2986 -

241 3056 352 3132 Quoad
368 3058 504 3123 alterum
526 3080 634 3125 casum
650 3081 714 3127 non
736 3067 886 3127 servatae
910 3062 1071 3147 legitimae
1095 3063 1219 3128 formae
1239 3068 1331 3129 actus

147 3180 346 3265 capitularis,
360 3188 451 3247 certe
466 3183 521 3249 hic
537 3191 662 3250 nonest
677 3205 759 3250 unus
775 3207 818 3251 ex
835 3184 960 3252 casibus
971 3188 1132 3253 attributis
1148 3193 1331 3275 competen-

147 3308 214 3371 tiae
238 3308 478 3392 Metropolitaui
501 3309 554 3373 vel
577 3311 710 3375 alterius
733 3310 846 3377 iudicis
874 3312 1056 3399 Superioris
1080 3319 1112 3378 et
1135 3334 1199 3378 non
1226 3319 1276 3379 est
1299 3336 1332 3379 a·

147 3432 235 3497 liena
257 3436 352 3498 etiam
384 3435 424 3499 ab
448 3435 606 3501 hodierna
627 3440 732 3523 praxi,
758 3440 841 3502 ratio
866 3440 1055 3523 expediendi
1085 3440 1206 3525 negotii
1233 3460 1329 3525 quam

148 3556 248 3621 tradit
272 3557 459 3623 Leurenius.
486 3594 504 3607 ·
529 3559 591 3625 Sed
615 3560 709 3626 hodie
732 3562 816 3627 solet
831 3564 864 3627 in
881 3563 1058 3629 huiusmodi
1084 3564 1189 3628 causis
1211 3565 1329 3631 haberi

147 3696 302 3743 recursus
323 3681 377 3746 vel
400 3681 440 3745 ad
465 3683 496 3748 S.
522 3682 639 3768 Congr.
664 3686 732 3749 EE.
759 3691 791 3749 et
815 3686 886 3750 th.
911 3686 963 3749 vel
987 3686 1027 3750 ad
1050 3687 1082 3752 S.
1115 3687 1213 3773 Cong.
1242 3688 1330 3755 Con·

148 3802 213 3868 cilii
236 3823 318 3887 quae
341 3804 423 3871 duae
446 3807 546 3893 Cong.
570 3813 644 3873 sunt
674 3812 878 3878 cumulatior
908 3818 1126 3899 competentes
1156 3816 1189 3879 in
1212 3814 1327 3881 huius-

145 3925 232 3991 modi
256 3930 468 4011 quaestiones.

236 4050 311 4115 349.
336 4052 382 4116 De
398 4055 589 4139 exceptione
612 4046 801 4140 suspicionis
817 4076 880 4139 qua
898 4077 1049 4125 recusare
1073 4061 1251 4127 intenditur
1267 4065 1328 4131 Vi·

142 4173 253 4239 carius
276 4173 478 4259 capitularis,
505 4178 676 4263 Fagnanus
699 4180 733 4242 in
756 4180 808 4245 cit.
835 4202 908 4267 cap.
933 4183 998 4251 His
1014 4186 1175 4271 qcce'De
1197 4189 1322 4257 maior.

141 4301 176 4361 ct
192 4296 285 4363 obed.
308 4318 343 4363 n.
370 4300 416 4364 76
438 4300 493 4381 ait,
510 4321 575 4366 uon
598 4322 658 4387 per
681 4303 820 4370 arbitros
844 4310 995 4392 cognosci
1012 4308 1130 4375 debere
1154 4310 1324 4397 deputatos
1374 4342 1380 4355 ·

141 4439 165 4483 a
187 4418 343 4506 Capitale,
368 4423 423 4488 sed
446 4423 487 4489 ab
510 4424 578 4509 ipso
602 4426 747 4512 Capitulo
771 4450 841 4494 rem
868 4431 1100 4529 expediendam
1131 4456 1211 4501 esse.
1244 4438 1324 4505 Sen-
