3292 5109
280 247 349 320 548
707 266 813 314 rnnnx
836 265 1038 314 sruorrrcus

280 391 341 446 120.
360 389 399 444 De
417 387 482 442 aliis
500 385 704 456 provisionibus
721 401 771 454 pro
790 384 934 439 nonnullis
951 383 1127 453 gravioribus
1144 383 1286 453 negotiis.
1318 399 1387 456 pop.
1406 381 1464 438 136

280 498 340 553 121.
360 497 400 552 De
418 494 611 549 commissione
624 491 813 548 cardinalium
826 507 877 562 pro
888 490 1072 546 orientalibus
1089 490 1209 562 aliisque
1224 488 1334 562 populis

384 601 419 655 ad
437 599 575 654 unitatem
593 597 755 654 revocandis
782 634 1333 651 .............
1369 610 1389 651 ›
1408 594 1463 649 138

278 709 338 764 122.
358 709 564 763 Enumerantur
582 704 721 760 Officiales
739 705 785 776 qui
806 704 1001 759 Cardinalibus
1018 721 1131 774 operam
1150 705 1243 758 dant.
1280 743 1286 756 .
1323 741 1331 758 .
1368 703 1462 761 »140

277 818 337 873 123.
358 818 396 873 Da
416 816 605 886 competentia
622 814 704 869 huius
723 813 833 884 Congr.;
852 819 882 869 et
899 813 928 868 in
947 815 1040 883 specie
1052 813 1086 868 de
1105 818 1244 884 potestate
1261 811 1332 868 iudi-

383 924 447 979 ciali
468 928 498 979 et
515 921 678 992 legislativa
700 960 1332 975 ...............
1367 936 1386 980 >
1415 922 1459 977 ibi

277 1035 337 1090 124.
357 1034 396 1089 Dc
415 1032 530 1103 speciali
549 1033 609 1087 iure
629 1032 776 1086 Pontificio
795 1047 851 1103 quo
869 1033 986 1086 utuntur
1004 1029 1133 1100 regiones
1147 1028 1210 1084 huic
1229 1030 1329 1102 congr.

383 1138 526 1193 subiectae
563 1171 1329 1190 ..................
1366 1148 1384 1191 a
1405 1133 1460 1188 143

278 1245 336 1300 125.
358 1245 557 1300 Describuntur·
576 1243 628 1298 hae
648 1243 776 1313 regiones
785 1278 1240 1296 ...........
1274 1230 1284 1295 ’.
1321 1281 1328 1294 .
1365 1243 1458 1300 »144

278 1350 336 1404 126.
356 1347 539 1418 Explicantur
557 1347 710 1404 nonnullae
728 1349 851 1420 potiores
868 1347 1018 1403 facultates
1035 1347 1141 1404 ordinis
1153 1346 1330 1402 administra·

382 1457 433 1511 tivi
453 1456 518 1511 huic
536 1457 636 1528 Congr.
657 1461 848 1526 competentes
876 1495 1328 1511 ...........
1365 1471 1383 1514 a
1403 1457 1460 1512 148

276 1565 335 1620 127.
356 1563 394 1618 De
414 1563 522 1618 ratione
541 1562 706 1632 procedendi
725 1563 754 1618 in
772 1562 894 1632 negotiis
913 1561 1196 1618 extraiudicialibus.
1232 1604 1239 1616 .
1277 1605 1284 1618 .
1321 1603 1328 1618 .
1366 1563 1459 1618 »153

227 1641 230 1648 Ι
275 1672 335 1727 128.
356 1671 394 1726 De
414 1687 545 1740 processu
564 1671 594 1725 in
613 1670 733 1740 negotiis
753 1669 930 1724 iudicialibus
965 1709 1327 1726 .........
1364 1673 1456 1730 »156

275 1779 334 1835 129.
356 1779 394 1834 De
413 1777 589 1849 expeditione
608 1783 637 1833 et
655 1779 819 1834 executione
839 1779 1036 1848 rescriptorum
1055 1819 1328 1833 .......
1365 1797 1382 1834 a
1402 1779 1454 1834 167

749 2038 910 2096 TITULUS
929 2038 974 2094 1v.

466 2217 503 2256 1111
524 2217 762 2258 ΟΟΝΘΒΒΘΑΤΙΟΝΕ
782 2215 915 2256 1131101118
932 2215 971 2254 11·
991 2216 1266 2256 consecraverimus

533 2321 730 2362 triscoronuu
750 2321 787 2359 ET
809 2319 996 2360 Raetiarum!
1016 2319 1193 2360 Panamara

398 2427 435 2466 ET
455 2427 490 2465 DE
511 2427 583 2466 attis
603 2424 886 2466 cONcREGATIONlBUS
905 2424 935 2463 m
955 2424 1076 2464 annuns
1096 2425 1148 2463 SEU
1167 2425 1324 2466 cantarana

273 2623 332 2677 130.
352 2622 535 2678 Delineantur
553 2623 634 2693 plura
651 2623 828 2692 negotiorum
848 2639 952 2692 genera
975 2623 1126 2692 Episcopos
1149 2623 1326 2694 respicientia

379 2735 428 2784 aut
449 2730 610 2800 Regulares,
629 2729 663 2784 ad
683 2731 709 2783 S.
729 2729 827 2785 Sedem
847 2730 940 2784 delata
961 2769 1276 2783 ........
1311 2749 1378 2801 pap.
1399 2731 1453 2785 158

274 2835 334 2892 131.
353 2837 439 2907 Origo
458 2837 540 2891 huius
565 2836 693 2906 congreg
694 2875 1324 2890 ...............
1361 2852 1378 2895 )
1399 2837 1455 2892 159

272 2943 332 2999 132.
353 2944 420 2998 Eius
438 2961 537 3013 scopus
558 2981 1323 2999 ..................
1360 2958 1378 3002 ›
1399 2943 1455 2998 160

272 3047 332 3104 133.
352 3049 395 3104 Ad
415 3050 547 3105 tuendum
568 3050 675 3106 Statum
690 3047 872 3119 Regularium
885 3052 914 3103 et
925 3049 1072 3104 fovendam
1089 3050 1269 3120 disciplinam
1280 3067 1326 3105 ra·

324 3142 326 3151 ¹
377 3155 510 3224 putarem
529 3157 675 3209 institutae
694 3159 759 3208 sunt
778 3153 913 3224 speciales
932 3154 1033 3224 congr.
1050 3153 1326 3226 alterasuperstata

377 3261 576 3330 Repulariun25
594 3261 684 3315 altera
702 3277 789 3332 super
807 3261 957 3330 disciplina
976 3261 1117 3330 Repulari
1138 3301 1322 3314 .....
1360 3278 1377 3316 rr
1399 3262 1447 3316 161

271 3364 330 3420 134.
350 3365 530 3435 Recoluntur,
551 3367 710 3438 speciminis
729 3367 830 3436 gratia,
848 3366 983 3420 nonnulla
1001 3366 1114 3421 decreta
1131 3383 1228 3422 recens
1249 3368 1325 3422 edita

376 3489 393 3525 a
412 3469 514 3542 Congr,
533 3491 620 3544 super
638 3484 711 3527 statu
734 3473 921 3543 Repulamum
957 3513 1322 3528 .........
1358 3493 1376 3532 s
1397 3477 1451 3530 162

271 3575 329 3630 135.
351 3577 390 3632 lle
409 3578 524 3648 speciali
545 3580 732 3650 competentia
750 3579 849 3633 harum
869 3579 1122 3649 Congregationum
1138 3620 1322 3635 .....
1359 3601 1377 3639 rr
1397 3583 1453 3638 163

270 3678 329 3734 136.
350 3680 390 3734 De
410 3681 603 3752 Competentia
622 3681 723 3753 Congr.
743 3683 797 3736 EE.
818 3689 847 3738 et
863 3685 915 3738 th
916 3724 1322 3739 ..........
1361 3704 1377 3740 r
1408 3688 1449 3742 ibi

357 3845 375 3906 ἓ
398 3841 420 3895 l.
440 3869 474 3883 -
495 3843 536 3897 De
556 3847 664 3898 ratione
681 3846 856 3915 procedendi
872 3846 949 3915 opud
968 3846 1041 3898 lianc
1061 3845 1087 3899 S.
1109 3847 1359 3916 congregationem

463 3949 494 4002 in
512 3954 629 4020 negotiis
648 3961 706 4004 tum
729 3953 913 4018 contentiosis,
932 3961 991 4005 tum
1012 3953 1251 4006 administrativis.

269 4106 329 4161 137.
350 4107 426 4164 Haec
445 4107 545 4178 Congr.
565 4112 677 4180 expedit
696 4127 805 4182 quoque
824 4112 939 4181 negotia
957 4110 1132 4166 contentiosa
1149 4117 1210 4167 tum
1227 4112 1323 4167 civilia

374 4219 434 4270 tum
453 4217 611 4272 criminalia
629 4219 676 4274 sed
695 4219 751 4274 ritu
770 4219 918 4273 admodum
936 4219 1141 4274 oeconomico.
1178 4259 1186 4272 .
1222 4259 1230 4273 .
1268 4259 1275 4274 .
1307 4238 1374 4292 pop.
1396 4220 1449 4275 164

269 4323 328 4377 138.
349 4323 488 4380 Officiales
506 4324 589 4380 huius
609 4325 737 4397 congreg
739 4367 1321 4383 ..............
1358 4347 1376 4387 a
1396 4329 1451 4385 165
