<?xml version="1.0" encoding="UTF-8"?>
<!DOCTYPE html PUBLIC "-//W3C//DTD XHTML 1.0 Transitional//EN"
    "http://www.w3.org/TR/xhtml1/DTD/xhtml1-transitional.dtd">
<html xmlns="http://www.w3.org/1999/xhtml" xml:lang="en" lang="en">
 <head>
  <title>
</title>
<meta http-equiv="Content-Type" content="text/html;charset=utf-8" />
  <meta name='ocr-system' content='tesseract 3.04.00' />
  <meta name='ocr-capabilities' content='ocr_page ocr_carea ocr_par ocr_line ocrx_word'/>
</head>
<body>
  <div class='ocr_page' id='page_1' title='image "./praelectionesin03legagoog_0377.png"; bbox 0 0 3292 5109; ppageno 0'>
   <div class='ocr_carea' id='block_1_1' title="bbox 479 312 1333 378">
    <p class='ocr_par' dir='ltr' id='par_1_1' title="bbox 479 312 1333 378">
     <span class='ocr_line' id='line_1_1' title="bbox 479 312 1333 378; baseline 0.002 -3"><span class='ocrx_word' id='word_1_1' title='bbox 479 330 524 375; x_wconf 86' lang='lat' dir='ltr'>ns</span> <span class='ocrx_word' id='word_1_2' title='bbox 546 330 687 377; x_wconf 76' lang='lat' dir='ltr'>runicus</span> <span class='ocrx_word' id='word_1_3' title='bbox 710 330 975 378; x_wconf 79' lang='lat' dir='ltr'>ncnnssmsrrcm</span> <span class='ocrx_word' id='word_1_4' title='bbox 1265 312 1333 377; x_wconf 83' lang='grc'>373</span> 
     </span>
    </p>
   </div>
   <div class='ocr_carea' id='block_1_2' title="bbox 99 447 1355 2647">
    <p class='ocr_par' dir='ltr' id='par_1_2' title="bbox 99 447 1355 2647">
     <span class='ocr_line' id='line_1_2' title="bbox 241 447 1331 537; baseline 0.005 -24"><span class='ocrx_word' id='word_1_5' title='bbox 241 447 336 513; x_wconf 87' lang='lat' dir='ltr'>Circa</span> <span class='ocrx_word' id='word_1_6' title='bbox 357 448 504 514; x_wconf 87' lang='lat' dir='ltr'>valorem</span> <span class='ocrx_word' id='word_1_7' title='bbox 527 449 732 515; x_wconf 88' lang='lat' dir='ltr'>decretorum</span> <span class='ocrx_word' id='word_1_8' title='bbox 753 450 969 537; x_wconf 72' lang='lat' dir='ltr'>generalium</span> <span class='ocrx_word' id='word_1_9' title='bbox 991 450 1185 535; x_wconf 71' lang='lat' dir='ltr'><em>formaliter</em></span> <span class='ocrx_word' id='word_1_10' title='bbox 1202 457 1234 517; x_wconf 89' lang='lat' dir='ltr'>et</span> <span class='ocrx_word' id='word_1_11' title='bbox 1246 472 1331 537; x_wconf 86' lang='lat' dir='ltr'>par·</span> 
     </span>
     <span class='ocr_line' id='line_1_3' title="bbox 142 562 1332 663; baseline 0.007 -27"><span class='ocrx_word' id='word_1_12' title='bbox 142 562 356 645; x_wconf 82' lang='lat' dir='ltr'>ticnlarinrn,</span> <span class='ocrx_word' id='word_1_13' title='bbox 373 574 463 639; x_wconf 88' lang='lat' dir='ltr'>nulla</span> <span class='ocrx_word' id='word_1_14' title='bbox 482 580 633 640; x_wconf 89' lang='lat' dir='ltr'>versatur</span> <span class='ocrx_word' id='word_1_15' title='bbox 655 577 886 641; x_wconf 88' lang='lat' dir='ltr'>controversia.</span> <span class='ocrx_word' id='word_1_16' title='bbox 904 576 1065 661; x_wconf 79' lang='lat' dir='ltr'>Siquidem</span> <span class='ocrx_word' id='word_1_17' title='bbox 1081 578 1261 663; x_wconf 73' lang='lat' dir='ltr'>generalia</span> <span class='ocrx_word' id='word_1_18' title='bbox 1276 578 1332 644; x_wconf 91' lang='lat' dir='ltr'>de-</span> 
     </span>
     <span class='ocr_line' id='line_1_4' title="bbox 141 700 1333 788; baseline 0.005 -27"><span class='ocrx_word' id='word_1_19' title='bbox 141 702 252 770; x_wconf 86' lang='lat' dir='ltr'>creta,</span> <span class='ocrx_word' id='word_1_20' title='bbox 278 717 320 762; x_wconf 83' lang='lat' dir='ltr'>ex</span> <span class='ocrx_word' id='word_1_21' title='bbox 343 718 388 779; x_wconf 89' lang='lat' dir='ltr'>se,</span> <span class='ocrx_word' id='word_1_22' title='bbox 413 700 580 764; x_wconf 81' lang='lat' dir='ltr'>continent</span> <span class='ocrx_word' id='word_1_23' title='bbox 602 706 635 767; x_wconf 88' lang='lat' dir='ltr'>et</span> <span class='ocrx_word' id='word_1_24' title='bbox 658 702 846 787; x_wconf 84' lang='lat' dir='ltr'>exprimunt</span> <span class='ocrx_word' id='word_1_25' title='bbox 867 701 971 787; x_wconf 88' lang='lat' dir='ltr'>legem</span> <span class='ocrx_word' id='word_1_26' title='bbox 999 701 1203 788; x_wconf 80' lang='lat' dir='ltr'>generalem3</span> <span class='ocrx_word' id='word_1_27' title='bbox 1224 702 1333 787; x_wconf 82' lang='lat' dir='ltr'>parti·</span> 
     </span>
     <span class='ocr_line' id='line_1_5' title="bbox 141 820 1332 909; baseline 0.004 -24"><span class='ocrx_word' id='word_1_28' title='bbox 141 820 285 885; x_wconf 84' lang='lat' dir='ltr'>-ealaria</span> <span class='ocrx_word' id='word_1_29' title='bbox 308 841 388 886; x_wconf 90' lang='lat' dir='ltr'>vero</span> <span class='ocrx_word' id='word_1_30' title='bbox 411 821 534 887; x_wconf 83' lang='lat' dir='ltr'>iaciunt</span> <span class='ocrx_word' id='word_1_31' title='bbox 561 825 610 888; x_wconf 87' lang='lat' dir='ltr'>ius</span> <span class='ocrx_word' id='word_1_32' title='bbox 636 824 834 909; x_wconf 77' lang='lat' dir='ltr'>particulare</span> <span class='ocrx_word' id='word_1_33' title='bbox 865 826 940 909; x_wconf 90' lang='lat' dir='ltr'>quia</span> <span class='ocrx_word' id='word_1_34' title='bbox 970 824 1151 889; x_wconf 87' lang='lat' dir='ltr'>decernunt</span> <span class='ocrx_word' id='word_1_35' title='bbox 1173 824 1213 890; x_wconf 89' lang='lat' dir='ltr'>de</span> <span class='ocrx_word' id='word_1_36' title='bbox 1237 844 1275 889; x_wconf 88' lang='lat' dir='ltr'>re</span> <span class='ocrx_word' id='word_1_37' title='bbox 1299 830 1332 891; x_wconf 90' lang='lat' dir='ltr'>et</span> 
     </span>
     <span class='ocr_line' id='line_1_6' title="bbox 148 948 1332 1035; baseline 0.004 -24"><span class='ocrx_word' id='word_1_38' title='bbox 148 966 290 1032; x_wconf 88' lang='lat' dir='ltr'>persona</span> <span class='ocrx_word' id='word_1_39' title='bbox 320 948 519 1033; x_wconf 76' lang='lat' dir='ltr'>particulari.</span> <span class='ocrx_word' id='word_1_40' title='bbox 553 949 648 1015; x_wconf 83' lang='lat' dir='ltr'>Circa</span> <span class='ocrx_word' id='word_1_41' title='bbox 677 949 805 1014; x_wconf 91' lang='lat' dir='ltr'>modum</span> <span class='ocrx_word' id='word_1_42' title='bbox 833 970 912 1015; x_wconf 91' lang='lat' dir='ltr'>vero</span> <span class='ocrx_word' id='word_1_43' title='bbox 945 970 1007 1035; x_wconf 90' lang='lat' dir='ltr'>quo</span> <span class='ocrx_word' id='word_1_44' title='bbox 1038 950 1245 1035; x_wconf 85' lang='lat' dir='ltr'>publicantur</span> <span class='ocrx_word' id='word_1_45' title='bbox 1274 970 1332 1016; x_wconf 87' lang='lat' dir='ltr'>seu</span> 
     </span>
     <span class='ocr_line' id='line_1_7' title="bbox 145 1072 1328 1161; baseline 0.007 -27"><span class='ocrx_word' id='word_1_46' title='bbox 145 1072 397 1157; x_wconf 87' lang='lat' dir='ltr'>promulgantur</span> <span class='ocrx_word' id='word_1_47' title='bbox 412 1073 545 1139; x_wconf 89' lang='lat' dir='ltr'>decreta</span> <span class='ocrx_word' id='word_1_48' title='bbox 566 1073 761 1157; x_wconf 77' lang='lat' dir='ltr'>formaliter</span> <span class='ocrx_word' id='word_1_49' title='bbox 775 1074 961 1161; x_wconf 73' lang='lat' dir='ltr'>generalia,</span> <span class='ocrx_word' id='word_1_50' title='bbox 980 1096 1017 1140; x_wconf 90' lang='lat' dir='ltr'>ea</span> <span class='ocrx_word' id='word_1_51' title='bbox 1033 1075 1233 1141; x_wconf 89' lang='lat' dir='ltr'>advertenda</span> <span class='ocrx_word' id='word_1_52' title='bbox 1253 1082 1328 1142; x_wconf 91' lang='lat' dir='ltr'>sunt</span> 
     </span>
     <span class='ocr_line' id='line_1_8' title="bbox 141 1196 1326 1283; baseline 0.006 -25"><span class='ocrx_word' id='word_1_53' title='bbox 141 1213 233 1277; x_wconf 81' lang='lat' dir='ltr'>quae</span> <span class='ocrx_word' id='word_1_54' title='bbox 257 1216 356 1280; x_wconf 88' lang='lat' dir='ltr'>supra</span> <span class='ocrx_word' id='word_1_55' title='bbox 378 1196 610 1283; x_wconf 81' lang='lat' dir='ltr'>explicavimus</span> <span class='ocrx_word' id='word_1_56' title='bbox 633 1216 667 1263; x_wconf 88' lang='lat' dir='ltr'>n.</span> <span class='ocrx_word' id='word_1_57' title='bbox 691 1196 775 1263; x_wconf 76' lang='lat'>293.</span> <span class='ocrx_word' id='word_1_58' title='bbox 798 1232 816 1245; x_wconf 93' lang='lat'>·</span> <span class='ocrx_word' id='word_1_59' title='bbox 835 1198 959 1263; x_wconf 90' lang='lat' dir='ltr'>Verum</span> <span class='ocrx_word' id='word_1_60' title='bbox 982 1200 1089 1283; x_wconf 89' lang='lat' dir='ltr'>aliqua</span> <span class='ocrx_word' id='word_1_61' title='bbox 1112 1205 1228 1265; x_wconf 79' lang='lat' dir='ltr'>exorta</span> <span class='ocrx_word' id='word_1_62' title='bbox 1250 1206 1326 1265; x_wconf 91' lang='lat' dir='ltr'>sunt</span> 
     </span>
     <span class='ocr_line' id='line_1_9' title="bbox 146 1318 1355 1421; baseline 0.006 -38"><span class='ocrx_word' id='word_1_63' title='bbox 146 1318 247 1383; x_wconf 90' lang='lat' dir='ltr'>dubia</span> <span class='ocrx_word' id='word_1_64' title='bbox 259 1321 348 1384; x_wconf 87' lang='lat' dir='ltr'>circa</span> <span class='ocrx_word' id='word_1_65' title='bbox 359 1322 505 1386; x_wconf 90' lang='lat' dir='ltr'>valorem</span> <span class='ocrx_word' id='word_1_66' title='bbox 521 1321 727 1386; x_wconf 89' lang='lat' dir='ltr'>decretorum</span> <span class='ocrx_word' id='word_1_67' title='bbox 740 1323 1007 1407; x_wconf 78' lang='lat' dir='ltr'>aequipollenter</span> <span class='ocrx_word' id='word_1_68' title='bbox 1018 1325 1242 1409; x_wconf 75' lang='lat' dir='ltr'>generalium,</span> <span class='ocrx_word' id='word_1_69' title='bbox 1257 1345 1331 1390; x_wconf 91' lang='lat' dir='ltr'>cum</span> <span class='ocrx_word' id='word_1_70' title='bbox 1354 1418 1355 1421; x_wconf 8' lang='grc' dir='ltr'><strong>Ἴ</strong></span> 
     </span>
     <span class='ocr_line' id='line_1_10' title="bbox 148 1442 1329 1531; baseline 0.006 -26"><span class='ocrx_word' id='word_1_71' title='bbox 148 1442 298 1506; x_wconf 90' lang='lat' dir='ltr'>nonnulli</span> <span class='ocrx_word' id='word_1_72' title='bbox 322 1443 442 1508; x_wconf 90' lang='lat' dir='ltr'>eisdem</span> <span class='ocrx_word' id='word_1_73' title='bbox 458 1443 692 1530; x_wconf 81' lang='lat' dir='ltr'>denegaverint</span> <span class='ocrx_word' id='word_1_74' title='bbox 707 1446 772 1509; x_wconf 89' lang='lat' dir='ltr'>vim</span> <span class='ocrx_word' id='word_1_75' title='bbox 795 1445 877 1530; x_wconf 89' lang='lat' dir='ltr'>legis</span> <span class='ocrx_word' id='word_1_76' title='bbox 892 1466 970 1511; x_wconf 90' lang='lat' dir='ltr'>vere</span> <span class='ocrx_word' id='word_1_77' title='bbox 994 1447 1167 1531; x_wconf 86' lang='lat' dir='ltr'>generalis.</span> <span class='ocrx_word' id='word_1_78' title='bbox 1185 1448 1228 1512; x_wconf 81' lang='lat' dir='ltr'>At</span> <span class='ocrx_word' id='word_1_79' title='bbox 1252 1450 1329 1531; x_wconf 93' lang='lat' dir='ltr'>quin</span> 
     </span>
     <span class='ocr_line' id='line_1_11' title="bbox 148 1568 1329 1656; baseline 0.004 -25"><span class='ocrx_word' id='word_1_80' title='bbox 148 1572 334 1651; x_wconf 84' lang='lat' dir='ltr'>repetamus</span> <span class='ocrx_word' id='word_1_81' title='bbox 350 1587 486 1652; x_wconf 86' lang='lat' dir='ltr'>eaquae</span> <span class='ocrx_word' id='word_1_82' title='bbox 502 1570 565 1634; x_wconf 84' lang='lat' dir='ltr'>iam</span> <span class='ocrx_word' id='word_1_83' title='bbox 581 1568 646 1635; x_wconf 89' lang='lat' dir='ltr'>late</span> <span class='ocrx_word' id='word_1_84' title='bbox 663 1569 895 1656; x_wconf 79' lang='lat' dir='ltr'>explicavimus</span> <span class='ocrx_word' id='word_1_85' title='bbox 911 1575 1090 1637; x_wconf 81' lang='lat' dir='ltr'>tractantes</span> <span class='ocrx_word' id='word_1_86' title='bbox 1108 1573 1329 1655; x_wconf 88' lang='lat' dir='ltr'>quaestionem</span> 
     </span>
     <span class='ocr_line' id='line_1_12' title="bbox 142 1687 1329 1779; baseline 0.004 -26"><span class='ocrx_word' id='word_1_87' title='bbox 142 1689 349 1774; x_wconf 78' lang='lat' dir='ltr'>generalem,</span> <span class='ocrx_word' id='word_1_88' title='bbox 372 1687 511 1754; x_wconf 89' lang='lat' dir='ltr'>sufficiat</span> <span class='ocrx_word' id='word_1_89' title='bbox 533 1692 678 1764; x_wconf 88' lang='lat' dir='ltr'>innuere,</span> <span class='ocrx_word' id='word_1_90' title='bbox 696 1690 751 1757; x_wconf 91' lang='lat' dir='ltr'>SS.</span> <span class='ocrx_word' id='word_1_91' title='bbox 770 1692 900 1755; x_wconf 86' lang='lat' dir='ltr'>Rituum</span> <span class='ocrx_word' id='word_1_92' title='bbox 925 1692 1215 1779; x_wconf 82' lang='lat' dir='ltr'>Congregationem</span> <span class='ocrx_word' id='word_1_93' title='bbox 1239 1698 1329 1779; x_wconf 89' lang='lat' dir='ltr'>pote-</span> 
     </span>
     <span class='ocr_line' id='line_1_13' title="bbox 99 1812 1332 1899; baseline 0.003 -24"><span class='ocrx_word' id='word_1_94' title='bbox 99 1880 102 1883; x_wconf 58' lang='grc'><em>,</em></span> <span class='ocrx_word' id='word_1_95' title='bbox 146 1816 234 1875; x_wconf 87' lang='lat' dir='ltr'>state</span> <span class='ocrx_word' id='word_1_96' title='bbox 257 1812 381 1897; x_wconf 90' lang='lat' dir='ltr'>pollere</span> <span class='ocrx_word' id='word_1_97' title='bbox 404 1812 639 1898; x_wconf 84' lang='lat' dir='ltr'>interpretandi</span> <span class='ocrx_word' id='word_1_98' title='bbox 662 1813 851 1879; x_wconf 80' lang='lat' dir='ltr'>authentice</span> <span class='ocrx_word' id='word_1_99' title='bbox 880 1812 970 1899; x_wconf 87' lang='lat' dir='ltr'>leges</span> <span class='ocrx_word' id='word_1_100' title='bbox 1001 1813 1153 1889; x_wconf 83' lang='lat' dir='ltr'>rituales,</span> <span class='ocrx_word' id='word_1_101' title='bbox 1179 1816 1332 1899; x_wconf 88' lang='lat' dir='ltr'>quocirca</span> 
     </span>
     <span class='ocr_line' id='line_1_14' title="bbox 142 1912 1329 2026; baseline 0.005 -26"><span class='ocrx_word' id='word_1_102' title='bbox 142 1919 279 2019; x_wconf 80' lang='lat' dir='ltr'>quando</span> <span class='ocrx_word' id='word_1_103' title='bbox 309 1957 384 2002; x_wconf 88' lang='lat' dir='ltr'>suas</span> <span class='ocrx_word' id='word_1_104' title='bbox 415 1937 480 2002; x_wconf 91' lang='lat' dir='ltr'>edit</span> <span class='ocrx_word' id='word_1_105' title='bbox 502 1912 680 2004; x_wconf 82' lang='lat' dir='ltr'>decisiones</span> <span class='ocrx_word' id='word_1_106' title='bbox 703 1944 794 2003; x_wconf 88' lang='lat' dir='ltr'>sueta</span> <span class='ocrx_word' id='word_1_107' title='bbox 818 1940 941 2004; x_wconf 89' lang='lat' dir='ltr'>ratione</span> <span class='ocrx_word' id='word_1_108' title='bbox 969 1940 1157 2025; x_wconf 90' lang='lat' dir='ltr'>publicatas,</span> <span class='ocrx_word' id='word_1_109' title='bbox 1182 1942 1329 2026; x_wconf 90' lang='lat' dir='ltr'>quamvis</span> 
     </span>
     <span class='ocr_line' id='line_1_15' title="bbox 149 2060 1332 2147; baseline 0.007 -24"><span class='ocrx_word' id='word_1_110' title='bbox 149 2061 210 2125; x_wconf 90' lang='lat' dir='ltr'>bas</span> <span class='ocrx_word' id='word_1_111' title='bbox 234 2060 422 2145; x_wconf 87' lang='lat' dir='ltr'>particulari</span> <span class='ocrx_word' id='word_1_112' title='bbox 445 2060 530 2126; x_wconf 88' lang='lat' dir='ltr'>fideli</span> <span class='ocrx_word' id='word_1_113' title='bbox 547 2064 600 2127; x_wconf 90' lang='lat' dir='ltr'>vel</span> <span class='ocrx_word' id='word_1_114' title='bbox 617 2064 784 2128; x_wconf 85' lang='lat' dir='ltr'>Ecclesiae</span> <span class='ocrx_word' id='word_1_115' title='bbox 808 2064 973 2147; x_wconf 88' lang='lat' dir='ltr'>inscribat,</span> <span class='ocrx_word' id='word_1_116' title='bbox 990 2066 1053 2129; x_wconf 88' lang='lat' dir='ltr'>iam</span> <span class='ocrx_word' id='word_1_117' title='bbox 1070 2063 1168 2131; x_wconf 87' lang='lat' dir='ltr'>edidit</span> <span class='ocrx_word' id='word_1_118' title='bbox 1191 2066 1332 2131; x_wconf 87' lang='lat' dir='ltr'>anthen-</span> 
     </span>
     <span class='ocr_line' id='line_1_16' title="bbox 149 2184 1331 2272; baseline 0.005 -24"><span class='ocrx_word' id='word_1_119' title='bbox 149 2184 252 2249; x_wconf 87' lang='lat' dir='ltr'>ticam</span> <span class='ocrx_word' id='word_1_120' title='bbox 277 2185 578 2271; x_wconf 87' lang='lat' dir='ltr'>interpretationem</span> <span class='ocrx_word' id='word_1_121' title='bbox 609 2186 816 2271; x_wconf 88' lang='lat' dir='ltr'>eamdemque</span> <span class='ocrx_word' id='word_1_122' title='bbox 847 2188 1052 2272; x_wconf 84' lang='lat' dir='ltr'>generalem,</span> <span class='ocrx_word' id='word_1_123' title='bbox 1078 2208 1142 2253; x_wconf 89' lang='lat' dir='ltr'>non</span> <span class='ocrx_word' id='word_1_124' title='bbox 1175 2208 1269 2253; x_wconf 87' lang='lat' dir='ltr'>secus</span> <span class='ocrx_word' id='word_1_125' title='bbox 1291 2209 1331 2254; x_wconf 91' lang='lat' dir='ltr'>ac</span> 
     </span>
     <span class='ocr_line' id='line_1_17' title="bbox 147 2310 1330 2398; baseline 0.005 -25"><span class='ocrx_word' id='word_1_126' title='bbox 147 2310 256 2393; x_wconf 88' lang='lat' dir='ltr'>legem</span> <span class='ocrx_word' id='word_1_127' title='bbox 280 2310 534 2395; x_wconf 86' lang='lat' dir='ltr'>interpretatam,</span> <span class='ocrx_word' id='word_1_128' title='bbox 552 2331 647 2396; x_wconf 88' lang='lat' dir='ltr'>quam</span> <span class='ocrx_word' id='word_1_129' title='bbox 663 2313 797 2398; x_wconf 87' lang='lat' dir='ltr'>proinde</span> <span class='ocrx_word' id='word_1_130' title='bbox 820 2312 1072 2378; x_wconf 85' lang='lat' dir='ltr'>declarationem</span> <span class='ocrx_word' id='word_1_131' title='bbox 1088 2333 1198 2379; x_wconf 88' lang='lat' dir='ltr'>omnes</span> <span class='ocrx_word' id='word_1_132' title='bbox 1215 2319 1330 2379; x_wconf 89' lang='lat' dir='ltr'>tenere</span> 
     </span>
     <span class='ocr_line' id='line_1_18' title="bbox 148 2434 1331 2521; baseline 0.003 -23"><span class='ocrx_word' id='word_1_133' title='bbox 148 2438 185 2498; x_wconf 88' lang='lat' dir='ltr'>et</span> <span class='ocrx_word' id='word_1_134' title='bbox 207 2435 296 2518; x_wconf 88' lang='lat' dir='ltr'>sequi</span> <span class='ocrx_word' id='word_1_135' title='bbox 321 2434 446 2517; x_wconf 89' lang='lat' dir='ltr'>debent,</span> <span class='ocrx_word' id='word_1_136' title='bbox 471 2456 544 2499; x_wconf 93' lang='lat' dir='ltr'>cum</span> <span class='ocrx_word' id='word_1_137' title='bbox 568 2456 639 2500; x_wconf 88' lang='lat' dir='ltr'>eam</span> <span class='ocrx_word' id='word_1_138' title='bbox 662 2437 884 2521; x_wconf 89' lang='lat' dir='ltr'>cognoverint.</span> <span class='ocrx_word' id='word_1_139' title='bbox 911 2472 928 2484; x_wconf 98' lang='lat'>-</span> <span class='ocrx_word' id='word_1_140' title='bbox 955 2436 1134 2503; x_wconf 88' lang='lat' dir='ltr'>Praeterea</span> <span class='ocrx_word' id='word_1_141' title='bbox 1157 2436 1331 2501; x_wconf 89' lang='lat' dir='ltr'>recolendo</span> 
     </span>
     <span class='ocr_line' id='line_1_19' title="bbox 144 2562 1329 2647; baseline 0.003 -23"><span class='ocrx_word' id='word_1_142' title='bbox 144 2581 192 2625; x_wconf 83' lang='lat' dir='ltr'>ea</span> <span class='ocrx_word' id='word_1_143' title='bbox 214 2563 278 2624; x_wconf 90' lang='lat' dir='ltr'>iam</span> <span class='ocrx_word' id='word_1_144' title='bbox 300 2562 456 2646; x_wconf 83' lang='lat' dir='ltr'>exposita,</span> <span class='ocrx_word' id='word_1_145' title='bbox 481 2562 569 2626; x_wconf 89' lang='lat' dir='ltr'>clare</span> <span class='ocrx_word' id='word_1_146' title='bbox 592 2567 697 2647; x_wconf 89' lang='lat' dir='ltr'>patet,</span> <span class='ocrx_word' id='word_1_147' title='bbox 723 2562 920 2635; x_wconf 88' lang='lat' dir='ltr'>huiusmodi,</span> <span class='ocrx_word' id='word_1_148' title='bbox 945 2564 1169 2627; x_wconf 89' lang='lat' dir='ltr'>auctoritatem</span> <span class='ocrx_word' id='word_1_149' title='bbox 1193 2582 1213 2625; x_wconf 90' lang='lat' dir='ltr'>a</span> <span class='ocrx_word' id='word_1_150' title='bbox 1236 2562 1329 2627; x_wconf 90' lang='lat' dir='ltr'>nobis</span> 
     </span>
    </p>
   </div>
   <div class='ocr_carea' id='block_1_3' title="bbox 148 2684 1330 2770">
    <p class='ocr_par' dir='ltr' id='par_1_3' title="bbox 148 2684 1330 2770">
     <span class='ocr_line' id='line_1_20' title="bbox 148 2684 1330 2770; baseline 0.003 -20"><span class='ocrx_word' id='word_1_151' title='bbox 148 2684 284 2752; x_wconf 89' lang='lat' dir='ltr'>attribui</span> <span class='ocrx_word' id='word_1_152' title='bbox 299 2686 417 2750; x_wconf 89' lang='lat' dir='ltr'>nedum</span> <span class='ocrx_word' id='word_1_153' title='bbox 433 2685 705 2752; x_wconf 89' lang='lat' dir='ltr'>declarationibus</span> <span class='ocrx_word' id='word_1_154' title='bbox 720 2687 1006 2770; x_wconf 69' lang='lat' dir='ltr'>comprehensiva</span> <span class='ocrx_word' id='word_1_155' title='bbox 1022 2686 1078 2752; x_wconf 89' lang='lat' dir='ltr'>sed</span> <span class='ocrx_word' id='word_1_156' title='bbox 1094 2690 1190 2752; x_wconf 89' lang='lat' dir='ltr'>etiam</span> <span class='ocrx_word' id='word_1_157' title='bbox 1211 2691 1330 2753; x_wconf 83' lang='lat' dir='ltr'>eaten-</span> 
     </span>
    </p>
   </div>
   <div class='ocr_carea' id='block_1_4' title="bbox 113 2809 1361 4017">
    <p class='ocr_par' dir='ltr' id='par_1_4' title="bbox 147 2809 976 2896">
     <span class='ocr_line' id='line_1_21' title="bbox 147 2809 976 2896; baseline -0.002 -21"><span class='ocrx_word' id='word_1_158' title='bbox 147 2809 232 2876; x_wconf 80' lang='lat' dir='ltr'>siuis</span> <span class='ocrx_word' id='word_1_159' title='bbox 255 2830 311 2875; x_wconf 89' lang='lat' dir='ltr'>seu</span> <span class='ocrx_word' id='word_1_160' title='bbox 334 2829 449 2895; x_wconf 89' lang='lat' dir='ltr'>reapse</span> <span class='ocrx_word' id='word_1_161' title='bbox 472 2828 589 2874; x_wconf 89' lang='lat' dir='ltr'>novam</span> <span class='ocrx_word' id='word_1_162' title='bbox 611 2810 718 2896; x_wconf 90' lang='lat' dir='ltr'>legem</span> <span class='ocrx_word' id='word_1_163' title='bbox 741 2809 976 2877; x_wconf 88' lang='lat' dir='ltr'>inducentibus.</span> 
     </span>
    </p>

    <p class='ocr_par' dir='ltr' id='par_1_5' title="bbox 113 2933 1361 4017">
     <span class='ocr_line' id='line_1_22' title="bbox 242 2933 1330 3019; baseline -0.004 -16"><span class='ocrx_word' id='word_1_164' title='bbox 242 2937 317 3003; x_wconf 79' lang='lat'>297.</span> <span class='ocrx_word' id='word_1_165' title='bbox 335 2936 478 3019; x_wconf 88' lang='lat' dir='ltr'>Denique</span> <span class='ocrx_word' id='word_1_166' title='bbox 494 2934 534 3000; x_wconf 89' lang='lat' dir='ltr'>de</span> <span class='ocrx_word' id='word_1_167' title='bbox 549 2936 631 3002; x_wconf 91' lang='lat' dir='ltr'>actis</span> <span class='ocrx_word' id='word_1_168' title='bbox 649 2936 920 3000; x_wconf 83' lang='lat' dir='ltr'>Paenitentiariae</span> <span class='ocrx_word' id='word_1_169' title='bbox 937 2956 994 2999; x_wconf 89' lang='lat' dir='ltr'>seu</span> <span class='ocrx_word' id='word_1_170' title='bbox 1011 2935 1049 2999; x_wconf 90' lang='lat' dir='ltr'>de</span> <span class='ocrx_word' id='word_1_171' title='bbox 1065 2933 1204 2999; x_wconf 89' lang='lat' dir='ltr'>decretis</span> <span class='ocrx_word' id='word_1_172' title='bbox 1221 2940 1252 3000; x_wconf 92' lang='lat' dir='ltr'>et</span> <span class='ocrx_word' id='word_1_173' title='bbox 1269 2934 1330 2999; x_wconf 91' lang='lat' dir='ltr'>de-</span> 
     </span>
     <span class='ocr_line' id='line_1_23' title="bbox 145 3060 1328 3145; baseline -0.001 -19"><span class='ocrx_word' id='word_1_174' title='bbox 145 3060 383 3127; x_wconf 87' lang='lat' dir='ltr'>clarationibus</span> <span class='ocrx_word' id='word_1_175' title='bbox 406 3060 445 3125; x_wconf 91' lang='lat' dir='ltr'>ab</span> <span class='ocrx_word' id='word_1_176' title='bbox 469 3060 582 3125; x_wconf 88' lang='lat' dir='ltr'>eadem</span> <span class='ocrx_word' id='word_1_177' title='bbox 605 3060 698 3126; x_wconf 90' lang='lat' dir='ltr'>editis</span> <span class='ocrx_word' id='word_1_178' title='bbox 715 3060 889 3125; x_wconf 90' lang='lat' dir='ltr'>recolenda</span> <span class='ocrx_word' id='word_1_179' title='bbox 904 3066 980 3126; x_wconf 89' lang='lat' dir='ltr'>sunt</span> <span class='ocrx_word' id='word_1_180' title='bbox 996 3080 1078 3144; x_wconf 87' lang='lat' dir='ltr'>quae</span> <span class='ocrx_word' id='word_1_181' title='bbox 1095 3060 1328 3145; x_wconf 85' lang='lat' dir='ltr'>explicavimus</span> 
     </span>
     <span class='ocr_line' id='line_1_24' title="bbox 113 3183 1331 3272; baseline 0 -21"><span class='ocrx_word' id='word_1_182' title='bbox 113 3212 117 3216; x_wconf 61' lang='grc'><em>’</em></span> <span class='ocrx_word' id='word_1_183' title='bbox 145 3185 407 3272; x_wconf 82' lang='lat' dir='ltr'>adprehendam</span> <span class='ocrx_word' id='word_1_184' title='bbox 431 3186 558 3270; x_wconf 89' lang='lat' dir='ltr'>plenam</span> <span class='ocrx_word' id='word_1_185' title='bbox 575 3185 755 3251; x_wconf 90' lang='lat' dir='ltr'>huiusmodi</span> <span class='ocrx_word' id='word_1_186' title='bbox 772 3192 919 3251; x_wconf 88' lang='lat' dir='ltr'>actorum</span> <span class='ocrx_word' id='word_1_187' title='bbox 940 3187 1014 3257; x_wconf 86' lang='lat' dir='ltr'>vim,</span> <span class='ocrx_word' id='word_1_188' title='bbox 1032 3204 1114 3270; x_wconf 88' lang='lat' dir='ltr'>quae</span> <span class='ocrx_word' id='word_1_189' title='bbox 1137 3183 1331 3251; x_wconf 78' lang='lat' dir='ltr'>authentica</span> 
     </span>
     <span class='ocr_line' id='line_1_25' title="bbox 145 3308 1330 3397; baseline -0.005 -20"><span class='ocrx_word' id='word_1_190' title='bbox 145 3309 269 3394; x_wconf 78' lang='lat' dir='ltr'>forma</span> <span class='ocrx_word' id='word_1_191' title='bbox 291 3310 410 3397; x_wconf 89' lang='lat' dir='ltr'>publici</span> <span class='ocrx_word' id='word_1_192' title='bbox 433 3312 514 3375; x_wconf 91' lang='lat' dir='ltr'>iuris</span> <span class='ocrx_word' id='word_1_193' title='bbox 537 3308 630 3384; x_wconf 87' lang='lat' dir='ltr'>fiunt,</span> <span class='ocrx_word' id='word_1_194' title='bbox 655 3312 801 3394; x_wconf 87' lang='lat' dir='ltr'>quamvis</span> <span class='ocrx_word' id='word_1_195' title='bbox 823 3311 913 3375; x_wconf 91' lang='lat' dir='ltr'>nulla</span> <span class='ocrx_word' id='word_1_196' title='bbox 935 3308 1117 3375; x_wconf 89' lang='lat' dir='ltr'>intercedat</span> <span class='ocrx_word' id='word_1_197' title='bbox 1144 3308 1330 3394; x_wconf 89' lang='lat' dir='ltr'>promulga-</span> 
     </span>
     <span class='ocr_line' id='line_1_26' title="bbox 151 3428 1361 3529; baseline -0.002 -31"><span class='ocrx_word' id='word_1_198' title='bbox 151 3435 248 3499; x_wconf 86' lang='lat' dir='ltr'>tionis</span> <span class='ocrx_word' id='word_1_199' title='bbox 272 3452 330 3497; x_wconf 91' lang='lat' dir='ltr'>seu</span> <span class='ocrx_word' id='word_1_200' title='bbox 351 3432 576 3518; x_wconf 88' lang='lat' dir='ltr'>publicationis</span> <span class='ocrx_word' id='word_1_201' title='bbox 599 3433 784 3497; x_wconf 87' lang='lat' dir='ltr'>solemnitas</span> <span class='ocrx_word' id='word_1_202' title='bbox 800 3437 834 3497; x_wconf 90' lang='lat' dir='ltr'>et</span> <span class='ocrx_word' id='word_1_203' title='bbox 857 3433 1002 3516; x_wconf 87' lang='lat' dir='ltr'>quamvis</span> <span class='ocrx_word' id='word_1_204' title='bbox 1026 3431 1204 3497; x_wconf 87' lang='lat' dir='ltr'>decisiones</span> <span class='ocrx_word' id='word_1_205' title='bbox 1228 3428 1333 3497; x_wconf 90' lang='lat' dir='ltr'>editae</span> <span class='ocrx_word' id='word_1_206' title='bbox 1358 3522 1361 3529; x_wconf 23' lang='lat'><strong><em>¹</em></strong></span> 
     </span>
     <span class='ocr_line' id='line_1_27' title="bbox 149 3554 1331 3642; baseline -0.003 -20"><span class='ocrx_word' id='word_1_207' title='bbox 149 3560 292 3641; x_wconf 89' lang='lat' dir='ltr'>aliquam</span> <span class='ocrx_word' id='word_1_208' title='bbox 315 3576 433 3621; x_wconf 90' lang='lat' dir='ltr'>novam</span> <span class='ocrx_word' id='word_1_209' title='bbox 456 3556 587 3621; x_wconf 90' lang='lat' dir='ltr'>iubeant</span> <span class='ocrx_word' id='word_1_210' title='bbox 609 3558 725 3642; x_wconf 89' lang='lat' dir='ltr'>legem.</span> <span class='ocrx_word' id='word_1_211' title='bbox 743 3594 761 3604; x_wconf 97' lang='lat'><em>-</em></span> <span class='ocrx_word' id='word_1_212' title='bbox 776 3558 814 3620; x_wconf 89' lang='lat' dir='ltr'>ln</span> <span class='ocrx_word' id='word_1_213' title='bbox 839 3562 951 3621; x_wconf 88' lang='lat' dir='ltr'>nostra</span> <span class='ocrx_word' id='word_1_214' title='bbox 966 3562 1072 3623; x_wconf 87' lang='lat' dir='ltr'>aetate</span> <span class='ocrx_word' id='word_1_215' title='bbox 1089 3578 1164 3621; x_wconf 89' lang='lat' dir='ltr'>usus</span> <span class='ocrx_word' id='word_1_216' title='bbox 1186 3554 1331 3621; x_wconf 89' lang='lat' dir='ltr'>luculen-</span> 
     </span>
     <span class='ocr_line' id='line_1_28' title="bbox 150 3678 1330 3765; baseline -0.004 -18"><span class='ocrx_word' id='word_1_217' title='bbox 150 3682 274 3747; x_wconf 87' lang='lat' dir='ltr'>tissime</span> <span class='ocrx_word' id='word_1_218' title='bbox 304 3680 507 3765; x_wconf 87' lang='lat' dir='ltr'>comprobat,</span> <span class='ocrx_word' id='word_1_219' title='bbox 539 3680 624 3745; x_wconf 87' lang='lat' dir='ltr'>hanc</span> <span class='ocrx_word' id='word_1_220' title='bbox 654 3680 880 3745; x_wconf 89' lang='lat' dir='ltr'>auctoritatem</span> <span class='ocrx_word' id='word_1_221' title='bbox 912 3678 1070 3744; x_wconf 88' lang='lat' dir='ltr'>accedere</span> <span class='ocrx_word' id='word_1_222' title='bbox 1100 3681 1181 3745; x_wconf 89' lang='lat' dir='ltr'>actis</span> <span class='ocrx_word' id='word_1_223' title='bbox 1210 3678 1330 3743; x_wconf 90' lang='lat' dir='ltr'>Poeni-</span> 
     </span>
     <span class='ocr_line' id='line_1_29' title="bbox 148 3804 1332 3890; baseline -0.002 -19"><span class='ocrx_word' id='word_1_224' title='bbox 148 3806 326 3872; x_wconf 89' lang='lat' dir='ltr'>tentiariae</span> <span class='ocrx_word' id='word_1_225' title='bbox 348 3806 440 3870; x_wconf 89' lang='lat' dir='ltr'>cuius</span> <span class='ocrx_word' id='word_1_226' title='bbox 464 3826 618 3890; x_wconf 89' lang='lat' dir='ltr'>responsa</span> <span class='ocrx_word' id='word_1_227' title='bbox 649 3812 681 3871; x_wconf 89' lang='lat' dir='ltr'>et</span> <span class='ocrx_word' id='word_1_228' title='bbox 711 3808 745 3870; x_wconf 90' lang='lat' dir='ltr'>iu</span> <span class='ocrx_word' id='word_1_229' title='bbox 777 3805 873 3871; x_wconf 88' lang='lat' dir='ltr'>rebus</span> <span class='ocrx_word' id='word_1_230' title='bbox 900 3806 1009 3890; x_wconf 88' lang='lat' dir='ltr'>magni</span> <span class='ocrx_word' id='word_1_231' title='bbox 1034 3806 1183 3871; x_wconf 86' lang='lat' dir='ltr'>momenti</span> <span class='ocrx_word' id='word_1_232' title='bbox 1207 3804 1332 3889; x_wconf 90' lang='lat' dir='ltr'>pluries</span> 
     </span>
     <span class='ocr_line' id='line_1_30' title="bbox 149 3928 1334 4017; baseline -0.003 -20"><span class='ocrx_word' id='word_1_233' title='bbox 149 3930 325 4006; x_wconf 85' lang='lat' dir='ltr'>habentur,</span> <span class='ocrx_word' id='word_1_234' title='bbox 349 3938 382 3997; x_wconf 91' lang='lat' dir='ltr'>et</span> <span class='ocrx_word' id='word_1_235' title='bbox 402 3931 518 4017; x_wconf 90' lang='lat' dir='ltr'>ubique</span> <span class='ocrx_word' id='word_1_236' title='bbox 542 3931 771 3997; x_wconf 87' lang='lat' dir='ltr'>inviolabiliter</span> <span class='ocrx_word' id='word_1_237' title='bbox 786 3952 806 3996; x_wconf 89' lang='lat' dir='ltr'>a</span> <span class='ocrx_word' id='word_1_238' title='bbox 821 3928 967 3995; x_wconf 86' lang='lat' dir='ltr'>fidelibus</span> <span class='ocrx_word' id='word_1_239' title='bbox 991 3950 1056 3994; x_wconf 90' lang='lat' dir='ltr'>non</span> <span class='ocrx_word' id='word_1_240' title='bbox 1080 3950 1173 3994; x_wconf 88' lang='lat' dir='ltr'>secus</span> <span class='ocrx_word' id='word_1_241' title='bbox 1189 3949 1227 3994; x_wconf 92' lang='lat' dir='ltr'>ac</span> <span class='ocrx_word' id='word_1_242' title='bbox 1242 3930 1334 4015; x_wconf 90' lang='lat' dir='ltr'>leges</span> 
     </span>
    </p>
   </div>
   <div class='ocr_carea' id='block_1_5' title="bbox 145 4059 1333 4253">
    <p class='ocr_par' dir='ltr' id='par_1_6' title="bbox 145 4059 1333 4266">
     <span class='ocr_line' id='line_1_31' title="bbox 145 4059 380 4125; baseline -0.009 0"><span class='ocrx_word' id='word_1_243' title='bbox 145 4059 380 4125; x_wconf 87' lang='lat' dir='ltr'>observantur.</span> 
     </span>
     <span class='ocr_line' id='line_1_32' title="bbox 244 4163 1333 4253; baseline -0.004 -20"><span class='ocrx_word' id='word_1_244' title='bbox 244 4167 343 4253; x_wconf 88' lang='lat' dir='ltr'>Signa</span> <span class='ocrx_word' id='word_1_245' title='bbox 372 4166 625 4233; x_wconf 89' lang='lat' dir='ltr'>authenticitatis</span> <span class='ocrx_word' id='word_1_246' title='bbox 654 4172 737 4237; x_wconf 87' lang='lat' dir='ltr'>sunt,</span> <span class='ocrx_word' id='word_1_247' title='bbox 761 4170 893 4249; x_wconf 90' lang='lat' dir='ltr'>praeter</span> <span class='ocrx_word' id='word_1_248' title='bbox 923 4171 1048 4229; x_wconf 88' lang='lat' dir='ltr'>suetum</span> <span class='ocrx_word' id='word_1_249' title='bbox 1080 4164 1230 4249; x_wconf 88' lang='lat' dir='ltr'>sigillum,</span> <span class='ocrx_word' id='word_1_250' title='bbox 1256 4163 1333 4229; x_wconf 93' lang='lat' dir='ltr'>sub-</span> 
     </span>
    </p>
   </div>
   <div class='ocr_carea' id='block_1_6' title="bbox 146 4288 1339 4505">
    <p class='ocr_par' dir='ltr' id='par_1_7' title="bbox 146 4288 1339 4505">
     <span class='ocr_line' id='line_1_33' title="bbox 146 4288 1333 4377; baseline -0.007 -18"><span class='ocrx_word' id='word_1_251' title='bbox 146 4293 287 4377; x_wconf 88' lang='lat' dir='ltr'>scriptio</span> <span class='ocrx_word' id='word_1_252' title='bbox 318 4290 411 4357; x_wconf 82' lang='lat' dir='ltr'>Gard.</span> <span class='ocrx_word' id='word_1_253' title='bbox 437 4292 570 4355; x_wconf 89' lang='lat' dir='ltr'>Maioris</span> <span class='ocrx_word' id='word_1_254' title='bbox 603 4289 849 4354; x_wconf 87' lang='lat' dir='ltr'>Paenitentiarii</span> <span class='ocrx_word' id='word_1_255' title='bbox 880 4292 936 4353; x_wconf 88' lang='lat' dir='ltr'>aut</span> <span class='ocrx_word' id='word_1_256' title='bbox 968 4288 1123 4373; x_wconf 85' lang='lat' dir='ltr'>Regeutis</span> <span class='ocrx_word' id='word_1_257' title='bbox 1156 4288 1333 4352; x_wconf 86' lang='lat' dir='ltr'>Paeniten-</span> 
     </span>
     <span class='ocr_line' id='line_1_34' title="bbox 147 4407 1339 4505; baseline -0.003 -27"><span class='ocrx_word' id='word_1_258' title='bbox 147 4413 287 4487; x_wconf 86' lang='lat' dir='ltr'>tiariae;</span> <span class='ocrx_word' id='word_1_259' title='bbox 312 4417 345 4477; x_wconf 89' lang='lat' dir='ltr'>et</span> <span class='ocrx_word' id='word_1_260' title='bbox 367 4410 559 4505; x_wconf 79' lang='lat' dir='ltr'>subscriptio</span> <span class='ocrx_word' id='word_1_261' title='bbox 586 4412 732 4497; x_wconf 88' lang='lat' dir='ltr'>apposita</span> <span class='ocrx_word' id='word_1_262' title='bbox 754 4408 794 4474; x_wconf 89' lang='lat' dir='ltr'>ab</span> <span class='ocrx_word' id='word_1_263' title='bbox 819 4428 883 4475; x_wconf 90' lang='lat' dir='ltr'>uno</span> <span class='ocrx_word' id='word_1_264' title='bbox 911 4430 954 4475; x_wconf 84' lang='lat' dir='ltr'>ex</span> <span class='ocrx_word' id='word_1_265' title='bbox 979 4407 1251 4474; x_wconf 87' lang='lat' dir='ltr'>Procuratoribus</span> <span class='ocrx_word' id='word_1_266' title='bbox 1279 4427 1339 4475; x_wconf 90' lang='lat' dir='ltr'>seu</span> 
     </span>
    </p>
   </div>
   <div class='ocr_carea' id='block_1_7' title="bbox 0 0 1652 5109">
    <p class='ocr_par' dir='ltr' id='par_1_8' title="bbox 0 0 1652 5109">
     <span class='ocr_line' id='line_1_35' title="bbox 0 0 1652 5109; baseline 0 0"><span class='ocrx_word' id='word_1_267' title='bbox 0 0 1652 5109; x_wconf 95' lang='lat' dir='ltr'> </span> 
     </span>
    </p>
   </div>
  </div>
 </body>
</html>
