3292 5109
311 248 380 314 452
832 270 915 319 enas
941 271 977 317 11.

311 391 479 474 tiquiores
504 394 549 458 uti
574 394 763 478 Fagnanum
794 395 827 458 in
858 412 932 477 cap.
964 392 1030 459 His
1053 412 1141 477 quae
1166 428 1183 440 -
1209 390 1259 457 De
1285 390 1437 457 maiorit.
1469 395 1509 454 et

309 516 416 592 obed„
442 519 637 584 Leurenium
662 538 715 602 op.
740 519 793 585 cit.
825 519 936 584 Truct.
960 518 1032 601 lll,·
1057 518 1243 603 Pellegrini.
1268 514 1402 581 Pruccis
1429 514 1501 579 Vic.

311 640 438 725 Cupit.;
461 643 623 711 Sbrotium
647 644 698 710 De
722 646 787 710 Vic.
811 645 922 728 Episc.
949 644 1004 711 tib.
1021 642 1055 719 3,
1080 644 1207 728 saepius
1231 662 1416 709 sermonem
1441 642 1504 707 ha-

308 767 384 834 beri
409 768 448 833 de
471 770 634 836 mundato
657 769 798 853 speciali
826 788 888 853 quo
919 769 1042 855 pollere
1073 768 1169 835 debet
1191 768 1263 832 Vic.
1296 766 1504 851 capitularis

310 911 355 956 ex
373 897 477 975 purte
496 891 651 976 Capituli,
676 892 715 958 ad
735 893 921 979 peragenda
944 894 1097 979 graviora
1119 892 1258 978 negotia.
1276 892 1407 955 Revera
1429 891 1501 953 iam

311 1013 436 1099 pridem
460 1017 567 1101 opinio
591 1016 735 1089 invaluit,
760 1016 905 1101 Capitulo
929 1016 1091 1101 integrum
1115 1034 1186 1080 essa
1209 1014 1316 1098 aliqua
1345 1012 1406 1077 sibi
1437 1032 1497 1077 re·

305 1158 442 1205 servare
466 1140 505 1205 de
529 1141 751 1206 iurisdictione
774 1141 958 1227 Episcopali
982 1140 1034 1205 rel
1057 1159 1096 1203 ea
1119 1144 1231 1225 postea
1253 1138 1385 1224 speciali
1403 1158 1497 1202 man·

304 1267 381 1331 dato
406 1267 478 1331 Vic.
510 1266 685 1351 Capitulari
716 1266 925 1337 committere,
951 1272 984 1331 et
1006 1266 1092 1329 hanc
1115 1266 1307 1329 sententiam
1337 1263 1498 1349 probauit

304 1391 337 1458 S.
363 1391 462 1477 Cong.
493 1392 636 1456 Concilii.
669 1392 750 1457 Nam
782 1412 879 1475 quum
912 1392 1071 1456 institutus
1102 1390 1215 1455 suisset
1238 1410 1415 1455 concursus
1447 1390 1493 1455 ad

305 1518 477 1601 quamdam
505 1518 684 1581 Ecclesiam
715 1517 934 1601 parochialem
967 1522 998 1581 et
1027 1514 1067 1580 lis
1098 1516 1239 1581 excitata
1269 1516 1368 1581 suerit
1398 1517 1497 1581 inter

306 1640 487 1726 Capitulum
512 1646 544 1705 et
568 1640 640 1705 Vic.
666 1640 893 1725 Capitulaiem,
918 1640 1045 1705 cuinam
1069 1640 1118 1703 ius
1141 1644 1338 1723 competeret
1360 1658 1492 1702 renun-

302 1762 410 1830 ciandi
441 1736 547 1848 magis¹
574 1763 732 1836 idoneum,
757 1764 789 1829 S.
815 1764 849 1831 O.
874 1764 1008 1829 censuit.
1032 1750 1185 1845 spectare
1208 1761 1255 1827 ud
1281 1759 1492 1843 Capitulum,

302 1892 386 1977 puio
409 1891 447 1955 iu
470 1890 687 1972 deputatione
718 1888 784 1985 Vic3
814 1886 1022 1971 Cupituturis
1044 1887 1081 1951 id
1103 1886 1189 1951 iuris
1208 1885 1272 1953 sibi
1286 1889 1491 1965 resercuea't,

303 2014 359 2079 die
383 2013 427 2078 18
449 2010 535 2079 Νου.
559 2013 654 2077 1651.

389 2138 515 2203 Verum
539 2142 650 2221 postea
665 2138 824 2201 sententia
848 2136 992 2221 opposita
1008 2136 1197 2220 praevaluit.
1222 2137 1370 2200 Vacante
1394 2138 1488 2201 enim

299 2264 449 2329 Ecclesia
465 2263 642 2328 cathedrali
660 2263 798 2328 indictus
813 2264 874 2332 suit
897 2282 1072 2327 concursus
1088 2263 1127 2327 ad
1144 2263 1363 2347 parochialem
1389 2265 1489 2331 Eccl.

304 2390 359 2472 qui
374 2386 502 2452 habitus
518 2388 578 2451 luit
595 2386 634 2451 de
649 2406 740 2451 more
760 2407 870 2451 coram
888 2388 1043 2473 Capitulo.
1060 2388 1185 2451 Exorta
1198 2388 1255 2451 lite
1271 2389 1355 2451 inter
1374 2388 1486 2471 ipsum

298 2517 333 2577 et
355 2513 429 2578 Vic.
454 2512 670 2597 capitularem
694 2532 791 2596 super
818 2513 888 2577 iure
912 2513 1051 2597 eligendi
1074 2512 1254 2597 digniorem
1286 2525 1338 2577 ex'
1358 2532 1484 2597 appro-

299 2612 393 2718 batis,
418 2637 501 2721 quod
525 2638 698 2721 capitulum
723 2638 781 2701 sibi
805 2636 967 2703 tribuebat
990 2657 1029 2701 ea
1052 2638 1177 2701 ratione
1201 2636 1284 2721 quod
1308 2636 1386 2701 illud
1417 2639 1483 2705 sibi

295 2766 506 2833 reservasset,
533 2762 567 2826 S.
594 2761 697 2845 Conp.
731 2760 863 2827 Vicae-io
891 2762 1082 2843 Cupituturi
1104 2762 1190 2827 illud
1209 2760 1354 2826 asseruit
1378 2762 1488 2829 cuius

295 2884 566 2951 iurisdictionem
582 2886 707 2949 censuit
725 2905 795 2950 noo
808 2904 906 2968 posse
923 2904 944 2949 u
963 2886 1117 2967 Cupituto
1142 2885 1293 2949 tim-ituri.
1319 2920 1337 2931 -
1354 2885 1480 2950 Etoen.

289 3013 309 3075 1
332 3011 486 3077 decano.
511 3009 611 3083 1736,
637 3009 693 3094 (1).

386 3136 461 3200 348.
487 3136 667 3200 Leurenius
691 3137 711 3199 t.
728 3156 756 3200 c.
773 3155 803 3220 q.
821 3136 904 3208 554,
923 3135 1119 3220 respondens
1143 3135 1311 3218 questioni,
1332 3135 1375 3201 de
1397 3154 1484 3219 que-

289 3258 366 3322 reto
390 3258 555 3323 nuttitotis
579 3256 747 3321 electionis
778 3257 845 3322 Vic.
872 3257 965 3341 Cup„
989 3256 1154 3342 distinguit
1177 3278 1285 3322 casum
1315 3257 1480 3325 nullitatis

290 3381 332 3446 ob
347 3388 489 3467 spretam
508 3386 644 3446 autnon
661 3401 804 3465 congrue
825 3388 986 3447 serratam
1002 3383 1138 3447 formam
1158 3387 1249 3447 actus
1273 3382 1476 3467 capitularis,

289 3513 404 3592 utputa
427 3510 501 3592 quia
524 3528 588 3572 non
612 3528 723 3572 omnes
747 3509 895 3572 canonici
918 3508 1051 3572 fuerunt
1066 3510 1172 3574 vocati
1195 3507 1234 3572 ad
1259 3508 1474 3585 electionem;

289 3638 324 3697 et
339 3653 449 3696 casum
473 3634 628 3699 nullitatis
643 3632 683 3696 ob
707 3632 867 3697 delectum
883 3632 1017 3696 alicuius
1042 3632 1231 3696 conditionis
1248 3634 1476 3717 praescriptae

287 3760 320 3821 in
349 3755 473 3823 Concit.
505 3758 773 3840 Trict.ccp.1o,
800 3754 885 3822 Sera.
910 3756 978 3838 24,-
1001 3757 1101 3822 veluti
1124 3776 1220 3840 quum
1253 3757 1383 3842 eligitur
1414 3760 1472 3839 qui

286 3900 391 3965 neque
424 3881 536 3945 doctor
567 3891 623 3946 aut
652 3880 835 3943 licentiatus
868 3881 971 3943 estin
997 3880 1084 3951 iure,
1109 3884 1217 3964 spreto
1250 3878 1381 3945 doctore
1412 3886 1473 3946 aut

373 4181 413 4251 (lt
434 4181 472 4234 De
492 4180 646 4235 rationibus
665 4180 765 4251 quibus
783 4184 938 4247 moveatur,
957 4181 1083 4250 quamvis
1102 4196 1156 4233 non
1175 4196 1266 4248 saepe,
1286 4180 1371 4249 Cong.
1391 4180 1469 4235 Con·

286 4285 346 4337 cilii
373 4290 403 4337 nt
428 4284 539 4338 recedat
562 4302 579 4338 a
604 4284 749 4339 sententiis
778 4289 861 4339 antea
889 4285 1020 4353 probatis.
1046 4284 1103 4339 late
1128 4284 1239 4339 disserit
1259 4285 1400 4352 Zamboui,
1420 4302 1465 4356 op

282 4392 327 4442 cit.
348 4401 410 4441 tone.
431 4390 460 4455 8,
480 4392 493 4455 ἒ
513 4390 557 4442 18.
