3292 5109
314 250 383 317 240
834 264 920 312 raas
942 264 981 311 11.

314 386 553 461 ministrativa,
578 386 694 471 quippe
718 385 748 449 ei
772 403 928 449 concessa
951 382 1013 447 tuit
1027 382 1167 447 facultas
1189 378 1383 468 expediendi
1397 397 1497 463 quae·

314 512 436 582 stiones
464 528 535 576 aaa
570 506 763 580 iudiciales,
796 504 977 589 exequendi
1013 506 1104 591 leges
1133 510 1167 569 et
1195 503 1273 569 hine
1307 501 1499 568 arithmetice

314 635 442 701 easdem
471 630 724 719 interpretandi,
749 629 935 715 corrigendi
962 633 996 694 et
1024 627 1216 695 emendandi
1245 626 1373 693 abusus.
1401 627 1496 692 Insti-

314 764 384 825 tuta
406 759 491 824 enim
516 763 564 823 est
589 774 703 821 «cam
724 752 888 837 facultate
910 772 1047 821 omnem
1071 752 1303 839 difficultatem
1330 758 1361 817 et
1384 748 1499 816 dubie·

315 890 417 952 tatem
445 884 482 949 ia
503 881 709 950 Sanctorum
732 880 899 966 Retiqaiis
921 885 985 946 aut
1005 878 1235 966 lodutqeatiis
1257 882 1498 963 emcrqeatem,

314 1027 403 1094 qaae
433 1008 479 1073 ad
509 1008 589 1095 fidet
619 1007 747 1095 doymo
769 1025 840 1072 aaa
869 1004 1052 1089 pertineat,
1078 1002 1200 1084 (Nobis
1226 1008 1341 1069 tamea
1367 1006 1399 1067 et
1426 1000 1498 1067 Ro·

313 1152 417 1200 mano
442 1134 605 1218 Ponttfioe
622 1150 691 1215 pro
716 1136 869 1213 tempore
890 1128 1054 1196 eaisteate
1076 1129 1169 1196 circo
1190 1128 1357 1216 praviora
1380 1127 1500 1193 distin·

314 1258 489 1343 ctioraque
523 1253 697 1342 consultis)
728 1253 957 1337 capedieredi3
991 1272 1035 1320 ac
1066 1252 1097 1320 si
1131 1252 1192 1338 qui
1222 1250 1350 1319 abusus
1379 1252 1418 1315 in
1447 1250 1502 1317 eis

314 1384 532 1467 irrepserint,
556 1383 641 1458 ittos,
663 1380 785 1469 ¹carticii
805 1379 924 1464 formo
943 1382 1051 1464 ptoae
1068 1380 1274 1464 postposita,
1299 1378 1502 1465 corriqeodi

316 1512 347 1574 et
370 1506 593 1581 emendandi,
618 1524 741 1571 causas
770 1524 851 1573 acro
879 1504 1075 1571 iudicialem
1100 1504 1253 1589 samam
1283 1504 1502 1589 requirentes

315 1632 362 1698 ad
390 1631 555 1715 proprios
586 1632 720 1697 Iudices
754 1630 967 1707 remittendi,
990 1630 1117 1713 salsas,
1143 1630 1361 1715 apocryphas
1386 1628 1501 1695 iadis·

315 1761 491 1841 eretusque
529 1755 766 1842 Iadatqeattas
805 1754 895 1839 typis
935 1753 1091 1837 imprimi
1123 1754 1277 1829 vetandi,
1308 1753 1503 1838 impressas

314 1882 579 1969 recoqaoscendi
609 1887 640 1947 et
671 1880 912 1955 raamiaaadi,
943 1900 998 1956 oc,
1029 1880 1089 1947 ubi
1109 1879 1217 1947 Nobis
1245 1900 1307 1947 seu
1337 1880 1503 1947 Romano

315 2007 474 2094 Pontifici
500 2026 567 2089 pro
602 2010 752 2088 tempore
786 2005 943 2072 emisteati
976 2005 1141 2080 retulerit,
1164 2011 1284 2073 nostra
1312 2025 1373 2072 sea
1402 2002 1503 2070 iltius

315 2130 516 2197 auctoritate
544 2128 732 2196 reiieiendi.
765 2127 942 2213 Reliquias
975 2128 1018 2195 de
1046 2146 1134 2195 nouo
1165 2128 1376 2194 ineratus...
1399 2148 1502 2197 reco-

314 2250 499 2339 qaosceadt
529 2268 663 2335 quoque
693 2254 725 2315 et
754 2248 982 2316 euamiaaadi
1004 2255 1035 2315 et
1060 2250 1098 2320 ia
1124 2251 1348 2317 concedendis
1373 2252 1501 2319 Indul-

315 2372 454 2459 9catiis,
492 2373 764 2457 sanctorumque
805 2369 971 2457 Reliquiis
1012 2372 1184 2439 donandis
1225 2373 1503 2443 moderationem

315 2495 478 2569 adhiberi,
497 2496 681 2580 omniaque
699 2494 758 2578 pie
780 2500 896 2562 sancte
919 2500 950 2562 et
972 2495 1171 2581 incorrupte
1191 2498 1268 2583 fieri
1291 2499 1448 2565 eutrandi.

404 2622 478 2688 200.
505 2622 622 2687 Notatu
653 2620 783 2706 dignum
815 2626 864 2685 est
886 2640 906 2685 a
929 2622 1146 2707 competente
1175 2622 1272 2689 huius
1294 2624 1394 2709 (teng.
1423 2644 1502 2689 esse

314 2747 469 2812 alienas...
494 2764 617 2813 causas
639 2743 836 2811 iudicialem
858 2742 1012 2827 sormam
1027 2746 1248 2832 requirentes.
1266 2747 1417 2812 Iamvero
1433 2748 1500 2813 Re·

314 2868 429 2953 liquias
453 2868 536 2953 quod
561 2872 693 2953 spectat,
718 2866 824 2933 facilis
847 2871 898 2933 est
919 2869 1145 2935 controversia
1167 2868 1210 2935 de
1231 2846 1414 2945 identitate,
1432 2890 1503 2955 qua

315 2994 483 3080 quaeritur
505 3015 547 3059 an
572 2999 663 3059 sema
686 2993 833 3077 corporis
847 3012 925 3079 pars
940 2999 996 3058 aut
1010 2993 1098 3059 aliud
1114 2995 1284 3081 vestigium
1305 3015 1425 3061 revera
1447 2996 1499 3063 illi

315 3121 416 3187 Beato
438 3119 491 3185 vel
507 3120 625 3185 Sancto
649 3096 854 3183 attribuenda
872 3120 923 3200 sit,
940 3119 992 3185 cni
1016 3117 1056 3185 de
1078 3117 1165 3186 facto
1180 3120 1384 3189 adscribitur.
1402 3122 1499 3191 Haeo

314 3244 458 3327 quaestio
485 3241 615 3307 facilem
645 3240 747 3306 induit
776 3240 916 3306 formam
947 3244 1196 3318 contentiosam,
1223 3250 1337 3330 utputa
1366 3245 1498 3330 quando

314 3367 401 3431 inter
416 3366 495 3430 duas
511 3366 658 3432 civitates
673 3364 714 3430 lis
737 3361 930 3432 effervescat
945 3366 988 3433 de
1002 3366 1177 3433 identitate
1195 3370 1342 3455 corporis
1357 3369 1500 3437 alicuius

314 3486 434 3561 Sancti,
451 3485 535 3571 quod
550 3485 715 3571 possidere
738 3486 926 3571 iampridem
942 3487 1054 3554 ambae
1071 3488 1263 3574 gloriantur.
1288 3490 1357 3555 Has
1380 3511 1498 3557 causas

314 3612 414 3697 agitat
444 3610 475 3677 S.
506 3610 604 3695 cong.
635 3611 783 3707 Rittium:
808 3615 842 3676 et
868 3631 933 3677 non
961 3612 1077 3680 desunt
1102 3612 1291 3681 haedere
1314 3614 1501 3683 decisiones

315 3734 346 3801 S.
372 3734 471 3819 (tang.
500 3732 645 3800 Consilii.
676 3766 694 3781 -
727 3731 923 3800 Benedictus
945 3735 1041 3817 XIV,
1065 3754 1119 3819 op.
1144 3735 1207 3805 cit.
1232 3736 1287 3804 tu.
1312 3739 1336 3805 Ι
1341 3739 1374 3815 V,
1395 3760 1433 3823 p.
1455 3741 1495 3817 2,

314 3881 341 3928 c.
365 3856 433 3934 et,
460 3858 483 3941 ἓ
506 3857 564 3932 14,
588 3856 693 3923 refert
724 3877 854 3923 cauum
881 3857 1044 3926 definitam
1068 3861 1152 3946 apud
1175 3862 1207 3929 S.
1233 3863 1333 3950 Gong.
1359 3865 1497 3932 concilii

314 3984 357 4051 de
379 3982 552 4049 identitate
566 4002 740 4068 corporum
759 3981 962 4068 quorundam
978 3991 1180 4071 martyrum
1204 3990 1286 4053 etin
1301 3989 1345 4073 ἐξ
1360 4010 1497 4073 sequen·

314 4110 397 4177 tibus
435 4110 552 4176 recolit
588 4110 760 4176 nonnullas
790 4110 969 4178 decisiones
1001 4110 1092 4178 hisce
1119 4112 1159 4179 de
1185 4116 1323 4201 negotiis
1353 4114 1444 4184 datas
1473 4138 1498 4183 e

314 4234 345 4301 S.
370 4233 471 4319 Cong.
497 4234 639 4299 Rituum.

403 4354 479 4421 201.
504 4352 567 4421 Sed
590 4354 675 4440 quia,
699 4374 741 4421 ex
765 4354 853 4421 facili
878 4359 1096 4436 concessione,
1115 4358 1338 4449 Indulgentiae
1360 4363 1495 4430 nimium
