3292 5109
260 286 281 349 8
777 297 865 348 rurs
888 300 926 347 11.

258 426 511 494 subveniendum
527 428 561 493 in
576 426 821 493 necessitatibus
838 424 980 510 supremi
996 424 1172 511 regiminis.
1185 424 1278 491 Unde
1294 420 1437 497 effatum,

257 551 317 621 eei
332 552 434 637 Papa
456 552 502 620 ibi
517 550 639 633 Roma,
663 571 722 617 seu
744 551 837 616 curia
860 569 1004 622 romana.
1021 568 1104 634 quae
1126 549 1312 614 necessario
1329 548 1438 634 Papae

257 676 440 743 inserviens
463 650 621 761 Episcopo
644 694 780 739 romano
804 673 921 757 ubique
942 678 1109 739 terrarum
1133 691 1268 756 romana
1290 674 1348 737 est.

348 797 399 865 Ob
409 800 510 865 huius
534 818 614 863 vero
637 796 910 883 praecellentiam,
927 795 1068 862 curiales
1091 796 1217 861 romani
1231 793 1286 859 uel
1308 793 1369 879 ipsi
1385 811 1438 857 re·

257 923 399 990 sidentes
422 925 456 989 in
479 925 571 990 curie
593 923 742 1010 plurimis
764 922 928 987 honestati
953 928 1030 988 suut
1051 922 1240 1009 privilegiis
1265 920 1440 1007 praecipue

257 1048 293 1119 in
307 1068 345 1113 re
361 1046 501 1113 iudiciali
524 1052 557 1113 et
571 1043 767 1112 beneficiali:
792 1044 834 1111 cf.
852 1064 928 1129 cap.
945 1044 1045 1112 Licet.
1063 1044 1114 1111 De
1131 1041 1253 1128 praed.
1269 1047 1304 1110 et
1317 1041 1437 1130 dipnit

257 1174 291 1238 in
305 1172 326 1238 6
341 1169 415 1257 (111,
434 1173 466 1259 4)
482 1174 572 1239 circa
583 1172 823 1237 reservationes
835 1168 1067 1237 beneficiorum
1078 1170 1216 1236 incuria
1236 1169 1441 1236 vacantium:

257 1297 291 1358 et
303 1294 410 1361 (toust.
427 1294 565 1382 Eugenii
583 1296 642 1371 lV,
656 1295 706 1361 De
722 1295 883 1382 priuilep.
894 1296 990 1361 Inter
1003 1300 1136 1361 cetrae
1153 1313 1323 1361 commum
1334 1290 1389 1378 (V,
1402 1291 1440 1372 7)

257 1420 347 1486 circa
369 1420 541 1507 privilegia
564 1421 775 1487 residentium
791 1422 826 1487 iu
842 1422 935 1486 curia
958 1439 1102 1496 romana,
1126 1438 1222 1505 quam
1243 1419 1349 1507 legem
1372 1436 1438 1483 non

257 1562 323 1609 uno
339 1563 382 1609 ex
397 1546 503 1630 capite
529 1546 675 1611 correxit
690 1544 814 1612 Goucil.
832 1544 920 1610 Trid.
937 1543 1023 1610 Sese.
1039 1541 1100 1619 23,
1118 1563 1146 1610 c.
1162 1544 1191 1619 1,
1213 1547 1247 1610 et
1270 1545 1357 1609 Sese.
1376 1541 1437 1616 24,

258 1689 285 1736 c.
302 1668 348 1745 11,
372 1670 423 1736 De
437 1670 504 1754 res.
530 1706 548 1721 ·
574 1670 622 1737 of.
641 1671 777 1745 Giraldi
797 1670 977 1754 Eoeposido
993 1669 1061 1735 iar.
1073 1674 1170 1753 pont.
1185 1688 1249 1735 sec.
1267 1666 1349 1735 893.

200 1800 208 1807 ’
346 1790 378 1857 9.
403 1792 501 1859 Ouria
524 1812 659 1859 romana
682 1796 750 1862 lato
774 1794 827 1859 vel
851 1793 965 1860 stricto
989 1812 1086 1858 sensu
1108 1792 1213 1877 accipi
1235 1796 1350 1878 potest.

347 1913 432 1981 Lato
468 1934 565 1982 sensu
597 1915 846 2001 comprehendit
880 1916 977 1981 etiam
1000 1916 1073 1981 illos
1100 1916 1154 2000 qui
1181 1916 1291 2002 Papae
1321 1914 1439 1981 adsunt

135 2040 136 2044 ’
257 2037 382 2101 servitii
415 2037 580 2105 domestici
603 2038 837 2105 etfamiliaris
862 2035 1049 2124 praestandi
1073 2052 1186 2112 causa,
1210 2039 1300 2103 ethi
1324 2012 1438 2102 uenire

257 2160 363 2226 solent
377 2160 436 2227 sub
452 2164 582 2229 nomine
606 2164 747 2230 familiae
764 2161 968 2245 Pontificiae,
984 2164 1037 2229 cui
1052 2181 1132 2228 vero
1147 2161 1294 2228 nonnulli
1314 2160 1439 2227 adscri-

257 2282 377 2352 buntur
393 2286 434 2352 ob
452 2287 592 2372 aliquam
614 2306 746 2374 operam
764 2288 877 2374 Papae
900 2305 1058 2372 personae
1080 2283 1227 2358 dandam,
1251 2285 1308 2351 alii
1330 2290 1438 2351 autem

256 2411 478 2483 tantummodo
504 2414 638 2480 honoris
666 2433 723 2478 seu
754 2412 882 2478 decoris
913 2412 1028 2498 gratia.
1056 2412 1214 2477 Nimirum
1243 2410 1361 2476 adsunt
1384 2430 1440 2476 ca-

257 2538 378 2625 pellani
401 2538 511 2625 Papae
530 2538 722 2605 adsistentes
750 2539 783 2603 in
811 2538 915 2604 sacris
937 2535 1172 2612 functionibus3
1196 2539 1231 2602 at
1251 2534 1307 2600 ulii
1330 2533 1440 2621 capel·

258 2666 326 2732 lani
348 2666 412 2730 hoc
434 2666 563 2730 nomine
587 2664 634 2730 ad
657 2664 823 2731 deonorum
848 2660 1117 2738 condecorantur,
1134 2660 1180 2725 uti
1203 2659 1366 2725 habentur
1388 2678 1441 2725 cu·

257 2788 405 2853 bicularii
419 2866 420 2871 ἵ
423 2787 683 2871 participantes,
701 2785 757 2851 alii
780 2804 852 2851 noa
871 2784 1121 2867 participantes
1127 2802 1142 2868 ;
1157 2787 1191 2851 et
1213 2783 1272 2868 ipsi
1288 2783 1438 2869 Episcopi

258 2910 431 2995 praecipue
454 2907 546 2974 titulo
569 2908 704 2974 honoris
722 2909 938 2973 honestantur
961 2906 1131 2993 privilegio
1146 2904 1321 2970 adsistendi
1343 2910 1439 2972 trono

259 3029 439 3099 Pontificio.

348 3158 406 3225 Isti
428 3178 540 3224 ornnes
570 3160 734 3243 pertinent
763 3156 906 3223 familiae
930 3157 1041 3242 Papae
1063 3175 1121 3221 seu
1143 3156 1256 3221 curiae
1285 3174 1440 3221 romanae

258 3284 325 3350 late
347 3290 494 3373 sumptae
517 3290 550 3351 et
578 3285 750 3371 privilegia
784 3283 959 3350 curialibus
986 3288 1173 3368 comparata
1195 3283 1273 3369 ipsis
1295 3302 1439 3369 quoque.

257 3408 447 3495 ingenoco,
472 3413 656 3495 competere
684 3408 812 3474 debent.

348 3533 471 3601 stricto
495 3553 552 3599 seu
574 3534 706 3619 proprio
722 3553 820 3599 seusu
843 3534 974 3598 nomine
994 3533 1105 3597 curiae
1121 3532 1441 3619 comprehenduntur

259 3676 299 3723 ea
321 3677 458 3723 munera
481 3657 630 3724 ordinata
652 3658 705 3723 rel
729 3656 770 3723 ed
794 3656 1011 3723 exercendam
1034 3656 1288 3724 iurisdictionem
1311 3664 1442 3725 conten·

258 3785 372 3851 tiosam
389 3787 452 3849 aut
473 3783 690 3849 voluntariam
714 3788 772 3850 aut
793 3788 965 3867 utramque
987 3781 1042 3848 vel
1057 3780 1098 3847 ad
1112 3780 1331 3848 exercendam
1354 3787 1440 3869 pote·

258 3912 374 3975 statem
398 3908 530 3996 proprie
561 3909 765 3974 executivam
794 3928 852 3973 seu
876 3907 1181 3979 administraturum,
1209 3908 1334 3974 scilicet
1357 3899 1440 3973 com-

258 4031 505 4118 prehenduntur
530 4028 656 4117 Officia,
687 4028 901 4107 Tribunctia,
927 4030 962 4097 S.
981 4028 1276 4117 Conprepatioaes.

350 4153 467 4241 Officia
482 4155 670 4222 incumbunt
685 4156 718 4221 in
734 4156 939 4223 materialem
955 4158 1178 4223 executionem
1193 4160 1340 4222 actorum
1353 4156 1440 4220 Pon-

257 4274 363 4353 tiflois,
385 4279 498 4345 eadem
521 4280 706 4345 executioni
728 4278 955 4366 praeparando
978 4284 1034 4345 aut
1060 4278 1238 4365 redigendo
1259 4279 1293 4343 iu
1316 4283 1440 4345 certam

259 4401 414 4481 formam;
437 4422 499 4469 nec
513 4421 579 4467 non
596 4406 764 4479 exercent,
783 4402 900 4468 saltem
924 4401 1089 4475 nonnulla,
1106 4400 1359 4468 iurisdictionem
1381 4420 1441 4467 vo·
