3292 5109
294 285 364 355 212
816 306 901 355 raas
926 306 963 352 11.

296 434 353 495 aut
376 427 545 514 duplicem.
572 430 653 495 Item
676 430 911 503 caeremoniae,
929 448 1013 513 quae
1034 428 1158 494 directe
1181 430 1345 513 attingunt
1368 448 1480 493 sacras

295 555 479 621 functiones
488 554 657 637 privative
668 558 910 640 cognoscuntur
921 558 954 620 et
964 553 1234 639 praescribuntur
1248 553 1288 618 ab
1304 553 1367 618 hac
1378 552 1481 619 Sacra

296 679 396 765 Gong.
415 714 432 726 -
451 679 627 743 Dumtaxat
642 678 877 750 caeremoniae,
894 695 977 762 quae
993 678 1216 744 servantnr'in
1231 677 1324 742 Aulis
1341 679 1481 762 Aposto-

293 805 375 879 licis,
385 804 559 890 praecipue
571 804 604 866 in
617 801 813 867 solemnibus
825 803 1013 888 Principum
1026 802 1273 890 receptionibus,
1287 802 1482 869 ordinantur

294 949 315 994 a
338 928 369 994 S.
396 927 495 1014 (long.
519 946 542 992 a
568 925 817 993 Caeremoaiali
839 932 1035 1012 nuncupata,
1059 929 1207 993 instituta
1228 947 1250 992 a
1272 928 1363 993 Sixto
1388 927 1421 989 V
1445 928 1480 993 iu

295 1048 402 1116 Const.
421 1048 603 1113 Immeasa.
629 1082 647 1094 -
673 1047 854 1111 Praeterea
877 1066 967 1111 suam
983 1048 1230 1133 competentiam
1246 1054 1382 1113 exercet
1395 1048 1481 1113 haec

295 1172 396 1259 (long.
427 1173 461 1236 in
491 1172 721 1256 componendis
751 1172 986 1240 controversiis
1021 1172 1061 1238 de
1095 1174 1368 1258 praeeminentis,
1396 1192 1482 1257 quae

294 1300 384 1361 tanto
407 1297 588 1361 animorum
610 1302 701 1361 aaa
724 1296 842 1383 agitari
864 1295 971 1361 solent
992 1298 1078 1363 inter
1102 1294 1233 1361 diversa
1261 1315 1400 1381 corpora
1415 1316 1481 1361 mo·

295 1422 379 1486 ralia
402 1422 495 1485 unius
518 1425 574 1486 aut
597 1417 718 1484 diversi
742 1420 883 1505 generis,
900 1421 1000 1486 veluti
1025 1421 1111 1487 inter
1133 1421 1282 1508 capitrda
1306 1422 1394 1485 inter
1416 1421 1481 1485 col·

295 1544 430 1629 legistas
454 1548 487 1609 et
508 1543 594 1607 inter
617 1542 903 1611 confraternitates
926 1548 959 1607 et
982 1545 1261 1629 congregationes,
1278 1551 1374 1629 atque
1392 1546 1482 1609 inter

295 1660 351 1735 eos
367 1669 420 1754 qui
436 1668 477 1734 de
494 1669 723 1753 praecedentia
747 1667 956 1734 contendunt.
980 1668 1063 1735 Sunt
1085 1668 1229 1735 celebria
1244 1669 1376 1735 decreta
1392 1668 1482 1734 edita

203 1869 208 1881 Ι
294 1792 428 1857 abbae
458 1792 490 1860 S.
515 1792 613 1877 Cong.
638 1811 670 1856 a.
695 1789 788 1857 1703
819 1790 860 1855 ad
890 1790 1136 1857 determinanda
1165 1794 1239 1858 iura
1268 1792 1421 1880 parochis
1446 1796 1482 1857 et

295 1916 618 1984 confraternitatibus
649 1917 874 2003 competentia,
899 1917 1039 1982 maxime
1062 1918 1096 1980 in
1122 1918 1226 1982 sacris
1249 1917 1480 1983 functionibus.

295 2039 421 2106 Verum
453 2037 635 2103 huiusmodi
666 2038 912 2103 controversiae
941 2036 1037 2103 hodie
1067 2044 1308 2124 cognoscuntur
1339 2040 1436 2103 etiam
1458 2058 1482 2103 a

295 2159 328 2227 S.
355 2160 454 2245 Gong.
480 2159 632 2234 Concilii3
657 2158 741 2223 unde
766 2178 832 2223 non
851 2159 1028 2243 privativa
1043 2159 1099 2225 sed
1117 2160 1324 2227 catnatatica
1348 2179 1481 2245 compe-

296 2288 399 2355 tentia
414 2291 472 2352 est.
500 2322 517 2335 -
545 2288 628 2361 Quia
643 2306 722 2351 vero
739 2286 901 2351 intimiore
924 2306 1013 2351 nexu
1028 2286 1258 2353 devinciuntur
1281 2288 1367 2352 inter
1382 2308 1417 2351 se
1434 2286 1481 2352 di-

294 2412 432 2499 sciplina
456 2414 609 2499 liturgica
632 2419 665 2478 et
687 2412 836 2479 doctrina
857 2412 1051 2499 theologica,
1067 2414 1193 2479 scilicet
1216 2416 1274 2480 lea
1296 2414 1479 2491 credendi,

296 2538 355 2601 tea
378 2536 513 2610 arcadi,
531 2536 609 2601 hinc
629 2538 832 2622 quaestiones
856 2535 1058 2622 dogmaticae
1081 2556 1163 2622 quae
1186 2542 1353 2603 scatente
1376 2558 1414 2602 re
1436 2538 1479 2603 li-

294 2660 431 2746 turgica,
450 2657 652 2726 definiendae
668 2666 742 2726 sunt
757 2680 777 2724 a
793 2660 824 2727 S.
842 2660 942 2746 Gong.
967 2659 999 2726 S.
1018 2658 1135 2727 Officii:
1160 2659 1191 2725 id
1210 2666 1406 2728 attestantur
1422 2680 1480 2727 ce-

294 2785 402 2853 lebres
425 2788 668 2853 controversiae
692 2786 731 2850 de
755 2786 870 2853 ritibus
894 2784 1074 2852 sinensibus
1098 2785 1154 2871 (1).
1188 2788 1269 2852 Item
1292 2787 1480 2871 suppressio

295 2912 420 2978 dierum
444 2913 600 2979 festorum
624 2911 664 2977 ab
689 2912 801 2977 eadem
826 2912 926 2998 (long.
951 2912 983 2977 S.
1013 2910 1121 2980 Officii
1151 2912 1357 2979 decernenda
1380 2919 1438 2979 est.
1456 2949 1478 2961 -

295 3036 339 3101 At
362 3036 531 3121 petitiones
562 3055 622 3119 pro
651 3034 832 3102 obtinendis
855 3033 887 3100 S.
914 3034 1069 3099 Patronis
1095 3040 1151 3100 aut
1181 3055 1240 3120 pro
1271 3034 1479 3101 decernenda

294 3162 381 3225 inter
405 3159 533 3226 eosdem
556 3160 823 3246 praeeminentia,
841 3178 942 3243 quare
961 3179 1045 3224 unus
1067 3158 1195 3226 dicatur
1210 3161 1373 3228 Patronus
1396 3162 1480 3227 civi-

293 3286 369 3349 tatis
391 3285 552 3371 princeps‚
570 3282 767 3349 deferendae
790 3289 865 3348 sunt
887 3282 928 3348 ad
952 3284 1052 3370 Cong.
1076 3284 1109 3350 S.
1134 3284 1276 3367 Rituum,
1306 3284 1481 3351 dummodo

295 3407 384 3473 nulla
401 3410 621 3475 immisceatur
636 3410 779 3493 quaestio
794 3408 987 3495 theologica.
1008 3444 1026 3458 -
1044 3408 1083 3476 In
1098 3430 1232 3493 summa,
1248 3412 1379 3497 negotia
1394 3410 1477 3497 dog-

294 3536 412 3600 matica
435 3535 468 3599 in
493 3555 530 3599 re
553 3534 706 3620 liturgica
736 3533 954 3619 expediuntur
976 3553 997 3599 a
1019 3535 1119 3621 Cong.
1143 3534 1176 3601 S.
1202 3532 1319 3608 Officii,
1344 3540 1479 3601 ceterae

293 3680 405 3726 omnes
428 3659 629 3745 provisiones
658 3658 884 3741 relinquuntur
908 3655 1132 3722 decernendae
1155 3658 1195 3723 ab
1219 3660 1283 3725 ista
1305 3658 1416 3744 cong,
1441 3661 1475 3724 in

293 3802 388 3867 quem
411 3800 544 3866 scopum
562 3783 723 3848 instructa
738 3785 788 3847 est
809 3782 968 3866 potestate
984 3797 1110 3863 quoque
1125 3768 1323 3866 tepislatioa.
1348 3781 1477 3848 Verum

294 3908 510 3975 excellentior
534 3926 611 3994 pars
644 3904 886 3987 competentiae
911 3903 1106 3988 privativae
1136 3926 1214 3970 sane
1242 3910 1418 3972 exercetur
1441 3907 1477 3973 in

293 4036 399 4103 causis
415 4031 667 4100 Beatificationis
683 4037 716 4097 et
732 4030 989 4097 Canonizationis
1005 4027 1193 4096 definiendis
1203 4031 1374 4115 privative
1389 4031 1475 4117 apud

292 4156 380 4222 hanc
403 4155 435 4222 S.
461 4154 560 4241 (long,

383 4314 423 4387 (l)
444 4314 619 4369 Caelestinus
645 4312 721 4383 Papa
744 4311 773 4365 in
800 4309 927 4381 Epistola
954 4310 988 4365 ad
1013 4310 1121 4366 Galliae
1147 4311 1297 4382 Episcopos
1324 4327 1348 4364 c.
1366 4309 1400 4376 11,
1419 4311 1476 4366 ait:

294 4422 425 4493 ‹Lepem
444 4423 582 4477 credendi
599 4421 695 4475 statuit
714 4420 762 4473 lex
780 4417 961 4490 supplicandi
972 4436 996 4472 ›.
