3292 5109
321 298 390 365 278
851 319 936 366 raas
959 318 996 365 11.

325 443 482 526 pertinet,
507 448 686 528 opportune
710 460 769 526 pro
794 461 906 506 eorum
929 442 1050 526 pietate
1065 446 1099 509 et
1113 441 1294 527 prudentia,
1310 443 1397 505 omni
1412 439 1511 505 adhi-

326 564 392 631 bito
408 565 522 638 studio,
538 567 674 632 excitari
693 569 816 631 curent.
835 566 979 649 Denique
995 586 1068 630 cum
1084 566 1118 629 in
1137 565 1319 651 praecipuis
1331 564 1511 631 Christiani

324 690 424 757 Orbis
447 690 591 777 partibus
614 695 727 756 sancta
749 690 832 755 haec
855 690 1042 775 Apostolica
1060 688 1170 770 Sedes,
1186 695 1221 754 ut
1243 690 1297 774 pia
1319 688 1437 760 Mater,
1462 691 1509 751 iu·

326 816 435 901 signes
460 814 613 900 quasdam
642 815 890 887 Universitates,
914 816 947 878 in
980 814 1093 899 quibus
1122 834 1291 879 sacrarum
1318 814 1509 883 literarum.

329 938 449 1023 legum,
467 943 500 1003 et
521 939 638 1002 artium
663 939 939 1024 praestantissima
961 938 1066 1003 studia
1088 936 1215 1019 florent,
1231 938 1307 1002 olim
1323 939 1357 1002 in
1371 938 1512 1004 tutelam

331 1069 366 1129 et
377 1064 559 1128 clientelam
577 1066 739 1149 receperit
754 1084 854 1136 suam,
868 1066 1020 1129 nimirum
1036 1065 1262 1135 Parisiensem,
1277 1062 1508 1133 Oxoniensem.

327 1190 575 1261 Bononiensem,
602 1190 863 1271 Salamantinam,
880 1196 916 1255 ut
939 1192 971 1254 in
996 1192 1042 1255 eis
1057 1210 1103 1255 sc.
1121 1209 1164 1255 ex
1187 1190 1392 1275 apostolicae
1416 1187 1515 1253 Sedis

328 1316 543 1399 protectione,
568 1314 725 1380 bonarum
756 1315 875 1379 artium
897 1315 1017 1391 studia,
1041 1320 1132 1382 tanto
1161 1317 1276 1379 maiori
1300 1335 1371 1379 cum
1395 1314 1512 1380 fructu

330 1442 571 1511 excolerentur,
597 1442 662 1506 Nos
686 1446 718 1506 et
741 1441 812 1505 illas
837 1443 921 1525 ipsas
952 1447 984 1506 et
1011 1447 1138 1507 ceteras
1161 1441 1344 1509 Catholicas
1369 1442 1508 1506 Univer-

330 1569 443 1633 sitates
466 1574 603 1654 paterna
618 1566 842 1632 benevolentia
866 1568 1126 1653 complectentes,
1142 1588 1205 1633 nec
1227 1571 1328 1655 ipsam
1345 1569 1512 1635 Oxonien·

330 1714 413 1766 sem,
439 1698 591 1777 quantum
619 1694 650 1757 in
679 1691 777 1757 Nobis
802 1696 866 1773 est,
891 1692 1094 1766 deserentes,
1118 1694 1174 1759 sed
1198 1714 1241 1759 ex
1263 1696 1376 1761 intimo
1399 1696 1513 1757 animo

330 1814 451 1882 affectu
475 1815 514 1880 ad
539 1816 831 1901 matrisgremium
856 1822 888 1880 et
910 1816 950 1879 ad
974 1817 1060 1880 viam
1083 1818 1196 1882 salutis
1220 1824 1421 1906 revocantes,
1444 1840 1511 1884 orn·

329 1958 452 2023 nesque
467 1940 578 2003 intimo
594 1938 701 2003 cordis
716 1936 834 2003 affectu
850 1944 883 2003 et
898 1960 1021 2004 summa
1036 1939 1262 2004 benevolentia
1276 1946 1512 2026 prosequentes

330 2083 371 2128 ac
393 2062 451 2129 sub
476 2071 585 2127 nostra
613 2069 646 2127 et
676 2064 711 2127 B.
738 2038 828 2128 Petri
859 2066 1088 2149 Apostolorum
1112 2064 1274 2149 Principis
1308 2066 1516 2150 protectione

330 2190 450 2254 iterum
473 2189 693 2274 suscipientes.
710 2188 811 2254 eidem
837 2190 1087 2276 congregationi
1110 2192 1310 2277 imponimus,
1327 2196 1364 2257 ut
1386 2212 1511 2257 earum-

331 2312 406 2378 dem
423 2312 673 2378 Universitatum
692 2319 788 2396 atque
804 2314 844 2378 ad
868 2334 924 2378 eas
945 2316 1175 2398 pertinentium
1198 2318 1401 2401 negotiorum
1424 2317 1512 2401 apud

335 2438 451 2505 Sedem
468 2440 684 2523 apostolicam
710 2459 821 2504 curam
841 2447 943 2523 gerat,
961 2441 1153 2525 illarumque
1176 2444 1394 2521 necessitates,
1411 2442 1515 2507 Nobis

334 2563 644 2647 successoribusque
659 2565 786 2630 Nostris
801 2565 915 2630 ordine
939 2571 1088 2651 exponat,
1106 2572 1141 2631 ut
1157 2567 1203 2631 eis
1225 2586 1267 2631 ex
1283 2574 1420 2652 paterna
1435 2568 1512 2633 cha·

332 2689 430 2752 ritate
453 2706 546 2772 opem
570 2692 601 2752 et
623 2686 778 2751 auxilium
801 2682 922 2751 afferre
937 2686 1101 2752 valeamus
1124 2708 1243 2771 easque
1266 2689 1427 2754 interdum
1450 2710 1516 2773 per

335 2812 450 2878 literas
474 2812 595 2883 visitet,
620 2814 796 2895 nostroque
826 2812 956 2875 nomine
987 2810 1161 2877 Catholicis
1190 2813 1269 2877 viris
1292 2814 1515 2899 Apostolicam

294 2943 298 2949 '
336 2935 598 3002 Benedictionem
618 2936 830 3019 impertiatur,
848 2936 974 3020 illisque
989 2942 1024 3002 ut
1039 2956 1197 3021 prospera
1216 2944 1332 3003 cuncta
1348 2942 1513 3011 eveniant.

337 3060 411 3126 aliis
434 3077 513 3123 vero
537 3059 683 3142 spiritum
707 3058 831 3124 consilii
855 3061 1037 3141 sanioris,a
1060 3061 1126 3125 Deo
1150 3060 1277 3146 Optimo
1300 3063 1445 3127 Maximo
1460 3063 1518 3128 de-

276 3222 278 3225 ·
330 3185 527 3268 precetur».

425 3305 501 3371 229.
527 3306 578 3369 Ex
602 3303 665 3369 hac
688 3304 795 3371 Consi.
821 3305 920 3391 Cong.
945 3306 1063 3372 Studiis
1085 3309 1269 3392 praeposita
1291 3307 1391 3393 pollet
1413 3308 1516 3374 iacul-

336 3438 404 3496 tate
435 3432 532 3514 turpe
558 3428 831 3495 administrativa
859 3449 918 3513 pro
950 3430 1095 3495 curanda
1121 3438 1213 3495 recta
1237 3434 1432 3498 executione
1456 3434 1515 3497 vel

335 3555 568 3621 reformatione
592 3554 697 3639 legum
722 3554 907 3638 specialium
934 3554 1047 3637 quibus
1070 3554 1303 3621 Universitates
1326 3556 1519 3623 Catholicae

337 3684 499 3764 reguntur
522 3682 555 3743 et
578 3677 743 3742 ordinatae
766 3682 851 3741 sunt.
875 3677 1088 3743 Nihilominus
1111 3677 1150 3742 ob
1174 3680 1347 3743 maximam
1370 3683 1513 3746 auotori-

336 3809 436 3869 tatem
454 3808 487 3867 et
500 3801 778 3885 independentiarn
793 3802 838 3889 (l)
855 3821 918 3886 qua
931 3802 1125 3867 fruebantur
1139 3808 1218 3868 tunc
1233 3805 1387 3890 temporis
1402 3805 1517 3889 plures

427 4016 467 4082 il)
489 4016 663 4071 Unirersitas
682 4014 846 4069 Oxouiensis
864 4015 998 4087 (Oaford)
1017 4015 1046 4069 in
1065 4014 1170 4084 Anglia
1188 4015 1306 4070 heresim
1328 4017 1513 4088 Anglicauam

334 4127 441 4184 secuta,
459 4122 599 4177 deteret-at
618 4138 634 4173 a
654 4120 729 4175 Fidei
748 4120 911 4175 Catholicae
930 4122 1046 4176 unitate.
1063 4122 1133 4175 Illud
1151 4124 1273 4191 speciale
1291 4129 1334 4178 est
1352 4125 1381 4177 in
1400 4125 1514 4179 ordina-

336 4228 413 4281 tione
441 4226 538 4279 harum
566 4225 785 4280 Universitatum
810 4226 840 4277 in
863 4227 957 4279 medin
981 4236 1071 4280 aetate
1095 4226 1310 4280 constitutarum
1335 4230 1368 4280 ut
1390 4228 1514 4281 maxims

334 4335 495 4389 fruerentur
507 4334 639 4388 libertate
651 4338 680 4387 et
698 4311 874 4387 immunitate
887 4349 905 4385 a
917 4333 1074 4401 principatu
1093 4329 1308 4407 politico-civili.
1322 4332 1419 4387 Proeti
1439 4334 1512 4389 enim

335 4440 580 4493 constituebantur
601 4438 804 4494 Universitates
823 4444 1017 4505 mercatorum,
1036 4412 1234 4507 opinaturis
1252 4438 1373 4492 cultores
1391 4438 1517 4509 discipli-
