3292 5109
568 1001 878 1098 Annnenruu
911 1007 998 1096 Ill.

372 1251 570 1313 Documenta
589 1267 673 1326 queo
694 1253 874 1328 respiciunt
894 1252 999 1328 legem
1019 1269 1197 1314 concursus

549 1369 592 1429 od
613 1368 780 1458 Ecclesias
800 1371 1019 1445 parochiales.

583 1827 585 1832 ’
665 1855 894 1912 unsreucrro.

507 2069 749 2123 reverendissime
769 2069 888 2125 Domine
907 2082 934 2126 et
951 2075 1054 2143 frater.

281 2245 371 2306 «Quo
390 2244 563 2314 parochiales
581 2246 717 2302 ecclesiae
735 2248 908 2316 dignioribus
927 2251 1051 2318 personis
1065 2251 1261 2319 gubernandae
1280 2248 1370 2303 trade·

193 2358 298 2420 rentur,
318 2355 424 2420 statuit,
446 2361 475 2409 ut
495 2360 592 2409 notum
611 2359 660 2422 est,
675 2360 854 2408 sacrosancta
867 2355 1033 2411 Tridentina
1045 2355 1172 2426 Synodus
1185 2357 1255 2411 Sese.
1268 2355 1373 2421 xxlv,

192 2475 252 2528 cap.
270 2460 310 2525 18,
329 2463 361 2513 ut
380 2464 497 2514 vocante
516 2460 634 2515 ecclesia
653 2459 806 2529 parochiali
825 2460 995 2514 indicaretur
1013 2465 1043 2515 et
1058 2449 1372 2527 fie1·etConcursus{ac,

193 2569 339 2636 postquem
367 2571 564 2621 concurrentes
583 2566 617 2619 ab
638 2566 773 2635 Episcopo
799 2565 844 2620 vel
869 2567 929 2621 eius
950 2566 1063 2622 Vicario
1088 2567 1213 2636 generali
1233 2572 1317 2637 atqua
1335 2569 1371 2620 ab

194 2673 438 2728 Examinatoribus
457 2674 637 2746 synodalibus
659 2674 759 2730 saltem
777 2676 876 2740 tribus,
891 2677 1040 2730 examinati
1057 2680 1091 2730 et
1108 2677 1253 2746 approbati
1272 2681 1374 2742 essent,

193 2777 345 2848 Episcopus
357 2796 420 2835 eum
434 2779 560 2848 eligeret,
580 2797 661 2852 quem
681 2786 782 2847 aetate,
798 2781 931 2849 moribus,
945 2782 1079 2850 doctrina,
1095 2783 1244 2852 prudentia
1256 2781 1373 2852 aliisque

192 2886 326 2940 rebusad
345 2891 492 2940 vacantem
512 2887 657 2942 ecclesiam
680 2889 889 2957 gubernandam
915 2891 1083 2944 necessariis
1102 2895 1132 2944 et
1149 2890 1313 2959 opportunis
1331 2888 1374 2942 di-

193 2995 319 3062 gniorem
337 2994 438 3048 ceteris
457 2995 602 3065 magisque
621 2995 750 3050 idoneum
764 2995 907 3050 iudicaret.
927 2997 1094 3066 Adiecitque
1113 2995 1147 3049 ad
1166 2995 1238 3049 hanc
1257 2995 1374 3050 Concilii

192 3100 365 3156 sanctionem
390 3101 509 3154 validius
537 3101 762 3167 confirmandam,
788 3118 818 3157 re
844 3109 874 3156 et
899 3103 1011 3156 nomine
1030 3103 1220 3156 secretissimus
1245 3102 1375 3156 Pontifex

192 3207 259 3260 Pius
279 3206 310 3272 V,
332 3206 413 3277 quod,
433 3206 456 3259 si
476 3224 597 3277 unquam
619 3206 769 3276 Episcopus
782 3207 874 3261 minus
890 3207 1022 3274 habilem,
1036 3209 1196 3277 postpositis
1211 3208 1301 3277 magis
1314 3208 1374 3261 ido-

192 3315 261 3378 neis,
280 3313 420 3383 elegisset,
440 3318 553 3383 possent
572 3313 600 3381 ii,
619 3314 667 3384 qui
686 3315 783 3368 reiecti
803 3319 905 3382 essent,
919 3332 936 3368 a
949 3315 1024 3369 mala
1037 3315 1170 3370 eiusmodi
1191 3315 1327 3369 electione
1340 3315 1376 3369 ad

192 3421 440 3492 Metropolitanum
458 3422 519 3484 rel,
539 3421 561 3476 si
581 3423 640 3492 ipse
665 3421 773 3491 eligens
799 3422 1037 3493 Metropolitanus
1056 3428 1105 3477 aot
1130 3427 1275 3494 exemptus
1293 3426 1374 3479 ioret’

192 3530 226 3585 ad
244 3531 407 3584 viciniorem
433 3530 608 3584 Ordinarium
633 3534 665 3584 ut
689 3529 767 3586 Sedis
793 3530 973 3600 Apostolicae
999 3531 1157 3601 delegatum
1182 3532 1228 3587 rel
1249 3533 1320 3587 alias
1341 3535 1375 3588 nd

191 3636 279 3704 ipsam
305 3635 403 3692 Sedem
428 3635 617 3705 Apostolicam
642 3635 784 3705 appellare
807 3653 841 3690 ac
868 3637 1058 3705 praeelectum
1078 3637 1112 3690 ad
1131 3653 1232 3691 novum
1257 3655 1374 3693 examen

191 3757 285 3795 coram
309 3743 370 3812 ipso
394 3741 592 3811 appellationis
619 3741 710 3796 iudice
735 3749 763 3796 et
788 3743 851 3796 eius
882 3742 1126 3797 Examinatoribus
1153 3760 1317 3812 provocar03
1342 3760 1376 3799 ee

191 3853 286 3904 umen
311 3851 453 3918 cautione,
474 3854 505 3904 ut
523 3848 677 3920 appellatio
697 3867 751 3904 non
770 3851 799 3902 in
819 3850 997 3920 suspensivo,
1017 3850 1065 3904 scd
1084 3852 1112 3903 in
1131 3851 1292 3906 devolutivo
1313 3867 1374 3906 esse

191 3955 317 4011 deberet:
336 3957 564 4028 quemadmodum
582 3957 611 4010 in
631 3958 691 4012 eius
709 3957 926 4023 constitutione,
945 3975 1017 4028 quae
1037 3958 1182 4027 trigesima
1206 3959 1291 4013 tertia
1315 3963 1375 4024 est,

192 4061 277 4116 latius
295 4065 422 4127 cavetur3
443 4059 639 4126 concludendo,
658 4061 739 4131 quod,
753 4061 874 4116 constito
892 4061 925 4116 de
940 4061 1040 4130 prioris
1054 4061 1175 4130 eligendi
1190 4057 1375 4118 irrationabili

192 4166 295 4220 iudicio
312 4183 399 4237 eoque
420 4169 557 4231 revocato,
577 4165 747 4234 parochialis
765 4164 887 4221 ecclesia
905 4165 996 4232 magis
1014 4164 1115 4220 idoneo
1133 4169 1301 4222 conferatur.

279 4273 377 4326 «Cium
396 4278 489 4328 autern
503 4289 593 4344 neque
605 4271 723 4326 Concilii
736 4271 849 4324 decreto
863 4286 898 4324 ne
907 4287 961 4340 que
975 4271 1119 4325 Pontificis
1136 4271 1226 4337 Bulla,
1240 4273 1376 4328 examinis

190 4379 219 4432 in
240 4395 375 4434 concursu
401 4379 550 4449 peragendi
576 4379 666 4432 forma
684 4393 733 4432 seu
753 4375 899 4431 methodus
921 4375 981 4431 nlla
1000 4381 1077 4431 certa
1096 4393 1129 4430 ac
1147 4376 1297 4445 peculiaris
1315 4397 1375 4436 ser-

266 4522 326 4576 Sac.
347 4521 426 4592 Leqa
1198 4515 1229 4570 31
