3292 5109
421 305 509 358 QUAE
533 304 568 350 IN
593 304 699 351 PRIMO
719 302 896 352 VOLUMINE
919 301 1160 350 GONTINENTUR

200 425 351 490 cntionem,
372 426 450 478 aide:
468 423 669 493 competentia.
689 453 704 464 -
724 423 763 478 De

202 497 283 550 modo
308 497 480 551 executionis
505 496 670 561 sententiae,
695 497 764 551 Vide

201 568 355 622 Sententia

201 781 219 832 2
257 710 399 792 Exceptio.
417 737 455 792 .-
473 709 542 770 Quid
562 713 606 780 sit,
619 726 683 793 pag.
696 710 764 792 206-

204 781 277 906 idder
292 781 764 922 6313444143οἳιὲἶῗίοιιιηοῑιξιῖοξέἓ

202 925 262 1048 ²2⁷·
284 925 359 1049 '312⁰
375 924 588 1050 eutitii?
612 925 764 1050 tritt

200 1011 304 1136 {guae
328 1012 509 1134 {impudica
533 1014 656 1122 snntpad
680 1013 765 1135 apgen-

202 1137 282 1204 dum,
311 1144 446 1225 perpetua
469 1139 541 1192 fiunt
565 1140 600 1192 ad
625 1138 765 1208 excipien-

202 1208 379 1334 iidmidddcdlog¹
389 1208 495 1334 dalida]
509 1210 765 1351 Idgddrddd‘ldlpddgldss

202 1351 334 1421 qrrasdam
360 1352 546 1421 exceptiones,
570 1369 631 1420 pag.
651 1351 763 1406 435·36.

203 1452 219 1462 -
240 1422 311 1475 Hinc
330 1424 515 1477 iustrumenta
534 1425 569 1478 ab
588 1429 683 1478 actore
703 1439 765 1493 pro·

201 1493 285 1580 dareta
305 1511 352 1548 reo
371 1495 600 1576 cpmmunicauda
612 1501 686 1580 sunt,
700 1511 763 1577 pag.

201 1563 764 1706 tnnetrluuutuu.{auru

203 1709 317 1789 proponi
333 1707 452 1796 debcant
465 1711 647 1791 exceptiones¹
655 1726 765 1778 perem-

202 1780 764 1974 t.‘.t¹2633..8tt⁸·.tt⁷.‘.stultitia?

203 1938 265 1990 pag.
303 1937 345 1975 o.

257 2063 504 2120 Eecommunicati.
530 2095 560 2107 —
589 2066 701 2120 Vitandi
719 2082 765 2120 ex·

204 2133 346 2202 pelluntur
365 2138 400 2188 ab
420 2136 534 2204 agendo,
555 2153 610 2205 pag
628 2137 671 2190 84.
691 2137 765 2191 -Li-

202 2206 371 2271 mitationes,
391 2224 453 2276 pag.
472 2208 516 2260 85.
537 2237 552 2246 -
571 2207 637 2264 Non
658 2210 766 2262 vitandi

203 2283 318 2345 possunt
342 2294 426 2346 agere
452 2283 482 2331 at
510 2285 627 2347 possunt
652 2279 765 2348 expelli,

204 2365 264 2415 pag.
279 2348 321 2400 87.
337 2379 351 2388 -
365 2353 410 2402 An
423 2354 452 2404 et
464 2350 575 2420 quando
586 2352 693 2404 uitandi
706 2367 766 2419 pos-

202 2419 260 2472 sint
285 2419 336 2472 sibi
367 2427 559 2489 procuratores
586 2423 765 2488 constituere,

203 2506 265 2558 pag.
287 2490 344 2545 162.
358 2521 374 2530 -
388 2495 431 2546 An
451 2495 661 2548 excomunicato
681 2494 766 2548 liceat

203 2563 394 2628 reconvenire,
414 2580 474 2632 pag.
496 2567 556 2617 207.

259 2704 766 2773 Expensaciudiciales-Quareoc·

202 2783 325 2835 currant,
340 2781 369 2830 et
384 2777 558 2846 quandonam
575 2794 669 2831 earnm
683 2794 767 2846 quae·

202 2846 765 2917 stioresolvatur,pag.tid⁴l.-Quibusnam

159 2937 161 2942 ’
203 2917 317 2985 regulis,
337 2935 400 2987 pag.
420 2921 482 2972 645.
501 2949 516 2959 -
536 2919 615 2989 Apud
629 2920 727 2972 Curias
742 2921 765 2972 si

203 3005 255 3040 non
268 2989 359 3042 adsint
373 2998 456 3044 tanae
465 2991 497 3044 fit
507 2992 666 3044 aestimatio
677 3007 765 3061 aequo

203 3061 320 3115 arbitrio
346 3062 452 3126 indicis,
472 3079 533 3131 pag.
553 3064 614 3116 447.
634 3092 649 3102 -
669 3063 700 3115 ln
719 3079 767 3116 ex·

204 3147 302 3200 pensas
320 3149 385 3187 vere
404 3134 553 3187 iudiciales
574 3133 656 3187 iudex
680 3134 765 3187 etiam

202 3219 240 3256 ear
258 3203 345 3272 officio
371 3205 551 3269 condemnat,
576 3205 693 3258 alterius
718 3221 767 3272 ge-

203 3275 277 3326 neris
297 3292 432 3342 expensas
449 3277 538 3330 solum
558 3280 595 3330 ad
608 3278 766 3330 instantiam

204 3343 280 3398 illins
307 3348 386 3400 curius
413 3347 544 3413 interest,
575 3364 637 3416 pag.
663 3347 723 3400 649.
750 3377 765 3386 -

202 3416 272 3476 Quid
293 3416 320 3469 iu
340 3435 405 3470 casu
426 3421 615 3474 contumaciae
635 3423 683 3471 aut
703 3419 765 3488 plus

201 3488 363 3557 petitionis?
394 3506 455 3558 pag.
487 3491 548 3543 648.
578 3519 593 3529 -
621 3489 766 3558 Expensae

203 3562 296 3626 sactae
314 3561 342 3612 in
368 3561 505 3615 fructibus
531 3560 696 3630 colligendis
715 3563 766 3614 mi·

204 3635 294 3683 nuunt
317 3633 440 3696 fructus,
464 3649 525 3702 pag.
551 3634 613 3695 dou
633 3661 649 3671 -
673 3636 765 3703 sactae

204 3701 232 3753 in
243 3717 272 3755 re
283 3703 470 3756 conservanda
480 3702 691 3772 distinguendae
701 3708 767 3758 sunt

203 3772 232 3824 in
250 3775 431 3897 uegggsarias,
452 3777 546 3840 utiles,
561 3777 766 3844 ‘uoluptuarius

204 3859 268 3912 pag.
342 3885 348 3896 .

472 4006 502 4071 F

259 4199 377 4254 Feralia.
396 4227 432 4240 -
451 4199 521 4254 Sunt
546 4204 672 4270 tempora
692 4200 765 4254 intra

202 4284 274 4337 quae
293 4272 357 4340 poni
383 4271 485 4326 debent
509 4273 618 4342 potiora
636 4276 699 4326 acta
718 4288 765 4340 ap-

202 4339 370 4408 pellationis.
385 4371 400 4382 -
415 4344 453 4397 De
466 4344 599 4400 tatalibus
618 4343 652 4396 ad
671 4343 767 4412 appel·

202 4409 335 4468 lationem
349 4413 540 4480 inchoandam,
554 4432 614 4485 pag.
626 4414 687 4478 622;
703 4415 765 4468 -ad

1313 282 1377 348 521

818 423 1045 494 prosequendam,
1059 439 1122 492 pag.
1134 423 1197 489 6283
1207 453 1222 464 -
1236 423 1270 478 ad
1282 423 1382 479 finien-

817 495 891 562 dam,
912 511 976 566 pag.
996 494 1058 549 629.

873 637 976 691 Fertne
993 639 1149 691 iudiciales.
1169 667 1204 680 -
1223 637 1381 694 Servandae

818 713 893 773 sumt,
915 723 978 778 pag.
997 709 1057 762 396.
1078 709 1218 769 -Quibus
1242 715 1322 763 actus
1340 711 1382 762 iu·

818 779 933 834 diciales
961 779 1160 849 prohibeantur
1189 787 1314 848 tempore
1341 782 1381 836 fe·

818 852 901 917 riute,
919 868 982 922 pag.
1001 850 1063 905 397.
1083 881 1098 891 -
1118 851 1275 906 Servandae
1296 853 1381 906 etiam

818 927 884 977 erint
899 924 986 978 feriae
999 923 1143 977 iudiciales
1156 923 1382 992 proquibusdam

818 995 904 1048 curiis
928 995 1092 1063 peculiares,
1111 1012 1173 1064 pag.
1193 995 1254 1047 366.
1274 1024 1289 1034 -
1309 995 1383 1056 Quo-

818 1066 900 1120 modo
912 1070 1107 1135 computentur
1126 1066 1192 1126 dies,
1214 1082 1277 1134 pag.
1290 1066 1351 1120 398.
1365 1097 1380 1106 -

819 1137 880 1198 Qua
897 1143 976 1207 parte
996 1137 1050 1190 diei
1070 1142 1149 1190 actus
1170 1137 1315 1192 iudiciales
1334 1154 1384 1208 po·

819 1208 902 1264 nendi
924 1213 998 1273 suut,
1017 1207 1128 1261 398-99.

872 1353 961 1405 Fictio
988 1379 1026 1392 -
1052 1350 1121 1403 iuris
1151 1350 1335 1420 distinguitur
1364 1367 1382 1403 a

819 1423 1043 1492 praesumptione
1063 1421 1158 1491 legali,
1179 1439 1239 1491 pag.
1259 1421 1321 1475 530.

873 1565 1069 1635 Filiifamitias
1100 1592 1133 1604 -
1168 1581 1222 1616 uon
1254 1563 1382 1633 indigent

818 1651 954 1690 consensu
974 1637 1061 1704 patris
1080 1640 1111 1689 ut
1130 1652 1214 1704 agere
1228 1641 1257 1690 et
1269 1651 1382 1704 respon·

818 1707 883 1761 dere
903 1709 1008 1776 possint
1026 1706 1185 1773 injudicio,
1205 1723 1267 1776 pag.
1286 1707 1329 1759 90.

872 1849 978 1914 Fiscus,
998 1878 1031 1890 -
1046 1865 1108 1917 pag.
1121 1849 1165 1901 76.
1180 1880 1195 1889 -
1209 1849 1305 1902 Fiscus
1318 1849 1383 1918 Epi·

819 1919 947 1988 scopalis,
972 1936 1034 1989 pag.
1052 1921 1096 1973 78.

872 2061 988 2115 Forum.
1008 2091 1042 2104 ·-
1062 2062 1112 2132 (De
1131 2065 1192 2116 foro
1211 2063 1381 2130 competenti
1484 2117 1487 2121 .

818 2135 883 2187 uide
902 2136 1109 2202 competentia).
1129 2165 1144 2174 -
1160 2135 1303 2203 Pririlegii
1318 2134 1382 2187 Fori

819 2206 908 2274 erige,
934 2222 996 2273 pag.
1021 2205 1133 2259 356-58.
1154 2236 1169 2245 -
1195 2205 1382 2270 Conditiones,

819 2293 881 2346 pag.
901 2276 1014 2330 358-66.
1029 2307 1044 2316 -
1059 2280 1101 2330 An
1121 2277 1215 2347 clerici
1230 2293 1279 2345 pro
1293 2277 1382 2330 lubito

819 2348 949 2400 amittere
974 2353 1004 2402 et
1029 2364 1169 2403 resumere
1193 2349 1306 2402 valeant
1329 2349 1382 2401 tori

820 2418 1007 2486 privilegium,
1018 2435 1079 2488 pag.
1092 2420 1203 2472 360-62.
1218 2449 1233 2459 -
1245 2423 1287 2472 An
1299 2420 1382 2472 ludex

819 2489 1033 2545 Ecclesiasticus
1054 2491 1091 2543 sit
1110 2496 1269 2558 competens
1291 2491 1318 2543 in
1341 2491 1383 2545 iu·

820 2562 897 2614 ribus
925 2567 954 2614 et
981 2561 1092 2615 delictis
1123 2562 1286 2615 clericorum
1316 2567 1382 2616 aute

819 2631 958 2687 clericalis
971 2639 1061 2686 status
1070 2635 1256 2700 sumptionem
1270 2633 1382 2702 patrati,

820 2720 884 2773 pag.
902 2703 962 2756 362.
977 2733 992 2743 -
1007 2705 1036 2757 ln
1049 2706 1212 2774 quaestione
1227 2723 1264 2757 an
1276 2707 1312 2757 sit
1326 2707 1383 2758 ele·

819 2778 910 2840 ricus,
930 2780 972 2828 est
994 2780 1153 2844 competens
1172 2781 1280 2829 tantum
1301 2776 1383 2830 iudex

820 2846 1048 2913 Ecclesiasticus,
1070 2864 1132 2916 pag.
1152 2846 1212 2900 363.
1233 2877 1248 2887 -
1275 2848 1383 2901 Poenas

819 2923 917 2971 contra
944 2916 996 2970 hoc
1022 2918 1200 2986 privilegium
1228 2919 1381 2985 violantes,

819 3005 882 3059 pag.
903 2987 963 3040 364.
984 3018 999 3028 ·
1019 2990 1078 3042 Hoc
1097 2989 1274 3058 privilegium
1297 2991 1384 3058 perti·

820 3058 924 3115 netad
948 3061 1163 3129 competentiam
1189 3062 1383 3126 necessariam,

821 3148 890 3201 pag·
903 3130 1016 3185 aaa-65.

873 3275 1011 3336 Fructum
1030 3278 1176 3344 fmctuum
1202 3277 1382 3344 sequestratio

820 3361 883 3414 pag.
897 3347 949 3399 567
970 3374 985 3384 ·
1005 3351 1033 3398 et
1053 3346 1189 3399 restitutio
1209 3363 1273 3414 pag.
1285 3347 1346 3398 662.
1367 3375 1383 3384 -

821 3417 940 3470 Fructus
959 3416 1007 3469 alii
1026 3422 1091 3469 sunt
1108 3419 1263 3483 naturales,
1279 3417 1327 3470 alii
1341 3421 1384 3469 in-

820 3489 988 3551 desti-iales,
1013 3505 1061 3542 seu
1087 3489 1184 3542 ciuiles
1203 3517 1218 3527 -
1242 3491 1383 3557 percepti,

820 3576 875 3614 non
899 3562 1027 3630 percepti
1053 3576 1101 3614 seu
1127 3562 1294 3630 pendentes,-
1318 3575 1383 3626 per·

820 3631 894 3700 cepti
919 3648 986 3685 uero
1011 3636 1060 3683 aut
1088 3641 1214 3686 errantes
1241 3638 1290 3684 arrt
1315 3646 1383 3684 con·

819 3707 932 3773 sumpti,
951 3718 1015 3772 pag.
1034 3703 1095 3757 666.

1093 3936 1110 4000 1

875 4129 1014 4182 immissio
1032 4129 1115 4181 -in
1138 4131 1212 4182 bona
1231 4145 1266 4182 ex
1287 4131 1382 4198 primo

820 4204 850 4254 et
867 4202 989 4254 secundo
1008 4199 1129 4266 decreto,
1149 4217 1211 4269 pag.
1232 4200 1293 4253 564.

876 4342 1007 4397 incidens
1032 4359 1116 4397 causa
1135 4371 1169 4384 -
1188 4341 1233 4413 (ct.
1253 4339 1385 4411 Cognitio

820 4419 988 4482 causarum).
