3292 5109
459 304 505 354 nn
527 303 668 352 moruus
690 303 956 351 aocnssrssmcrs
1245 283 1313 352 155

220 423 488 508 deformationes
510 445 594 512 quae
617 427 799 492 inserviunt
821 429 862 494 ad
886 426 1090 495 instruendas
1116 427 1310 492 necessariis

136 549 329 618 documentis
360 553 563 639 quaestiones
593 557 662 619 tum
692 551 777 636 sacti
798 559 867 618 tum
894 551 996 624 iuris,
1022 552 1240 636 exquiruntur
1268 549 1310 614 ab

137 674 313 744 Ordinariis
334 679 533 745 missionum.

217 803 256 866 ln
283 805 390 886 pterea
420 803 685 890 congregatione
714 804 847 889 negotia
875 802 1065 868 referuntur
1092 807 1125 867 et
1155 801 1307 868 decisioni

132 933 351 1012 proponuntur
372 949 393 994 a
415 927 578 995 cardinali
602 925 765 1003 Poneate,
788 927 829 994 ab
854 947 892 992 eo
915 929 1066 994 nimirum
1090 928 1140 992 cui
1165 928 1309 1012 quaestio

132 1052 301 1118 referenda
331 1055 504 1120 commissa
533 1054 604 1119 ruit.
638 1089 656 1102 -
688 1052 870 1120 cardinalis
900 1050 1038 1119 Peneos
1068 1057 1176 1118 votum
1211 1049 1309 1118 habet

131 1176 317 1253 decisivum,
340 1182 389 1246 uti
419 1199 481 1266 par
510 1184 577 1262 est,
601 1180 718 1266 quippe
748 1180 782 1244 in
805 1178 868 1244 hoc
891 1179 1028 1265 collegio
1051 1183 1100 1243 est
1122 1177 1220 1243 iudex
1242 1195 1308 1242 non

133 1321 221 1369 secus
244 1323 285 1369 ac
307 1303 362 1368 alii
387 1304 585 1370 cardinales.
611 1339 630 1353 -
655 1303 831 1371 commisso
854 1307 961 1368 autem
992 1304 1121 1388 negotio
1145 1301 1307 1368 Cardinali

130 1424 283 1500 Ponendi,
300 1425 355 1492 hic
374 1429 583 1514 expostulare
605 1431 712 1514 potest
733 1429 797 1492 alia
820 1427 1014 1493 documenta
1036 1447 1093 1492 seu
1115 1430 1309 1511 argumenta

133 1551 336 1633 quaestionis,
361 1569 445 1635 quae
468 1552 529 1636 ipsi
551 1548 726 1615 videantur
747 1549 934 1615 necessaria
956 1549 996 1614 ad
1019 1549 1147 1635 plenam
1176 1551 1225 1613 rei
1248 1569 1306 1614 no·

126 1673 234 1738 titiam.

210 1974 348 2030 «Datum
367 1974 474 2029 Romae
497 1990 532 2029 ex
556 1973 671 2029 aedibus
695 1973 797 2029 Sacrae
822 1972 1055 2044 congregationis
1079 1972 1113 2027 de
1137 1973 1219 2044 Prop.
1240 1973 1307 2028 Fide

124 2079 167 2134 die
185 2080 219 2136 18
237 2081 310 2135 Maii
331 2081 400 2136 1896
412 2099 437 2136 a.

209 2167 280 2242 Dein
300 2187 354 2242 hae
372 2187 486 2242 litterae
504 2187 586 2244 datae
605 2191 684 2240 sunt:

210 2309 227 2344 a
241 2292 273 2347 ln
293 2291 487 2348 examinandis
504 2296 534 2348 et
551 2292 672 2346 sollicite
689 2292 867 2363 expediendis
880 2293 1043 2347 Misaionum
1062 2291 1184 2361 negotiis
1201 2291 1308 2346 multas

126 2411 227 2468 easque
250 2414 308 2452 non
335 2398 412 2454 leves
434 2399 517 2454 offert
542 2398 610 2454 huic
634 2399 736 2454 Sacrae
761 2400 982 2470 congregationi
1007 2399 1186 2454 difficultates
1214 2401 1306 2469 praxis¹

125 2523 235 2572 eornm,
253 2507 303 2578 qui
323 2507 353 2563 in
371 2524 428 2564 uno
445 2509 597 2580 eodemque
614 2508 683 2562 lolio
703 2508 797 2578 plnres
816 2526 860 2563 res
879 2524 981 2579 easque
1000 2509 1073 2564 inter
1092 2527 1121 2566 se
1140 2508 1305 2580 quandoque

121 2627 298 2680 summopere
316 2611 472 2682 disparatas
489 2612 632 2667 cumulare
650 2611 750 2668 solent
769 2611 830 2674 Quo
847 2613 880 2666 fit
899 2616 930 2665 ut
950 2611 1056 2680 literae,
1071 2629 1174 2682 preces,
1193 2611 1305 2683 alisque

122 2717 279 2772 huiusmodi
305 2719 411 2788 scripta
434 2735 525 2790 neque
543 2719 572 2774 in
592 2719 750 2774 Secretaria
768 2736 858 2790 neque
877 2719 905 2772 in
926 2718 1076 2774 Tabulario
1100 2721 1157 2774 suis
1181 2721 1211 2774 in
1236 2719 1306 2774 locis

123 2823 217 2892 reponi
237 2823 402 2894 servarique
419 2823 543 2890 valeant,
562 2824 713 2878 etidcirco
732 2823 850 2878 deducta
868 2824 983 2892 negotia
1001 2827 1030 2877 et
1048 2824 1211 2892 praesertim
1231 2826 1304 2893 peti-

121 2928 210 2983 tiones
228 2929 480 2984 matrimonialium
497 2929 736 3000 dispensationum
754 2945 837 3000 saepe
856 2929 1017 2995 molestam,
1036 2929 1198 3000 quandoque
1218 2931 1304 2984 etiarn

120 3035 282 3089 &undosam
300 3034 464 3090 dilationem
483 3036 634 3106 patiantur.

206 3160 222 3195 a
237 3141 281 3196 Ut
298 3147 458 3214 promptum
476 3143 626 3213 praedictis
645 3142 857 3198 difficultatibus
876 3147 989 3212 paretur
1005 3143 1166 3210 remedium,
1179 3161 1305 3199 necessa-

119 3247 190 3300 rium
208 3247 326 3302 omnino
344 3253 396 3314 est,
409 3253 441 3302 ut
452 3249 596 3320 quodlibet
615 3250 759 3317 negotium
777 3267 858 3304 suum
877 3248 982 3304 habeat
999 3249 1096 3303 lolium
1110 3267 1142 3304 ac
1155 3251 1184 3304 in
1200 3249 1305 3304 litteris

118 3353 290 3423 responsivis
317 3369 468 3424 numquam
495 3353 642 3407 omittatur
668 3371 800 3409 numerus
826 3354 1046 3426 (Psoroconno)
1072 3369 1154 3425 quem
1183 3355 1303 3409 relativa

116 3459 141 3512 S.
166 3460 404 3530 congregationis
428 3460 547 3529 epistola
572 3463 601 3514 in
626 3463 718 3531 capite
740 3462 905 3532 inscriptum
931 3460 1025 3516 habet.
1051 3460 1168 3514 curabis
1192 3462 1303 3534 itaque,

116 3563 196 3622 lllffie
215 3584 250 3621 ac
270 3563 342 3621 Rffie
360 3565 486 3633 Domine,
505 3573 536 3621 ut
553 3566 618 3621 hnic
638 3567 799 3621 necessitati
818 3584 836 3621 a
855 3573 904 3621 tua
924 3565 1007 3621 curia
1026 3567 1219 3637 prospiciatur.

202 3691 219 3726 a
235 3673 297 3727 Hac
321 3689 389 3729 vero
414 3678 496 3729 utens
520 3675 666 3728 occasione
691 3674 877 3744 Amplitudini
900 3675 976 3728 Tuae
1001 3675 1082 3728 enixe
1109 3675 1302 3730 commendare

114 3781 202 3838 debeo
218 3782 429 3838 observantiam
447 3781 593 3837 literarum
612 3781 800 3847 circularium,
819 3799 891 3854 quae
911 3781 982 3836 alias
1000 3799 1018 3836 a
1037 3781 1122 3836 Sacra
1142 3782 1302 3852 congrega-

115 3890 191 3945 tione
218 3890 402 3945 transmissae
426 3892 542 3944 t‘uerunt
566 3905 650 3958 super
675 3907 726 3942 usu
752 3889 868 3959 linguae
890 3889 1011 3954 latinae,
1033 3895 1083 3944 aut
1107 3887 1236 3956 italicae,
1258 3891 1301 3943 rel

113 3996 215 4052 saltem
235 3995 368 4066 gallicae.
389 3995 477 4066 Saepe
490 3995 565 4050 euim
578 3993 688 4061 accidit,
701 3999 733 4049 ut
746 3994 780 4049 ad
793 3995 906 4050 Sacram
919 3994 1171 4066 Congregationem
1190 3995 1303 4051 litterae

115 4104 171 4159 alio
190 4121 280 4176 quam
298 4103 471 4174 praescripto
489 4102 622 4158 idiomate
645 4108 777 4158 exaratae
799 4104 972 4174 perveniant,
993 4119 1098 4175 eaeque
1120 4103 1184 4158 dnm
1204 4105 1232 4156 in
1251 4105 1303 4157 ita·

113 4208 198 4264 licum
226 4208 276 4265 rel
304 4209 423 4265 latinum
451 4209 673 4275 transferuutur,
698 4208 870 4278 duplicatum
896 4224 965 4278 opus
989 4207 1108 4263 afferant
1136 4207 1301 4262 officialibus

112 4316 215 4374 Sacrae
241 4317 328 4372 huius
353 4315 599 4387 congregationis,
619 4319 649 4370 et
673 4315 868 4386 tempestivam
893 4315 1071 4386 negotiorum
1095 4313 1301 4386 expeditionem

112 4425 286 4496 impediant;
303 4425 376 4496 quod
394 4424 502 4494 pariter
519 4423 680 4480 evitandum
698 4427 742 4478 est
754 4441 782 4478 ›.
