3292 5109
451 274 495 320 nn
519 274 658 322 runicus
682 273 947 323 nccnssmsmcrs
1233 252 1303 321 275

115 398 346 487 eleemosynas
370 396 559 487 (manuales)
582 399 704 465 admitti
729 420 840 485 posse,
864 399 1049 466 dummodo
1075 398 1174 481 infra
1195 399 1304 466 modi·

117 544 201 591 cum
229 530 361 608 tempas
386 530 525 608 possent
548 498 753 612 (Reputans)
778 524 935 592 omnibus
960 524 1168 606 satisfacere.
1194 526 1303 591 Porro

121 647 220 711 huius
245 646 360 711 modici
383 649 538 733 temporis
564 651 699 734 spatium
727 648 767 713 ad
795 648 874 713 duos
900 648 953 713 vel
980 653 1049 716 tres
1072 668 1199 714 menses
1227 670 1303 736 pre·

116 769 324 836 trahebatur.
350 773 394 836 At
416 772 517 837 Sacra
532 771 667 838 Concilii
688 772 904 858 Congregatio
927 771 982 837 die
998 772 1041 836 17
1057 772 1139 837 Iulii
1157 791 1188 837 a.
1209 773 1304 839 1755

117 896 382 981 tte-respondit:
408 898 485 963 Cum
511 898 544 961 in
572 896 790 962 declaratione
821 896 989 961 undecima
1017 898 1174 982 impressa
1204 919 1305 984 super

122 1019 272 1085 Decretis
303 1020 342 1085 de
370 1020 588 1087 celebratione
618 1022 788 1086 Missarum
814 1020 950 1105 (Urbani
974 1022 1005 1085 V
1010 1020 1072 1104 lll)
1096 1023 1304 1107 permittatur

123 1146 270 1228 receptio
300 1145 436 1209 eliorum
467 1165 601 1211 onerum
628 1146 800 1211 Missaeum
833 1144 1101 1211 celebrandarum
1133 1143 1305 1211 dummodo

121 1266 213 1333 ‘infra
235 1269 394 1333 modicum
417 1273 542 1354 tempus
565 1271 665 1355 possit
687 1269 833 1335 omnibus
856 1267 1013 1341 satisfieri,
1038 1269 1134 1335 hodie
1156 1271 1303 1336 nonnulli

120 1392 318 1477 Superiores
349 1392 526 1477 Reguleres
553 1412 613 1478 pro
640 1395 919 1464 conscientiarum,
944 1398 981 1458 ut
1004 1394 1161 1476 inquiunt,
1184 1395 1304 1478 quiete,

120 1519 231 1583 denuo
255 1524 424 1602 quaerunt,
440 1538 482 1582 an
503 1516 621 1583 dietum
645 1516 804 1583 modicum
827 1525 954 1603 tempus
976 1517 1163 1582 celebrandi
1187 1517 1305 1583 Missas

124 1648 297 1729 reputetur
319 1650 444 1729 tempus
467 1643 603 1708 duorum
626 1645 678 1709 vel
703 1645 799 1709 trium
824 1645 980 1708 mensium
1002 1643 1033 1709 S.
1050 1642 1149 1727 cong.
1175 1662 1306 1728 respon·

124 1766 191 1832 dit:
218 1788 235 1825 ι
258 1766 430 1833 modicum
453 1772 585 1849 tempus
607 1766 750 1851 inteltipi
772 1765 869 1848 infra
893 1785 1043 1832 inermem
1060 1788 1089 1831 ».

262 1890 295 1974 3)
320 1891 400 1955 Item
424 1889 535 1956 fideles
558 1897 710 1977 gravatos
733 1891 886 1956 oneribus
908 1893 1033 1977 piorum
1053 1892 1236 1979 legatorum
1252 1891 1307 1957 ad·

125 2014 224 2079 mittit
248 2034 290 2078 ex
310 2014 399 2079 iustis
423 2015 528 2079 causis
543 2014 583 2077 ad
599 2015 862 2099 compositionem
885 2016 974 2079 circa
997 2017 1192 2099 praeteritas
1213 2017 1308 2081 omis·

126 2138 244 2208 stenes,
269 2157 325 2202 eos
347 2136 551 2211 absolvendo,
577 2140 723 2223 imposita
746 2144 853 2203 tamen
877 2138 954 2223 ipsis
976 2138 1136 2223 discretae
1158 2160 1304 2206 summae

126 2264 284 2345 pecuniae
308 2264 465 2329 solutione
490 2265 602 2329 favore
627 2264 784 2330 Fabricae
808 2266 840 2331 S.
866 2266 970 2339 Petri3
995 2272 1029 2329 et
1051 2266 1114 2332 hac
1137 2268 1308 2332 occasione

127 2389 301 2474 aliquando
317 2390 419 2473 quoad
444 2390 587 2455 futurum
603 2391 698 2455 etiam
724 2389 849 2454 reducit
871 2410 1042 2455 numerum
1065 2392 1236 2456 missarum
1252 2392 1307 2456 vel

125 2515 193 2579 elia
215 2534 327 2579 onera.

265 2638 297 2721 4)
322 2638 409 2703 Solet
432 2640 526 2703 etiam
551 2638 718 2723 Episcopis
745 2639 994 2723 exposcentibus
1016 2640 1056 2704 ad
1080 2646 1205 2726 tempus
1229 2660 1309 2706 cen-

127 2758 248 2825 cedere
271 2760 456 2854 facultatem
482 2762 656 2827 reducendi
680 2763 858 2828 huiusmodi
883 2765 937 2848 pia
960 2784 1069 2849 opera.

265 2882 299 2968 5)
323 2884 466 2968 Denique
489 2886 572 2952 haee
588 2886 619 2951 S.
637 2887 853 2973 Congregotio
877 2887 960 2953 solet
983 2889 1172 2951 examinare
1195 2892 1229 2952 et
1250 2906 1310 2971 ap-

129 3005 271 3087 probare
293 3006 561 3090 redemptionem
580 3008 677 3093 vulgo
695 3028 712 3071 e
730 3005 1001 3073 adrancazione»
1021 3009 1147 3093 piorum
1162 3026 1310 3080 onerum,

130 3131 267 3213 praevia
284 3134 392 3195 tamen
409 3132 567 3196 solutione
583 3131 779 3197 inmanibus
796 3131 962 3197 Ordinarii
987 3132 1133 3216 capitalis
1155 3150 1311 3205 summae,

129 3276 227 3341 quam
251 3258 319 3341 ipse
343 3255 537 3322 Ordinarius
568 3257 719 3342 religiose
749 3256 846 3321 debet
867 3255 1030 3321 custodire
1053 3258 1087 3320 in
1114 3254 1225 3338 Capsa
1247 3256 1313 3322 Ec-

131 3384 319 3449 elesiastiea
343 3382 433 3446 iuxta
455 3383 586 3467 regulas
608 3402 629 3446 a
652 3381 750 3467 Cong.
769 3382 837 3445 ΕΕ.
858 3388 890 3447 et
914 3382 984 3446 th.
1008 3380 1184 3446 haedere
1208 3380 1311 3454 datas,

136 3526 173 3571 eo
195 3506 329 3572 consilio
346 3512 381 3570 ut
399 3526 443 3569 ex
457 3506 547 3571 hisce
570 3524 773 3569 nummorum
797 3504 929 3568 summis
948 3505 1001 3568 vel
1024 3509 1136 3574 mutuo
1160 3503 1243 3569 datis
1259 3504 1314 3569 vel

137 3632 169 3695 in
197 3651 313 3696 census
343 3631 486 3715 aliosque
517 3634 702 3695 contractus
734 3630 830 3695 huius
860 3631 978 3715 speciei
1001 3630 1161 3716 erogatis,
1189 3630 1314 3696 reditus

132 3756 355 3839 percipiantur
377 3754 430 3839 qui
454 3753 658 3838 impendendi
683 3761 779 3820 erunt
803 3751 843 3818 ad
867 3753 1128 3819 satisfaciendum
1151 3756 1215 3841 piis
1238 3775 1315 3820 one

135 3878 224 3946 ribus
249 3878 304 3966 (1).

224 4182 263 4254 (l)
283 4181 442 4235 constituta
460 4186 502 4235 est
520 4181 549 4235 in
569 4181 646 4235 curie
671 4180 861 4250 congregatio
887 4180 1046 4234 Lauretana
1063 4196 1144 4249 quae,
1165 4177 1318 4232 Basilicam

135 4288 323 4345 Lauretanam
342 4288 414 4358 quod
433 4287 545 4353 attinet,
563 4304 597 4341 ea
615 4287 690 4355 gerit
707 4302 778 4357 quae
799 4286 828 4339 in
847 4284 996 4339 Basilicam
1013 4284 1040 4339 S.
1054 4285 1133 4339 Petri
1151 4284 1213 4355 agit
1230 4300 1321 4355 appo-

133 4397 190 4451 sita
201 4395 398 4466 Congregatio.
413 4424 426 4437 -
440 4394 544 4449 Verum
558 4399 622 4449 ante
636 4394 808 4449 eversionem
827 4410 917 4447 rerum
938 4392 1112 4461 publicarum
1130 4394 1182 4447 snb
1196 4410 1223 4448 a
1237 4392 1321 4446 1860
