3292 5109
335 244 401 310 238
847 259 932 307 rans
961 260 998 305 11.

334 384 399 448 lam
421 382 656 467 Beatiflcatam
680 384 737 445 aut
754 380 1013 454 aununtiarem,
1037 386 1116 447 tunc
1137 380 1228 465 viget
1250 378 1430 444 Tridentini
1453 380 1516 444 de-

334 512 468 581 cretum,
483 506 570 573 Sess.
584 476 645 580 25,
663 506 713 571 De
723 504 945 578 invocatione,
961 504 1180 571 veneratione
1194 509 1227 571 et
1239 503 1406 589 Reliqmb
1422 504 1516 571 San-

332 639 475 708 ctorum,
493 630 547 697 ubi
564 630 766 696 decernitur:
781 648 799 695 t
818 629 914 695 Nulla
929 629 1026 696 etiam
1040 628 1239 695 admittenda
1253 630 1409 695 mIracula
1423 649 1516 699 nova

332 772 394 817 nec
416 770 518 817 novas
542 748 707 834 Reliquias
730 748 942 835 recipiendas,
966 749 1028 814 nisi
1055 748 1169 814 eodem
1200 755 1455 835 recognoscente
1477 754 1516 815 et

332 876 532 962 approbante
544 874 703 959 Episcopo
717 894 747 939 r.
765 871 849 949 Quia
859 873 894 937 in
909 873 961 939 bIs
976 872 1124 939 omnibus
1138 872 1295 958 quaedam
1309 872 1515 941 adhibendae

331 1005 407 1075 sunt
429 998 651 1084 inquisitiones
674 995 946 1072 extraiudicIales,
964 1000 998 1061 et
1018 997 1127 1081 aliqua
1148 996 1256 1063 danda
1274 1003 1323 1063 est
1337 1000 1512 1073 sententia,

333 1124 452 1191 Concil.
478 1122 702 1189 Tridentinum
726 1122 787 1188 loc.
811 1120 866 1187 eit.
889 1121 1010 1194 statuit,
1035 1121 1118 1187 haec
1140 1122 1293 1187 examina
1314 1122 1513 1209 Episcopum

332 1254 423 1315 certo
446 1249 540 1313 modo
563 1244 677 1333 perfici
700 1244 831 1327 debere,
854 1265 912 1311 seu
930 1281 948 1293 -
965 1246 1124 1313 adhibitis
1146 1246 1184 1312 in
1206 1246 1514 1315 consitiumeeo·

330 1375 417 1462 topz's
439 1378 470 1441 et
493 1373 571 1441 aliis
588 1373 660 1457 piis
680 1371 775 1446 uiris,
799 1390 841 1437 ea
861 1370 970 1455 saciat
985 1368 1202 1461 (Episcopus)
1216 1391 1306 1459 quae
1319 1374 1456 1441 cetrati
1477 1380 1514 1441 et

325 1500 446 1585 pietati
469 1504 697 1567 consentanea
719 1498 921 1565 iudicaverit
943 1496 1000 1585 (1).

421 1626 494 1693 198.
519 1626 586 1690 Pro
618 1642 763 1710 congrua
793 1628 828 1690 et
849 1622 1000 1708 prudenti
1030 1622 1177 1690 curanda
1207 1625 1398 1689 executione
1427 1625 1512 1689 iuris

331 1750 510 1815 communis
534 1748 684 1813 Clemens
707 1746 759 1812 IX
782 1746 806 1812 6
828 1745 911 1812 Iulii
933 1745 1025 1811 1669
1048 1746 1180 1813 Constit.
1204 1746 1249 1812 ln
1271 1746 1355 1829 ipsis
1368 1745 1512 1833 Pontifi-

328 1877 425 1939 catus
447 1870 567 1938 Nostri
590 1870 730 1935 instituit
744 1869 878 1935 Sacram
895 1870 1186 1955 congregationem
1206 1888 1311 1953 super
1325 1870 1512 1958 Indeipea·

329 1994 383 2059 tiis
406 1999 436 2060 et
459 1994 568 2061 sacris
590 1992 765 2077 Reliquiis.
791 1992 831 2057 ln
853 1993 960 2059 citatis
981 1993 1100 2058 litteris
1118 1998 1318 2079 protestatur
1341 1995 1508 2069 Pontifex,

1642 1485 1643 1544 l

1642 1573 1644 1630 l

327 2113 386 2180 sibi
410 2116 551 2179 maxime
566 2114 655 2179 cordi
672 2134 742 2179 esse
758 2114 916 2181 eumdem
931 2113 1213 2181 inaestimabilem
1229 2114 1428 2182 thesauram
1443 2114 1510 2200 (In-

328 2238 578 2324 dulgentiarum)
601 2238 694 2323 fideli
716 2238 967 2321 dispensatione
989 2258 1135 2326 cropore
1141 2259 1155 2322 ,·
1179 2239 1256 2305 hinc
1277 2241 1428 2306 statuisse
1452 2242 1509 2305 ln·
1642 2241 1643 2332 t

327 2360 507 2448 dulgentias
530 2383 594 2427 non
618 2360 769 2435 concedi,
794 2362 857 2426 nisi
880 2363 1013 2447 praeuio
1037 2362 1182 2430 consulto
1205 2362 1300 2427 huius
1324 2364 1507 2451 Congrege-
1642 2367 1643 2410 t

325 2489 432 2557 tionis.
459 2523 476 2536 -
506 2488 633 2553 Exinde
649 2486 853 2553 Secretarius
872 2487 904 2551 in
923 2508 1014 2552 more
1036 2485 1158 2560 habuit,
1174 2487 1266 2553 utin
1286 2486 1371 2571 folio
1387 2488 1507 2556 descri-
1642 2485 1643 2572 s

325 2613 419 2679 beret
448 2634 604 2678 summam
634 2612 901 2698 supplicationum
932 2617 965 2677 et
995 2612 1156 2677 rationum
1186 2619 1413 2699 porrectarum
1444 2638 1506 2702 pro

326 2736 539 2824 indulgentiis
552 2735 742 2813 obtinendis;
759 2755 893 2820 remque
905 2737 938 2799 ln
950 2736 1096 2821 plenarIo
1112 2744 1274 2804 conventu
1286 2739 1506 2806 cardinalium
1642 2723 1643 2808 ζ

324 2866 523 2945 proponeret
553 2859 694 2925 examini
718 2862 751 2923 et
773 2856 938 2926 decisioni,
962 2858 1135 2924 Decretum
1158 2878 1238 2924 voro
1268 2859 1506 2947 expediebatur
1642 2891 1644 2940 t

324 3004 385 3069 por
408 2983 626 3051 SecretarIam
650 2984 814 3048 Brevium.
839 2982 912 3057 Sed,
935 2987 1044 3049 tractu
1066 2985 1238 3069 temporis,
1266 3006 1336 3051 mos
1365 2988 1505 3054 invaluit

324 3110 504 3197 elargiendi
541 3108 762 3195 Indulgentias
798 3113 868 3174 tum
904 3127 964 3194 per
996 3108 1202 3192 rescriptum
1231 3110 1328 3176 huius
1358 3111 1391 3177 S.
1420 3114 1504 3179 Con·

325 3235 522 3319 gregationis
544 3234 604 3299 vel,
620 3252 681 3318 per
703 3232 813 3299 Breve
835 3252 855 3297 a
878 3231 1063 3299 Secretaria
1086 3233 1249 3308 Brevium,
1274 3235 1327 3300 vel
1349 3255 1411 3321 per
1432 3216 1502 3303 Mess

325 3359 474 3430 mariale,
499 3357 733 3444 expedIendum
768 3378 885 3443 nempe
916 3377 936 3423 a
967 3342 1169 3434 secretaria,
1194 3380 1218 3425 a
1245 3363 1502 3447 memorialibus

324 3487 517 3568 nuncupata.
543 3482 648 3556 Quum
679 3501 759 3547 vero
786 3500 806 3546 a
832 3500 892 3547 sua
918 3483 1117 3548 institutione
1148 3482 1231 3550 haec
1259 3485 1360 3572 Gong.
1391 3487 1501 3573 plures

303 3603 513 3670 'enodaverit
544 3606 763 3689 quaestiones,
797 3608 830 3669 et
859 3605 952 3670 varta
982 3604 1120 3671 ediderit
1150 3605 1291 3681 decreta,
1318 3609 1501 3692 providenti

323 3730 457 3796 consilio
489 3730 555 3794 Leo
585 3729 670 3794 XIII
702 3728 757 3794 fel.
792 3748 861 3815 reg.
893 3734 1009 3795 auctor
1038 3731 1099 3796 luit
1120 3737 1157 3797 ut
1193 3732 1289 3799 huius
1319 3734 1419 3821 Cong.
1448 3756 1500 3802 re·

322 3860 414 3942 gesta
444 3857 529 3942 typis
552 3854 802 3937 mandarentur,
826 3856 935 3939 prouti
957 3856 1078 3922 factum
1102 3857 1164 3923 fuit
1184 3876 1271 3923 anno
1296 3858 1385 3925 1883
1415 3862 1500 3947 typis

323 3974 483 4041 Friderici
518 3977 631 4041 Pustet
661 3974 720 4041 sub
754 3976 848 4041 titulo
879 3976 1023 4042 Decreta
1056 3978 1249 4045 authentica
1280 3979 1316 4046 S.
1351 3978 1497 4069 Conpre-

411 4251 450 4325 (l)
470 4254 509 4307 cs.
529 4255 557 4307 in
577 4252 650 4308 Trid.
673 4252 774 4309 Concil.
795 4254 916 4308 editione
935 4254 1049 4310 Ricluer
1066 4253 1176 4333 aliquas
1193 4255 1346 4315 decisiones
1365 4258 1392 4313 ἃ
1412 4258 1497 4331 (long.

321 4355 438 4430 §ausilii
459 4357 511 4412 hac
530 4358 563 4419 de
583 4376 621 4415 ro.
1245 4386 1248 4390 ¹
