3292 5109
428 290 473 337 nn
498 289 637 339 rumcns
661 286 928 337 uccunsrssmcrs
1218 268 1284 335 139

120 412 380 479 schismaticorum
405 419 438 479 et
460 414 681 481 hereticorum
700 413 837 478 reditum
861 411 902 478 ad
926 412 1094 479 Ecclesiae
1116 413 1281 486 unitatem,

119 540 191 604 elito
213 540 329 605 Brevi:
353 540 404 607 De
435 538 677 607 commissione
699 538 883 624 Pontificio
901 538 949 605 ud
971 537 1282 605 reconciliationem

118 662 339 729 dissidentium
369 682 447 729 cum
471 664 622 730 Ecclesia
652 662 848 746 fouendum,
878 662 934 728 die
957 662 1003 727 19
1025 660 1146 727 Martii
1172 660 1281 738 1895,

117 789 188 874 quod
210 792 338 875 incipit:
366 776 611 873 Optatissimoe'
624 790 661 855 in
683 808 756 855 uno
787 789 865 875 fide.
891 788 1127 855 commissionis
1152 788 1283 855 Praefe·

117 918 228 981 cturam
264 916 419 982 Pontifex
442 916 501 983 sibi
526 916 717 982 reservavit.

193 1040 280 1107 Idem
306 1042 461 1108 Pontifex
484 1044 550 1107 Leo
564 1044 660 1118 XIII,
676 1062 706 1107 a.
728 1042 822 1116 1890,
840 1041 920 1107 duas
937 1040 1101 1107 constituit
1124 1039 1281 1108 mmmis·

116 1165 234 1249 siones;
256 1168 393 1232 alteram
420 1168 510 1234 «Ao
532 1168 730 1235 revisendos
758 1165 1009 1235 constitutiones
1030 1186 1198 1235 nouorum
1224 1166 1282 1230 ln·

116 1286 295 1353 stilutosum
320 1286 546 1375 Repulorium
568 1295 725 1357 uotorum
743 1288 951 1371 simplicium
974 1286 1237 1371 dependentium
1258 1304 1282 1351 o

117 1408 144 1473 S.
168 1406 432 1496 Conprepolione
453 1413 497 1479 de
520 1412 756 1500 Propagando
784 1412 923 1492 Fide»,
951 1412 1043 1477 cuius
1065 1411 1206 1476 Praeses
1232 1412 1283 1477 est

115 1551 189 1597 unus
216 1552 235 1597 e
264 1532 488 1602 cardinalibus
519 1535 551 1603 S.
576 1536 830 1623 Congregationi
862 1534 905 1600 de
930 1533 1170 1619 Propopondo
1195 1531 1282 1598 Fide

115 1654 290 1742 adscriptis:
321 1658 412 1724 adest
437 1659 679 1725 Vico-Praeses
706 1666 739 1726 et
767 1658 982 1741 Secreterius,
1014 1679 1095 1743 quos
1128 1656 1283 1725 adiuvant

115 1782 250 1847 nonnulli
272 1784 475 1850 consultores
499 1804 542 1851 ex
565 1786 656 1852 clero
684 1785 828 1871 regulari
852 1785 974 1850 selecti.
992 1818 1010 1833 -
1032 1784 1179 1849 Alteram
1200 1800 1282 1847 vero

116 1905 269 1971 constituit
284 1906 438 1971 Pontifex
457 1928 474 1968 s
490 1906 547 1973 Ad
560 1908 760 1975 revisendos
774 1906 958 1973 relationes
975 1906 1177 1978 dioecesum,
1194 1904 1282 1972 vioe·

117 2024 257 2092 nulnum
286 2028 561 2112 Apostolicorum
587 2050 610 2095 o
641 2029 675 2097 S.
707 2030 742 2097 C.
775 2028 1090 2113 dependentium»,
1120 2016 1154 2093 'et
1186 2028 1282 2093 buius

118 2274 269 2339 praesertim
288 2272 456 2345 religionem
475 2276 675 2355 addiscendam,
698 2278 818 2333 maxime
843 2292 910 2332 vero
928 2276 1057 2331 indorum
1075 2280 1105 2331 et
1123 2275 1280 2331 Sineusium

116 2373 204 2431 literae
220 2384 247 2434 at
264 2378 343 2451 leges
369 2381 592 2453 interpretandas
617 2384 743 2463 conferre
766 2386 958 2453 poterant-
977 2381 1161 2453 Praecipuum
1185 2386 1280 2436 nmen

115 2479 172 2535 sius
188 2482 266 2537 studii
287 2490 496 2541 mouumentum
509 2488 537 2541 in
550 2488 610 2558 ipss
626 2487 744 2558 Collegii
766 2487 874 2543 Urbani
893 2487 957 2543 sede
975 2486 1028 2542 hoc
1047 2488 1208 2543 exordieute
1220 2502 1282 2540 sae-

114 2585 172 2641 culo
189 2587 339 2654 constituit,
359 2588 503 2644 Musaeum
522 2590 637 2661 inquam
655 2607 672 2644 a
690 2588 832 2644 Cardinali
852 2588 994 2659 Stephano
1013 2590 1116 2659 Borgia
1127 2589 1196 2644 olim
1208 2591 1281 2646 eius·

114 2692 170 2747 dem
186 2692 210 2747 S.
228 2693 460 2763 Congregationis
482 2694 647 2763 Secretario,
673 2691 784 2749 bomine
803 2694 879 2749 omni
893 2694 1074 2750 scientiarum
1093 2711 1196 2764 genere
1214 2711 1280 2750 eru·

115 2801 252 2871 ditissimo,
274 2802 424 2858 collectum
443 2802 599 2875 Sacraeque
611 2802 839 2875 ,congregationi
864 2802 1021 2860 hereditate
1044 2804 1188 2858 relictum:
1206 2804 1280 2875 quod

115 2907 168 2977 ipsa
184 2910 252 2963 curis
270 2910 328 2963 suis
348 2910 504 2981 insequenti
525 2914 650 2979 tempore
669 2910 748 2965 auxit
767 2928 799 2966 ac
820 2909 948 2980 plurimis
965 2911 1084 2965 vetustis
1096 2910 1238 2964 codicibus
1250 2914 1281 2965 et

116 3017 315 3071 numismatibus
332 3033 385 3072 nec
402 3032 457 3072 non
476 3016 562 3071 variis
585 3017 766 3072 barbarorum
789 3016 909 3073 cimeliis
936 3015 1119 3086 locupletavit
1125 3052 1223 3070 ......
1244 3044 1279 3057 -

117 3120 201 3194 ltaque
218 3125 243 3179 S
262 3126 359 3180 eadem
379 3123 567 3195 Congregatio
589 3124 630 3179 uti
656 3125 690 3178 ad
709 3124 931 3195 Amplitudinem
956 3128 1033 3179 tuam
1058 3124 1100 3177 ita
1124 3122 1159 3177 ad
1183 3139 1279 3178 omnes

118 3222 229 3282 vicarios
253 3227 444 3298 Apostoliooa,
469 3228 633 3283 Missionum
661 3228 832 3293 Praefectos,
858 3232 1039 3299 coeterosque
1063 3228 1188 3283 locorum
1212 3243 1279 3282 suae

115 3442 152 3495 nia
167 3442 361 3515 geographiam
387 3442 476 3498 adbuc
500 3443 658 3499 accuratius
686 3442 910 3508 describendam,
935 3442 1099 3511 populorum
1124 3439 1279 3507 historiam,

114 3552 187 3614 ades,
204 3566 302 3615 mores,
324 3548 545 3615 consuetudines,
575 3546 742 3617 religionem
771 3547 946 3616 potissimum
975 3546 1168 3601 illustrandam
1196 3545 1279 3617 piane

115 3652 257 3723 singularia
281 3654 527 3725 deprehenderint,
547 3669 674 3725 quaeque
699 3652 827 3723 gentium
848 3653 894 3709 vel
912 3654 1059 3707 infantiam
1084 3653 1128 3707 vel
1154 3668 1282 3722 progres-

116 3778 169 3816 sum
186 3763 213 3817 in
231 3765 366 3819 societate
385 3764 502 3817 innuere
526 3761 664 3825 noverint,
684 3778 717 3815 aa
738 3762 905 3832 conquirere
929 3762 1073 3815 studeant:
1091 3760 1193 3815 addent
1213 3778 1281 3817 vero

115 3875 178 3931 quae
195 3864 227 3917 ad
246 3864 394 3920 historiam
419 3864 576 3920 naturalem
601 3864 724 3934 regionis
749 3863 985 3935 cognoscendam,
1002 3864 1178 3930 botanicum,
1195 3864 1278 3918 nimi·

114 3981 167 4022 mm
193 3972 405 4041 minerelogiam
432 3977 461 4027 et
489 3970 646 4042 zoologiem
672 3970 802 4041 prodesse
827 3971 976 4028 videantur
999 3975 1029 4027 et
1050 3971 1084 4025 ad
1106 3970 1133 4024 S.
1157 3971 1280 4041 Congre-

114 4074 243 4140 gationem
262 4094 312 4147 pro
334 4076 544 4147 opportunitate
564 4078 687 4132 mittent.
708 4076 784 4132 Haec
806 4094 874 4132 vero
894 4078 934 4131 uti
957 4078 1117 4131 accuratius
1136 4094 1280 4132 asserven-

114 4177 160 4240 tur,
177 4178 202 4233 S.
220 4182 317 4238 eadem
338 4180 528 4251 congregatio
549 4185 733 4235 memoratum
757 4180 904 4235 Musaeum
926 4181 1097 4251 Borgianum
1116 4180 1146 4234 in
1167 4180 1280 4252 amplis·

112 4282 174 4341 sina
195 4287 340 4344 conclavia
364 4304 449 4359 penes
473 4290 564 4360 ipsum
587 4286 746 4359 Collegium
775 4288 920 4344 Urbanum
949 4288 1108 4360 nuperrime
1133 4290 1279 4346 transferri

112 4392 252 4449 cussit».
