3292 5109
490 302 534 347 os
558 301 698 349 runicus
722 302 987 351 accussmsrrcrs
1276 286 1338 351 221

156 413 262 493 licias,
298 418 373 503 quia
407 418 580 485 instruitur
610 418 651 483 ab
683 416 866 486 Ordinariis
896 440 940 486 ex
969 426 1126 507 potestate
1156 421 1343 504 apostolica

155 538 321 627 delegata.

251 664 396 750 Denique
412 667 437 731 si
455 666 513 732 Dei
529 648 646 732 servus
659 686 760 753 opera
775 668 1016 754 conscripserit,
1029 690 1094 735 non
1111 668 1148 736 fit
1161 669 1344 757 siynatura

156 790 417 867 commissionis,
435 792 502 858 nisi
524 796 621 857 antea
643 791 754 858 sedulo
777 799 810 859 et
833 794 919 859 omni
943 813 986 859 ex
1007 799 1102 881 parte
1124 792 1165 859 ad
1187 794 1342 859 trutinam

155 915 316 982 redactae
343 919 409 983 sint
434 918 663 1002 cuiuscumque
690 918 820 1003 generis
844 920 1035 1005 scripturae.
1062 954 1079 967 -
1104 918 1239 995 Quando
1262 939 1342 985 vero

155 1034 289 1120 signata
319 1040 368 1103 est
395 1036 585 1104 commissio
607 1036 870 1106 introductionis
893 1056 1032 1115 causac,
1056 1040 1115 1105 Dei
1139 1059 1254 1106 servus
1280 1041 1343 1105 iam
1420 1031 1425 1039 ’

154 1158 354 1228 honestatur
376 1162 470 1229 titulo
495 1157 711 1229 Venerabilis.

253 1287 329 1353 186.
352 1287 475 1375 Dignae
498 1293 574 1354 sunt
595 1308 678 1374 quae
701 1295 923 1357 memorentur
945 1289 1091 1355 cautelae
1106 1289 1146 1355 ab
1161 1289 1225 1355 hac
1241 1288 1340 1375 cong.

157 1409 325 1477 adhibitae
341 1412 374 1477 in
391 1414 594 1499 processibus
619 1414 794 1482 ordinariis
808 1414 862 1481 vel
878 1416 1062 1500 apostolicis
1078 1416 1214 1481 Romam
1237 1415 1343 1479 missis

156 1534 353 1620 aperiendis.
378 1539 480 1605 Actus
502 1540 588 1605 enim
611 1539 763 1607 solemnis
781 1558 802 1603 a
818 1540 953 1605 Notario
977 1544 1120 1626 rogatur,
1145 1559 1207 1624 quo
1231 1556 1342 1604 coram

157 1654 328 1723 Cardinali
355 1659 539 1736 Praefecto,
564 1661 710 1728 adstante
734 1660 825 1727 Fidei
850 1663 1043 1727 Promotore
1066 1666 1100 1729 et
1122 1660 1256 1727 testibus
1278 1663 1344 1727 rite

157 1781 381 1869 interrogatis,
405 1791 684 1871 recognoscuntur
707 1785 813 1872 sigilla
836 1790 869 1851 et
890 1785 1031 1851 iudicum
1055 1786 1274 1859 characteres,
1303 1804 1344 1849 eo

158 1906 296 1971 consilio
311 1910 347 1971 ut
365 1926 537 1993 processus
552 1910 586 1973 in
601 1927 740 1974 examen
764 1929 829 1975 non
853 1915 1036 1981 revocetur,
1053 1910 1115 1973 nisi
1136 1914 1262 1975 constet
1284 1929 1342 1994 ge·

159 2030 298 2096 nuinum
322 2050 393 2097 esse
415 2036 449 2098 st
471 2032 512 2099 ab
535 2033 623 2098 omni
647 2034 856 2120 corruptione
877 2034 1060 2099 immunem.

252 2154 328 2219 187.
344 2156 414 2220 Duo
428 2156 593 2241 praecipui
610 2156 853 2222 committuntur
865 2156 1049 2223 Ordinariis
1059 2136 1255 2223 'conficiendi
1270 2176 1342 2243 pro-

159 2298 272 2347 cessus
300 2280 484 2365 apostolici,
509 2279 679 2365 siquidem,
704 2300 777 2346 cum
800 2281 931 2366 primis,
956 2280 1079 2347 duobus
1102 2280 1343 2366 quaestionibus

159 2403 423 2470 satisfaciendum
441 2410 499 2471 est.
525 2404 588 2471 Sed
604 2409 640 2471 ui
653 2425 709 2471 res
724 2405 814 2471 clare
831 2405 1012 2491 explicetur
1035 2405 1252 2493 distinguendi
1267 2412 1344 2475 sunt

159 2526 249 2591 servi
273 2524 331 2591 Dei
354 2526 408 2611 qui
435 2525 652 2609 consessores
674 2527 880 2614 appellantur
903 2548 923 2592 a
944 2527 1167 2613 Martytibus.
1191 2525 1239 2593 De
1262 2528 1341 2595 Con·

160 2648 340 2715 sessoribus
357 2647 582 2734 inquirendum
602 2654 652 2715 est
666 2669 708 2715 an
723 2650 861 2716 virtutes
877 2651 1087 2715 exercuerint
1101 2650 1139 2715 in
1152 2652 1269 2737 produ
1284 2650 1341 2716 he·
1450 2679 1453 2686 ’

158 2771 274 2838 raico:
304 2773 372 2839 huc
401 2792 517 2860 nempe
547 2774 650 2839 tendit
679 2776 786 2861 potior
816 2795 987 2861 processus
1021 2775 1225 2861 apostolicus.
1251 2774 1342 2840 -De

160 2895 364 2983 Martyribus
395 2902 501 2963 antem
526 2898 672 2965 formalis
694 2900 859 2984 inquisitio
882 2896 919 2967 flt
941 2899 981 2966 de
1004 2902 1163 2986 martyrio
1188 2905 1220 2965 et
1242 2920 1341 2965 cansa

159 3022 322 3110 martyrii,
346 3026 382 3088 ut
404 3026 530 3091 constet
559 3023 623 3089 hoc
649 3043 838 3111 perpessum
865 3025 966 3091 inisse
988 3024 1203 3090 inhonorem
1226 3024 1285 3091 Dei
1308 3031 1343 3092 et

160 3146 399 3213 attestationem
422 3165 523 3213 verae
546 3147 742 3233 Religionis;
762 3146 872 3215 «ticet
895 3148 997 3214 etiam
1020 3148 1190 3233 eapediat
1214 3151 1260 3215 ait
1282 3152 1341 3216 Be

159 3269 307 3337 nedictus
331 3272 426 3346 XIV,
451 3291 505 3355 op.
530 3271 583 3337 cit.
608 3271 663 3338 tib.
682 3273 709 3347 I,
734 3292 761 3339 c.
782 3273 843 3345 27,
866 3293 901 3337 n.
925 3273 960 3348 2,
985 3272 1101 3358 aliqua
1125 3273 1275 3340 inserere
1298 3273 1342 3340 de

159 3396 349 3473 eructas,
374 3366 452 3465 cain
484 3397 623 3481 facilius
652 3399 876 3483 pronuntiata
904 3399 1014 3484 possa
1042 3400 1085 3466 ue
1114 3401 1282 3487 martyreo
1309 3406 1341 3468 a

160 3542 268 3591 catara
289 3524 464 3611 martyrii,
488 3524 518 3591 si
541 3543 662 3591 aarum
691 3526 784 3592 notio
813 3525 979 3592 habeatur
998 3547 1028 3591 ›.
1054 3526 1146 3592 Alius
1169 3546 1342 3612 processus

159 3646 340 3713 instituitur
351 3646 391 3712 ad
407 3644 645 3733 comprobanda
656 3647 822 3721 miracula,
837 3667 919 3732 quae
933 3648 1030 3713 alteo
1046 3652 1175 3734 patrata
1190 3649 1342 3715 dicuntur

160 3772 194 3835 in
217 3774 433 3839 ostensionem
457 3771 647 3837 excellentis
670 3773 850 3839 sanctitatis
873 3773 921 3837 sui
944 3769 1047 3837 fidelis
1070 3773 1167 3837 servi.

252 3898 326 3962 188.
361 3896 610 3965 constitutiones
648 3895 838 3963 Pontificiae
874 3917 938 3962 non
972 3896 1232 3964 determinarunt
1263 3902 1344 3982 quot
1379 3873 1381 3877 Ι

159 4021 320 4087 miracula
342 4021 597 4107 expostulentur,
622 4025 657 4087 ai
678 4020 837 4087 hodierna
859 4022 971 4108 praxis
994 4027 1052 4096 est,
1077 4021 1265 4108 iampridem
1289 4024 1340 4088 in-

142 4122 271 4219 recta,
301 4145 363 4210 duo
386 4142 536 4212 sufficere
566 4144 725 4213 miracula
746 4152 814 4213 tum
837 4167 897 4233 pro
921 4145 1163 4213 Beatificatione
1185 4154 1252 4213 tum
1279 4167 1340 4233 pro

160 4268 412 4334 canonizatione
442 4265 656 4333 decernenda.
692 4268 730 4333 In
762 4270 959 4353 propositum
989 4268 1073 4333 haec
1099 4267 1198 4335 habet
1233 4270 1339 4333 Bene-

160 4390 263 4459 dictus
277 4392 371 4465 XIV,
386 4410 440 4475 ep.
457 4390 510 4458 cit.
535 4391 591 4457 tic.
606 4392 635 4468 I,
661 4412 734 4476 cap.
752 4392 813 4469 22,
838 4413 871 4458 aa.
889 4392 951 4457 10:
970 4414 989 4457 ι
1005 4392 1097 4468 Quod
1119 4412 1199 4459 vero
1223 4393 1340 4460 attinet
