3292 5109
467 292 511 339 ns
540 292 680 341 runicus
711 292 977 340 uccnssrssrrcrs
1246 274 1315 339 445

131 417 294 484 fructibus
316 416 490 499 beneficiis,
517 419 544 483 si
570 419 613 483 sit
635 417 677 483 ad
700 417 779 483 duos
806 418 861 482 vel
883 418 926 483 ad
952 424 1018 483 tres
1042 418 1124 490 dies,
1154 422 1203 483 est
1225 418 1312 482 enirn

131 543 263 617 mulcta;
283 543 336 607 vel
353 541 393 606 ab
408 540 685 608 administratione
700 538 848 606 beneficii
871 540 912 605 ad
936 538 1036 607 breve
1051 546 1185 625 tempus.
1205 576 1222 589 -
1242 540 1314 605 lus·

131 687 203 731 sum
225 664 403 751 peragendi
425 665 606 750 spiritualia
628 667 797 737 exercitia,
814 666 919 749 potius
937 666 981 730 uti
996 664 1187 730 remedium
1207 682 1311 747 prue-

130 792 304 858 oentiuum
323 790 438 857 haberi
460 789 564 864 debet,
581 810 644 856 nec
659 792 745 855 inter
760 809 881 876 poenas
897 806 1015 874 graves
1031 788 1196 854 recenseri
1212 787 1311 853 valet.

220 914 348 979 Exinde
371 915 524 981 Vicarius
543 915 713 979 Generalis
738 918 842 1000 potest
856 914 1118 979 animadvertere
1140 913 1173 976 in
1199 912 1313 976 curiae

131 1038 306 1108 Officiales.
324 1042 420 1105 etiam
440 1041 588 1105 Notarios
612 1044 645 1105 et
668 1039 888 1106 cancellarios
912 1041 939 1104 si
961 1058 1026 1103 non
1043 1038 1244 1103 satisfaciant
1266 1034 1313 1100 oi-

128 1165 220 1240 ficio;
244 1172 278 1231 et
300 1186 355 1231 eos
384 1167 431 1231 uti
454 1166 620 1230 inidoneos
644 1164 822 1251 reprobare
846 1171 879 1231 et
902 1164 941 1230 ab
970 1162 1075 1230 officio
1099 1161 1312 1248 suspendere,

128 1294 175 1357 ita
198 1292 379 1356 Leurenius
402 1292 424 1357 l.
441 1312 469 1357 c.
486 1310 516 1376 q.
534 1290 603 1356 150
625 1296 659 1355 et
682 1292 855 1376 Fagnanus
879 1290 915 1355 in
939 1290 960 1353 l.
978 1290 1030 1355 cit.
1048 1308 1082 1353 n.
1100 1285 1151 1353 31.
1171 1322 1188 1333 -
1208 1286 1313 1352 Causa

128 1418 264 1503 gravior
287 1422 372 1482 esset
394 1417 421 1481 si
444 1420 601 1501 ageretur
624 1415 663 1480 de
686 1416 834 1481 absoluta
858 1416 1044 1481 remotione.

219 1542 295 1607 341.
321 1542 521 1627 Principium
544 1561 615 1609 non
645 1542 725 1606 dari
755 1540 1065 1623 appellationema
1098 1538 1232 1605 Vicario
1265 1540 1312 1604 ud

127 1668 348 1751 Episcopum,
371 1668 418 1734 iu
441 1664 685 1751 intelligendum
709 1671 777 1740 est;

223 1793 254 1878 1)
277 1793 347 1857 Non
379 1797 474 1877 urget
503 1792 567 1856 hoc
595 1792 798 1877 principium,
823 1790 950 1875 quando
985 1792 1131 1857 Vicarius
1162 1790 1311 1876 procedit

129 1917 182 1982 uti
212 1916 395 2002 detepalus.
422 1915 557 1999 inquam
586 1949 604 1961 -
627 1915 678 1979 uti
708 1914 903 2000 delepatus5
936 1950 953 1963 ·
986 1914 1043 1980 sed
1073 1934 1133 1999 per
1162 1914 1313 1997 simplem

126 2041 334 2107 mandatum
356 2041 502 2125 speciale
525 2060 590 2107 non
613 2040 820 2106 constituitur
831 2039 1012 2125 delegatus,
1030 2040 1209 2124 requiritur
1225 2041 1310 2104 enim

129 2165 335 2232 mundatum
358 2166 579 2251 deteputionis
601 2185 674 2249 qua,
699 2170 799 2231 entra
822 2165 1092 2231 commissionem
1118 2163 1311 2231 Vicariutus

127 2295 302 2382 poneretis
322 2294 377 2359 vel
400 2292 569 2375 specialis,
595 2294 805 2357 committitur
827 2291 956 2376 aliquod
979 2294 1151 2378 negotium,
1174 2313 1239 2357 non
1262 2294 1309 2357 uti

127 2416 275 2486 vicario,
300 2414 356 2480 sed
380 2416 425 2480 uti
450 2414 607 2500 delegato.

218 2537 252 2623 2)
276 2539 306 2603 A
329 2539 498 2605 Sententia
519 2538 776 2606 interlocutoria
803 2540 929 2605 Vinarii
952 2540 1135 2625 appellatur
1164 2538 1206 2604 ad
1231 2540 1311 2623 Epi·

127 2681 279 2749 scopum;
303 2682 379 2727 nam
402 2664 594 2728 sententiam
616 2662 910 2730 interlocutoriam
938 2684 1031 2748 quam
1063 2666 1131 2749 ipse
1155 2664 1184 2729 V
1189 2664 1311 2729 icarius

127 2788 308 2873 corrigere,
328 2786 515 2853 rescindere
540 2789 635 2869 valet,
652 2788 738 2853 hanc
762 2795 794 2853 et
809 2790 988 2873 Episcopus
1011 2794 1116 2874 potest
1139 2788 1312 2875 corrigere

125 2913 180 2977 vel
206 2913 404 2978 rescindere.

218 3036 253 3123 3)
277 3037 385 3113 Quare
408 2998 601 3124 prohibetur
623 3037 796 3123 appellatio
819 3057 839 3102 a
862 3039 1021 3103 sententia
1044 3035 1219 3109 definitiva,
1237 3039 1310 3102 sive

126 3163 283 3229 iudiciali
305 3164 373 3228 sive
396 3162 661 3234 enotroiudiciuti‚
686 3161 766 3227 adeo
791 3167 826 3226 ut
847 3182 909 3227 nec
932 3162 1003 3227 dari
1026 3164 1124 3247 possit
1141 3162 1310 3229 contraria

127 3288 325 3354 consuetudo
357 3307 402 3353 eu
432 3308 506 3370 cup.
531 3286 612 3354 Non
634 3292 809 3370 putemus.
833 3286 883 3353 De
912 3292 1057 3355 consuet.
1082 3286 1167 3353 ind
1198 3266 1236 3371 (l,
1262 3286 1307 3373 2).

127 3413 265 3494 Inquam
288 3446 306 3459 -
329 3412 400 3477 siue
423 3411 679 3477 culraiudioiuti
702 3448 718 3461 -
744 3431 820 3476 uam
844 3416 918 3478 acta
941 3412 1038 3477 etiam
1058 3411 1309 3477 eutruiudicia-

128 3533 177 3600 na
200 3535 371 3601 aVicario
394 3537 498 3620 posita
519 3555 585 3600 non
608 3552 702 3602 secus
717 3537 828 3602 valent
850 3556 889 3602 ac
912 3541 1004 3622 gesta
1028 3540 1136 3601 essent
1161 3534 1200 3600 ab
1232 3536 1309 3620 Epi-

126 3676 237 3743 scopo;
253 3664 285 3723 et
307 3659 385 3723 hinc
407 3678 473 3724 non
488 3658 668 3726 admittitur
691 3660 864 3745 appellatio
879 3660 919 3725 ad
940 3661 1134 3745 Episcopum
1153 3658 1311 3724 adversus

126 3780 213 3847 haec
235 3787 318 3847 acta.

218 3908 252 3995 4)
276 3910 338 3976 Sed
366 3910 441 3993 quid
465 3911 544 3975 iuris
568 3909 607 3975 de
630 3929 773 3976 recursu
800 3930 858 3975 seu
887 3908 1133 3993 supplicatione
1166 3907 1206 3973 ad
1231 3908 1309 3993 Epi-

125 4056 259 4121 scopum
282 4034 440 4100 adversus
470 4035 663 4099 sententiam
687 4032 834 4098 Vicariit
865 4068 882 4080 -
912 4035 1060 4097 lamvero
1093 4033 1167 4115 quia
1197 4031 1310 4097 funda-

126 4158 269 4223 mentale
292 4164 350 4231 est,
373 4176 552 4223 recursum
574 4177 645 4225 non
668 4156 805 4222 admitti
828 4156 887 4241 qui
918 4155 1129 4239 nequinateat
1152 4156 1310 4237 appelta-

128 4282 225 4356 tioni,
250 4277 428 4349 admittitur
450 4286 574 4347 tanturn
668 4286 673 4294 '

219 4407 254 4491 a)
276 4424 437 4472 recursus
459 4424 517 4469 seu
539 4405 742 4489 supplicatio
772 4426 833 4491 pro
858 4405 1064 4471 extenuanda
1092 4424 1150 4471 seu
1182 4404 1310 4491 penitus
