3292 5109
323 274 367 342 82
843 297 926 344 raas
951 296 987 342 11.

322 434 362 483 ea
382 420 492 481 tamen
516 411 698 480 differentia
722 418 807 483 intra
832 416 954 482 dictum
983 415 1126 483 tribunal
1150 418 1254 481 Rotae
1278 423 1310 481 et
1333 416 1417 481 istud
1441 416 1504 482 Ga·

321 558 441 612 merae,
456 538 538 623 quod
561 541 594 603 in
619 539 702 604 Rota
725 558 843 605 causae
870 540 1106 605 distribuuntur
1121 535 1202 605 'cum
1226 538 1503 605 commissionibus

321 662 488 746 utriusque
511 658 705 747 Signaturae
729 663 862 729 Gratiae
885 662 939 727 vel
970 662 1114 727 Iustitiae
1144 682 1185 727 aa
1215 668 1389 748 propterea
1416 662 1503 727 idem

321 785 462 853 tribunal
486 784 630 852 subiacet
660 785 807 870 praelato
831 784 998 851 Tribunali
1027 786 1220 873 Signaturae
1244 786 1388 850 Iustitiae
1412 786 1505 851 circa

320 913 448 979 modum
483 912 701 978 committendi
736 920 768 977 et
803 911 1003 978 rescribendi
1098 910 1178 975 adeo
1202 917 1237 975 ut
1261 913 1329 976 eius
1353 912 1504 975 Deaanas

210 1111 216 1121 ⁸
320 1040 416 1105 aliam
431 1058 496 1103 non
517 1036 633 1103 lrabeat
655 1041 846 1123 potestatem
862 1039 924 1101 nisi
940 1035 1146 1121 subrogandi,
1163 1036 1247 1101 istud
1262 1055 1342 1099 vero
1358 1034 1504 1100 tribunal

320 1160 500 1247 (Gamerae)
524 1159 623 1223 habet
645 1156 692 1245 (ut
714 1160 906 1245 pragmatici
927 1157 1048 1242 dieunt)
1065 1156 1290 1243 Sipaataram
1313 1156 1350 1219 ia
1373 1161 1501 1230 uenire,

319 1284 402 1350 idest
424 1284 506 1370 quod
530 1304 593 1349 non
619 1282 762 1349 subiacet
785 1284 978 1368 Signaturae
1008 1283 1153 1347 Iustitiae
1182 1252 1287 1365 aeque
1315 1279 1385 1345 eius
1409 1283 1504 1346 iuris·

320 1404 415 1473 diatio
439 1407 557 1492 pendet
580 1428 599 1471 a
622 1405 897 1471 commissionibus
923 1426 1100 1490 earumque
1123 1406 1230 1471 forma
1248 1427 1280 1469 ›.

409 1531 461 1597 83.
487 1531 622 1597 Clericis
638 1528 793 1595 Gamerae
816 1550 882 1593 non
905 1532 951 1595 uti
975 1530 1113 1615 collegio
1137 1528 1193 1594 sed
1210 1529 1255 1593 uti
1271 1528 1409 1613 singulis
1424 1530 1503 1591 iam·

319 1658 444 1743 pridem
478 1658 626 1742 delegata
659 1656 791 1723 luerunt
826 1658 1019 1742 gravissima
1049 1658 1159 1723 munia
1190 1658 1280 1719 circa
1302 1656 1445 1739 politiam
1470 1660 1505 1719 et

319 1782 587 1867 gubernationem
612 1782 724 1857 Urbis;
750 1782 836 1846 unde
868 1782 1002 1865 quisque
1025 1783 1058 1845 in
1083 1781 1146 1845 hac
1169 1781 1301 1865 speciali
1331 1781 1505 1865 provincia

318 1900 459 1973 iudiciali
475 1911 633 1991 potestate
646 1926 720 1971 usus
733 1910 782 1969 est
796 1924 871 1969 uum
888 1905 990 1968 mixto
1002 1910 1035 1970 et
1046 1924 1138 1969 mero
1158 1905 1292 1989 imperio
1317 1905 1503 1968 coniuncta.

320 2031 412 2095 Haeo
435 2048 569 2095 munera
602 2028 705 2092 refert
728 2027 821 2093 Gard.
849 2028 1008 2093 Petraia
1032 2026 1285 2093 commentariis
1307 2025 1348 2091 ad
1372 2025 1503 2091 Bullam

320 2156 457 2242 Eugenii
472 2154 522 2221 IV
539 2155 633 2220 later
648 2160 783 2219 caetera
802 2155 892 2217 aiens
907 2173 941 2217 a.
959 2152 1076 2236 3seq..·
1095 2174 1113 2214 ‹
1130 2151 1267 2218 Redolet
1290 2171 1416 2236 quoque
1432 2153 1503 2217 eius

320 2279 502 2345 'tribunalis
537 2279 791 2363 praeeminentia
822 2283 974 2360 tempore
1003 2277 1094 2342 sedis
1123 2277 1292 2358 vacuatis,
1318 2298 1391 2341 aum
1414 2279 1504 2341 inter

319 2402 447 2469 eosdem
478 2402 614 2466 elericos
644 2400 879 2465 distribuantur
911 2419 1048 2466 munera
1074 2420 1134 2484 pro
1157 2400 1302 2465 custodia
1326 2400 1443 2465 Palatii
1470 2407 1504 2464 et

319 2528 450 2593 Aerarii
484 2522 661 2601 Pontifioii;
690 2531 721 2590 et
752 2525 1005 2590 iurisdictionem
1036 2525 1157 2590 habent
1190 2527 1251 2611 ipsi
1281 2526 1318 2590 iri
1341 2525 1504 2608 plumbus

318 2650 453 2735 oppidis
478 2649 592 2715 Status
615 2650 807 2733 Ecclesiaa5
832 2656 864 2715 et
888 2650 1015 2713 demum
1039 2652 1113 2732 quia
1136 2652 1222 2713 inter
1246 2650 1331 2733 ipsos
1362 2650 1503 2716 elericos

318 2774 466 2840 distribui
482 2776 712 2839 continuarunt
729 2773 967 2837 Praefecturae
985 2774 1153 2845 Aurorae,
1170 2772 1336 2845 Grasoiae‚
1351 2771 1501 2845 Viarum.

319 2901 495 2983 aquarum,
520 2898 675 2978 Zeaohae,
702 2898 803 2982 Ripae
828 2902 861 2962 et
883 2897 967 2961 aliae
990 2916 1072 2980 quae
1097 2894 1269 2962 efformant
1290 2896 1419 2982 singula
1441 2898 1503 2961 tri-

224 3097 228 3107 ,
317 3025 457 3105 bunalia,
475 3029 507 3091 et
519 3004 650 3089 ridetur
673 3028 740 3089 tota
762 3022 846 3089 Urbs
862 3022 902 3087 ab
928 3022 968 3087 iis
983 3021 1171 3107 gubernari,
1196 3040 1342 3105 quaeque
1364 3039 1504 3086 munera

318 3150 444 3235 potiora
474 3148 688 3214 coinferuntur
711 3168 731 3211 a
754 3146 885 3213 Summo
909 3143 1089 3220 Pontifiae;
1117 3144 1275 3209 inferiora
1298 3166 1358 3230 per
1381 3150 1501 3210 sortem

318 3276 352 3339 in
375 3276 480 3361 prima
503 3293 633 3337 camera
657 3271 799 3357 quolibet
819 3292 905 3335 anno
922 3294 953 3336 ».
976 3271 1150 3337 Ordinarie
1165 3291 1186 3335 a
1201 3271 1369 3335 sententiis
1384 3270 1503 3335 horum

317 3399 524 3466 tribunalium
549 3398 644 3462 datur
667 3397 839 3483 appellatio
864 3397 1074 3479 adplosam
1102 3396 1293 3461 Carnorum.

410 3524 587 3589 Praeterea
610 3542 675 3587 non
698 3523 810 3587 alerici
836 3523 994 3587 Gamerae
1017 3518 1074 3585 sed
1098 3520 1300 3594 Gamerales‚
1326 3524 1436 3605 utpote
1460 3519 1503 3583 ab

318 3646 452 3713 exordio
480 3668 497 3713 e
521 3647 658 3713 Gamera
692 3648 920 3731 provenientes
956 3650 989 3709 et
1024 3644 1066 3708 ad
1098 3644 1267 3709 Camenam
1290 3645 1501 3728 pertinentes,

318 3774 394 3837 sunt
408 3770 556 3837 Auditor
574 3770 738 3836 Gamerae
755 3768 982 3852 Apostolieae,
1018 3767 1331 3833 llice-Camerarius
1353 3766 1503 3850 idemque

323 3892 538 3960 Gubernator
566 3892 663 3959 Urbis
682 3890 728 3977 (l)
753 3898 786 3956 et
815 3890 1068 3955 Tbesaararias
1094 3889 1280 3955 Generalis.
1309 3890 1352 3954 Hi
1384 3891 1504 3975 singuli

409 4085 448 4157 (l)
467 4086 548 4157 Apud
567 4086 654 4155 ipsam
673 4086 818 4139 Cameram
841 4085 921 4138 adest
938 4083 1059 4137 officium
1072 4082 1251 4137 Thesaurarii
1269 4100 1318 4138 sea
1334 4083 1503 4153 Depositarii

320 4192 433 4260 Socrati,
451 4193 499 4263 qui
518 4190 570 4247 hoa
589 4192 699 4245 nomine
718 4191 902 4260 distinguitur
916 4206 933 4254 a
947 4188 1134 4242 Thesaarario
1153 4188 1291 4244 Generali.
1311 4190 1364 4243 llio
1376 4188 1503 4243 Thesea·

320 4301 409 4355 rariue
434 4306 528 4357 autem
545 4317 563 4353 a
581 4300 659 4354 Gard.
680 4300 839 4353 Camerario
866 4299 981 4369 eiusque
1008 4298 1142 4352 tribunali
1166 4298 1376 4353 discriminatur
1393 4301 1446 4353 sub
1469 4316 1504 4355 eo

319 4409 455 4475 respectu,
465 4422 519 4477 quo
538 4404 619 4459 hodie
633 4406 663 4458 iu
676 4404 797 4473 politicis
816 4400 1070 4457 Constitutionibus
1088 4401 1161 4456 alius
1176 4403 1346 4457 administer
1358 4404 1503 4458 Thesauro
