3292 5109
304 226 370 292 456
832 246 915 293 raus
940 248 976 293 11.

306 365 398 431 -Sed
415 368 517 451 ipsum
532 386 648 431 munus
664 366 944 434 administratoris
959 369 1134 454 Apostolici
1151 374 1258 433 certas
1275 368 1372 433 habet
1390 388 1491 453 regu-

301 490 359 561 las,
369 490 458 573 quasi
471 489 736 562 fundamentales,
746 490 860 574 quibus
873 492 1020 555 innititur
1032 496 1065 556 et
1077 492 1136 556 has
1149 492 1316 576 explicare
1329 497 1489 577 praestat.

392 615 541 680 Iamvero
556 616 609 680 hic
626 615 725 680 cardo
741 622 790 682 est
808 618 950 681 omnium
967 618 1200 700 quaestionum,
1217 618 1372 681 nimirum
1388 616 1493 683 Vica-

302 735 387 799 riurn
403 755 460 801 seu
477 736 631 802 Adminis.
649 737 867 820 Apestolicum
884 742 1043 822 potestate
1067 738 1139 803 frui·
1157 737 1325 803 ordinaria
1340 758 1397 803 seu
1413 738 1493 823 pol-

302 861 372 925 lere
385 862 566 947 Episcopali
579 868 745 948 potestate,
759 883 854 947 quam
871 865 938 948 ipse
956 870 1089 929 exercet
1105 866 1137 927 in
1155 866 1224 951 ipso
1239 866 1394 929 tribunali
1410 868 1495 951 Epi·

303 988 400 1069 scopi.
428 1022 445 1034 ·
471 989 706 1071 Consequentia
729 989 823 1052 huius
847 990 997 1073 principii
1021 995 1079 1063 est,
1095 990 1345 1075 appellationem
1370 991 1492 1056 aVic.

304 1132 361 1177 seu
377 1113 533 1178 Adminis.
553 1113 746 1198 Apostolico,
764 1113 817 1197 qui
834 1113 1005 1179 dioecesim
1028 1114 1241 1189 administrat,
1258 1117 1329 1181 dari
1354 1116 1394 1181 ad
1420 1118 1494 1183 Me·

303 1235 541 1319 trepolitanum.
573 1238 713 1302 Daretur
735 1256 814 1301 vero
837 1240 1023 1303 necessario
1046 1238 1221 1323 appellatio
1252 1238 1292 1303 ad
1320 1239 1351 1305 S.
1378 1240 1493 1304 Ponti·

302 1356 406 1433 ficem,
431 1362 457 1425 si
481 1362 661 1427 huiusmodi
684 1363 716 1426 V
718 1363 758 1427 ic.
783 1368 869 1427 essct
891 1364 981 1447 quasi
1010 1362 1107 1428 iudex
1131 1361 1306 1448 delegatus.
1332 1360 1381 1429 Cf.
1408 1362 1493 1427 Pel-

303 1484 432 1569 legrini‚
457 1506 510 1567 op.
534 1488 586 1551 cit.
612 1487 652 1550 P.
679 1488 705 1558 1,
730 1485 839 1553 Sentio
873 1488 926 1551 VI.

392 1610 468 1675 353.
483 1613 557 1676 Vie.
569 1631 627 1676 seu
640 1611 795 1677 Adminis.
809 1613 1013 1698 Apostolicus
1029 1614 1082 1696 qui
1096 1614 1177 1679 Sede
1191 1614 1288 1699 plena
1299 1600 1491 1697 deputatur,

303 1734 405 1801 efficit
423 1742 459 1801 ut
474 1738 650 1823 Episcopus
672 1739 884 1823 prohibeatur
899 1738 939 1803 ab
956 1739 1142 1803 exercenda
1161 1741 1248 1804 ornni
1265 1739 1494 1805 iurisdictione

302 1860 355 1924 vel
367 1861 480 1925 saltem
493 1862 533 1926 ab
545 1882 585 1926 ea
597 1862 825 1927 iurisdictionis
836 1869 938 1948 parte,
949 1864 1107 1946 proculus
1120 1865 1278 1927 exercitio
1288 1864 1361 1927 Vie.
1372 1864 1492 1947 Apost.

303 1985 482 2053 destinatus
505 1987 574 2051 fuit.
601 2023 619 2035 ·
641 1988 783 2052 Bizaarri
807 1988 840 2052 in
865 1988 916 2053 cii.
939 1986 1151 2053 Colleciaaea
1171 2007 1253 2073 pap.
1278 1988 1363 2061 229,
1381 1988 1494 2051 refert

303 2131 401 2175 unam
429 2108 658 2197 Capsitaqaea.
675 2150 692 2161 -
709 2114 777 2178 diei
799 2112 850 2177 27
873 2114 993 2178 Martii
1017 2114 1111 2179 1580
1129 2149 1147 2161 -
1172 2113 1231 2179 sub
1255 2115 1318 2180 bac
1337 2112 1492 2180 rubrica:

306 2257 325 2296 a
349 2236 538 2318 Episcopus
560 2256 595 2301 se
610 2238 767 2321 inperare
788 2237 929 2303 inimme
940 2242 1050 2321 potest
1072 2238 1109 2302 ia
1135 2238 1307 2324 repimiae
1326 2238 1493 2305 dioecesis
1621 2314 1622 2325 ἵ

304 2380 382 2424 cam
414 2360 567 2426 Vicarias
590 2362 801 2444 Apostolicas
825 2362 1007 2443 deputatas
1028 2362 1134 2444 faerit
1156 2382 1187 2425 r».
1214 2364 1251 2426 In
1275 2362 1392 2427 litteris
1412 2362 1493 2447 Epi-

304 2504 401 2569 scopo
414 2483 631 2569 Caputaquen.
645 2484 725 2548 datis
740 2484 860 2555 italice,
878 2484 1059 2551 advertitur
1075 2486 1148 2551 Vic.
1167 2487 1397 2570 Apostolicum
1414 2505 1493 2552 esse

302 2607 441 2672 Domini
459 2608 579 2690 Papae
595 2606 854 2681 Adaiiaisiraaa
872 2607 926 2673 cui
949 2608 1127 2674 commissa
1143 2613 1191 2673 est
1207 2628 1292 2674 cara
1313 2609 1491 2675 Ecclesiae

306 2730 539 2814 Caparapaea.
561 2738 591 2795 et
615 2730 693 2796 iriae
714 2731 923 2813 Episcopum
955 2751 1025 2798 aea
1043 2750 1145 2813 posse
1168 2752 1204 2798 se
1226 2733 1417 2799 immiscere
1450 2733 1491 2796 ia

303 2855 473 2921 Ecclesiae
495 2855 776 2941 pabemaiioaem
807 2860 840 2920 et
868 2854 1043 2937 imperare
1068 2854 1200 2921 Vicario
1234 2856 1333 2940 quasi
1366 2856 1419 2921 bic
1443 2856 1491 2922 ab
1538 2920 1541 2924 .

304 2981 472 3063 Episcopo
492 2984 658 3064 penderet
688 2988 719 3047 et
746 3001 817 3047 aaa
840 2978 1031 3045 immediate
1056 2998 1078 3043 a
1106 2979 1140 3044 S.
1165 2979 1337 3064 Pontifice.
1356 3014 1374 3029 ·
1400 2980 1491 3045 Sane

304 3108 337 3169 in
360 3104 423 3170 hoc
447 3103 554 3170 dillert
577 3108 650 3171 Vic.
676 3106 847 3171 Generalis
871 3104 1021 3188 Episcopi
1045 3124 1065 3167 a
1088 3104 1160 3169 Vic.
1186 3104 1390 3188 Apostolico;
1410 3106 1490 3187 quia

305 3230 359 3294 ille
383 3230 530 3296 obtinens
560 3230 755 3295 ordinariam
784 3230 938 3314 Episcopi
966 3232 1174 3313 potestatem,
1199 3226 1239 3291 ab
1270 3225 1382 3291 eodem
1413 3227 1494 3312 Epi·
1621 3286 1622 3313 3

303 3371 401 3435 scopo
425 3354 623 3426 constitutus,
643 3350 684 3414 ab
709 3371 746 3414 eo
770 3351 891 3435 pendet
913 3351 948 3414 in
971 3349 1129 3413 exercitio
1145 3348 1372 3415 eumalativae
1394 3348 1493 3412 iuris·

303 3475 467 3548 dictionis;
486 3494 529 3538 ex
544 3474 681 3538 adverso
698 3473 769 3538 Vic.
787 3474 991 3558 Apostolicus
1007 3492 1027 3535 a
1043 3472 1133 3556 Papa
1149 3470 1328 3555 deputatus,
1346 3475 1381 3535 ut
1397 3472 1492 3536 vices
1621 3446 1622 3511 l

303 3601 454 3685 Episcopi
478 3600 632 3685 suppleat,
657 3600 801 3682 quamvis
831 3617 897 3663 nen
921 3597 1039 3662 habeat
1069 3597 1251 3682 delegatam
1281 3601 1489 3680 potestatem,

303 3730 411 3789 tamen
434 3743 526 3788 suum
549 3744 663 3788 munus
687 3722 809 3787 obtinet
829 3726 909 3786 nutu
934 3722 1041 3806 Papae
1065 3724 1098 3785 et
1121 3718 1271 3805 prohibet
1291 3719 1493 3804 Episcopum

303 3847 343 3912 ab
367 3848 524 3912 exercitio
540 3848 591 3911 vel
616 3848 787 3911 universae
802 3845 855 3909 vel
871 3846 1008 3911 alicuius
1033 3847 1135 3930 partis
1158 3844 1402 3930 gubernationis
1427 3843 1494 3909 Ec·

305 3973 432 4053 clasiae,
456 3974 547 4036 iuxta
570 3972 687 4036 limites
711 3970 926 4054 deputationis
951 3968 1006 4055 (l).

395 4255 433 4323 (l)
456 4253 534 4309 Unde
553 4271 638 4324 quum
657 4253 740 4307 Sedes
760 4270 859 4307 vacare
879 4252 1004 4321 incipiat,
1018 4258 1106 4307 morte
1124 4252 1251 4322 Episcopi
1270 4256 1320 4307 aut
1338 4252 1395 4305 alia
1414 4250 1489 4320 legi·

304 4363 374 4415 tima
394 4361 428 4415 de
449 4376 539 4424 caussa,
559 4376 614 4412 nou
634 4359 814 4412 constituitur
835 4357 963 4411 Vicarius
983 4356 1163 4427 Capitularis.
