3292 5109
333 284 398 351 152
859 312 945 361 raas
967 310 1006 359 ιι.

328 428 443 515 ligioso
466 449 580 497 sacrae
601 432 761 501 missionis
777 435 949 520 pastoralis
964 436 1146 503 sollicitudo
1162 456 1227 503 non
1243 442 1293 503 est
1307 435 1506 507 demandata
1602 467 1609 520 ‚¹

329 551 502 637 deputatur
523 555 677 633 Vicarius
701 542 905 643 Apostolicus
927 579 948 625 a
973 559 1068 625 Rom.
1093 558 1260 635 Pontifice,
1282 561 1417 646 praevia
1437 564 1507 651 tan·

329 678 396 740 tum
420 676 697 745 commendatione
719 689 752 746 et
775 680 1012 748 consultatione
1035 680 1131 748 huius
1154 682 1185 749 S.
1208 682 1487 767 Congregationis.

420 799 450 887 c)
474 800 637 872 Praefecti
660 805 839 892 Apostolici
863 806 1029 892 eliguntur
1051 826 1072 872 a
1092 805 1187 875 Gard.
1203 803 1379 871 Praefecto
1402 804 1509 871 habita

329 924 562 992 consultatione
586 928 619 992 in
642 929 868 1014 congressibus
892 929 1068 995 ordinariis
1092 948 1166 995 cum
1182 928 1375 995 Secretariis
1390 932 1425 994 et
1439 927 1508 991 aliis

330 1045 545 1127 officialibus
569 1052 645 1135 quin
669 1056 888 1119 necessarium
915 1055 958 1120 sit
980 1061 1090 1120 votum
1113 1054 1215 1141 (long.
1239 1054 1421 1121 Generalis.

419 1171 455 1257 d)
477 1174 607 1258 Aliquid
631 1176 771 1261 speciale
798 1176 922 1243 obtinet
952 1178 1056 1262 quoad
1081 1178 1294 1243 Patriarcbas
1321 1179 1509 1243 constitutos

329 1297 361 1359 in
384 1296 464 1363 locis
486 1272 637 1365 subiectis
661 1298 693 1365 S.
711 1299 810 1385 Gong.
828 1299 868 1366 de
889 1300 989 1387 Prop.
1008 1300 1096 1366 Fide.
1121 1301 1202 1366 Nam
1225 1299 1260 1364 bi
1282 1299 1449 1385 eliguntur
1470 1296 1508 1363 ab

328 1422 495 1508 Episcopis
517 1424 657 1491 nationis
680 1426 732 1491 cui
751 1422 970 1491 Patriarohae
994 1426 1169 1512 pertinent,
1191 1428 1224 1490 in
1247 1422 1414 1510 Synodum
1439 1441 1510 1489 con·

328 1544 486 1629 gregatis:
510 1552 584 1611 acta
606 1547 773 1615 electionis
797 1546 936 1613 Romam
962 1550 1135 1616 mittuntur
1149 1568 1210 1635 pro
1229 1548 1374 1633 legitima
1396 1544 1510 1612 conflr-

330 1669 482 1744 matione;
506 1668 581 1735 dein
597 1669 713 1736 electio
729 1671 960 1758 promulgatur
980 1674 1012 1737 in
1029 1672 1226 1738 consistorio
1249 1676 1282 1736 et
1296 1690 1357 1757 per
1371 1670 1510 1735 Battum

329 1794 509 1879 expeditur.

419 1918 457 1982 ln
479 1916 638 1984 hodierna
662 1918 831 2005 disciplina
865 1921 956 1985 circa
986 1920 1121 1987 decreta
1152 1920 1319 1987 electionis
1344 1939 1432 1984 nova
1458 1938 1512 1985 ac·

327 2042 425 2107 cessit
446 2042 553 2107 forma
575 2044 802 2126 contraditionis
827 2044 1032 2111 litterarum.
1056 2046 1186 2110 Etenim
1213 2064 1313 2129 usque
1343 2044 1385 2110 ad
1414 2041 1512 2109 finem

327 2166 503 2253 superioris
534 2167 655 2232 saeculi
685 2168 863 2234 electiones
889 2169 1078 2235 Antistitum
1101 2188 1161 2255 pro
1184 2169 1264 2235 locis
1287 2188 1413 2253 quoquc
1437 2169 1512 2234 mis·

327 2291 462 2365 sionum‚
486 2293 620 2376 praevio
643 2312 797 2378 processu
828 2293 978 2359 confecto
1005 2293 1039 2357 iu
1063 2294 1162 2380 Gong.
1183 2291 1513 2365 Concist01·iali.deli·

329 2414 527 2481 berabantur
549 2421 582 2481 et
604 2415 897 2502 promulgabantur
919 2419 952 2482 in
977 2418 1178 2485 (loncistorio
1202 2424 1235 2484 et
1257 2415 1513 2503 expediebantur

328 2559 388 2624 per
410 2540 544 2623 Badiam
566 2545 600 2605 at
623 2560 643 2605 a
665 2544 812 2625 tempore
848 2542 1045 2626 captivitatis
1074 2539 1125 2606 Pii
1148 2542 1197 2609 VI
1227 2546 1407 2625 coeperunt
1437 2560 1514 2605 non-

328 2664 438 2731 nullae
465 2666 640 2731 electiones
671 2662 742 2732 fieri
771 2666 1008 2751 Episcoporum
1039 2666 1158 2751 absque
1188 2686 1343 2753 processu
1370 2665 1453 2729 inito
1479 2665 1512 2729 in

329 2792 427 2877 Cong.
452 2790 675 2857 Concistoriali
699 2796 732 2856 et
755 2791 907 2877 expediri
931 2813 990 2877 per
1006 2792 1128 2868 Breve;
1152 2793 1204 2877 qui
1229 2812 1298 2858 mos
1320 2792 1461 2859 invaluit
1482 2798 1515 2857 et
1612 2859 1613 2880 2

328 2914 434 2981 adhuc
453 2913 576 2981 obtinet
599 2914 632 2979 in
648 2914 858 2980 electionibus
876 2916 1108 3001 Episcoporum
1123 2912 1203 2980 locis
1219 2915 1406 2979 missionum
1422 2932 1515 3000 prae
1612 2899 1613 2912 ³

327 3040 548 3123 ficiendorum,
576 3060 711 3125 quorum
736 3041 853 3107 electio
878 3061 938 3126 per
961 3042 1071 3107 Breve
1095 3040 1267 3126 expeditur
1289 3049 1322 3106 et
1344 3040 1379 3104 in
1402 3039 1514 3106 Conci·

328 3163 427 3229 sterio
450 3182 515 3227 non
537 3164 727 3249 proponitur
742 3161 953 3227 deliberanda
969 3168 1003 3228 et
1019 3162 1253 3249 promulganda
1268 3162 1325 3227 sed
1341 3162 1513 3229 dumtaxat
1612 3183 1614 3259 p

327 3289 376 3353 uti
396 3288 461 3351 iam
483 3291 616 3373 peracta
639 3286 863 3353 denunciatur.
1612 3262 1614 3279 ¹

417 3414 550 3478 Demum
581 3411 702 3497 aliquid
733 3412 808 3477 novi
842 3416 997 3478 statutum
1019 3412 1081 3479 fuit
1104 3411 1143 3477 de
1156 3391 1260 3477 ¹modo
1284 3409 1513 3477 denominandi

328 3535 503 3622 Episcopus
525 3536 579 3620 qui
602 3534 695 3601 sedes
717 3534 840 3600 habent
864 3554 928 3599 non
953 3534 1187 3601 residentiales.
1213 3571 1231 3584 -
1258 3535 1301 3600 Hi
1329 3535 1512 3622 nuncupari

327 3661 475 3728 solebant
498 3661 647 3747 Episcopi
671 3659 891 3743 inpartibus
914 3660 1115 3745 infidelium,
1138 3660 1194 3725 sed
1225 3661 1308 3725 haec
1338 3659 1514 3746 appellatio

326 3782 486 3869 displicuit
502 3790 535 3851 et
551 3781 758 3868 Principibus
782 3786 815 3847 et
842 3782 967 3868 populis
990 3783 1043 3865 qui
1068 3802 1107 3847 ea
1128 3782 1203 3847 loca
1221 3782 1378 3863 incolunt,
1395 3782 1514 3867 quippe

328 3908 398 3973 visa
426 3914 475 3973 est
503 3907 587 3972 haec
609 3906 759 3991 loquendi
784 3907 872 3972 ratio
898 3905 1057 3972 dedecere
1079 3911 1202 3991 gentes,
1227 3925 1309 3989 quae
1333 3904 1427 3970 cultu
1450 3904 1515 3968 hu·

327 4027 488 4092 munitatis
510 4027 634 4112 pollere
665 4026 859 4112 gloriantur.
892 4026 981 4092 Hinc
1003 4026 1120 4094 litteris
1151 4026 1329 4112 encyclicis
1351 4024 1435 4090 datis
1458 4024 1515 4089 die

326 4149 608 4218 3Marrii1882
638 4171 658 4215 a
688 4148 721 4215 S.
747 4152 846 4237 Gong.
873 4149 914 4215 de
942 4151 1042 4236 Prop.
1068 4150 1147 4217 Fide
1177 4171 1237 4238 pro
1268 4150 1407 4236 negotiis
1430 4150 1515 4214 ritus
1611 4143 1612 4148 ’

327 4274 493 4343 orientalis
512 4276 697 4362 eurdgatum
720 4275 781 4341 luit
805 4275 869 4340 hoc
895 4274 1081 4341 decretum:
1101 4297 1119 4337 c
1137 4270 1170 4341 1⁰
1186 4274 1350 4343 Abolatur
1373 4275 1514 4343 omnino

322 4398 478 4481 formula
496 4400 531 4467 in
545 4401 690 4488 partibus
705 4399 893 4467 infidelium.
917 4396 953 4467 2⁰
968 4400 1060 4468 Huic
1078 4402 1149 4468 clia
1164 4401 1379 4469 substituitur
1399 4402 1516 4487 empet-
1610 4467 1611 4470 ,
