3292 5109
449 358 494 406 DE
518 358 658 407 lunrcrts
681 356 946 405 ncchnsms'rmls
1232 338 1301 405 277

211 452 321 555 Quare
340 500 381 547 ne
403 481 521 567 lycaea
535 486 568 546 et
591 481 760 567 gymnasia
783 480 933 546 deessent
948 460 1030 565 quae
1046 485 1079 546 et
1094 479 1298 547 ordinatione

116 605 299 671 studiorum
312 612 516 693 praestarent
532 612 563 671 et
575 605 664 671 nulla
679 607 804 671 erroris
819 604 894 671 labe
907 604 1127 681 inficerentur,
1145 607 1255 673 Sixtus
1266 608 1302 674 V

117 728 230 793 const.
255 730 437 805 immenso,
462 728 752 817 congregationem
778 731 931 798 instituit:
950 750 968 793 t
984 730 1056 796 Pro
1079 729 1301 799 universitate

117 852 235 923 studit
257 854 439 921 Romani»
458 858 491 920 et
513 855 582 919 eius
604 855 784 921 institutum
809 856 854 921 ita
876 853 1120 921 determinavit:

212 978 332 1044 <Illud
356 980 452 1045 etiam
483 979 678 1064 cogitantes,
704 978 787 1062 quod
817 978 987 1044 literarum
1013 978 1156 1065 cognitio
1177 977 1302 1045 libera·

117 1098 232 1183 lesque
266 1100 433 1167 doctrinae
469 1106 500 1165 et
534 1100 739 1185 disciplinae,
776 1097 890 1184 quibus
924 1100 1074 1166 iuventus
1103 1102 1137 1167 in
1163 1101 1301 1187 publicis

119 1225 306 1310 Gymnasiis
340 1227 511 1292 instruitur
538 1230 570 1291 et
596 1224 760 1306 eruditur,
788 1244 938 1311 maguam
962 1226 1164 1292 Christianae
1188 1228 1300 1313 Reip„

117 1353 148 1415 si
171 1373 245 1417 cum
268 1354 387 1437 pietate
411 1354 659 1438 coniungantur,
684 1349 826 1417 afferunt
848 1352 1031 1428 utilitatem;
1055 1359 1133 1420 tunc
1156 1354 1241 1418 enim
1257 1356 1302 1419 ci·

118 1478 237 1543 vitatos
260 1484 293 1544 et
316 1498 418 1562 regna
448 1478 566 1561 optime
596 1447 879 1551 administrantur,
908 1497 981 1542 cum
1011 1479 1173 1562 sapientes
1202 1485 1302 1563 atqu‘e

119 1602 339 1687 intelligentes
362 1600 583 1685 gubernacula
610 1599 790 1686 possident,
815 1599 951 1665 obeam
974 1620 1052 1665 sane
1076 1619 1207 1665 causam
1230 1602 1300 1668 Ro-

122 1728 207 1793 mani
232 1726 399 1813 Gymnasii
423 1726 554 1808 eiusque
578 1725 804 1791 Universitatis
821 1724 988 1789 ornandae
1003 1730 1036 1790 et
1051 1724 1298 1810 amplificandae

117 1872 233 1917 curam
263 1852 379 1916 merito
411 1849 569 1934 gerimus,
595 1847 735 1914 undeet
765 1850 866 1934 ipsam
890 1850 1134 1924 universitatem
1156 1849 1197 1915 ab
1219 1869 1301 1917 aere

120 1977 226 2041 alieno
249 1974 499 2061 vigintiduorunr
525 1973 658 2038 millium
681 1978 880 2038 scutatorum
900 1977 933 2037 et
953 1973 1026 2039 aliis
1048 1973 1194 2059 pluribus
1216 1995 1300 2041 one·

120 2102 209 2167 ribus
232 2100 469 2168 sublevarinrus
493 2120 531 2164 ac
554 2100 649 2186 plane
672 2098 890 2164 liberavimus.

211 2224 367 2307 «ltaque
394 2227 429 2287 ut
460 2222 544 2287 illius
576 2220 752 2286 rationibus
776 2241 871 2305 quam
902 2223 1020 2307 optime
1046 2225 1298 2309 prospiciamus,

120 2346 310 2414 Cardinales
344 2350 486 2431 quinque
509 2346 612 2411 eidem
636 2347 811 2432 Gymnasio
836 2352 869 2413 et
894 2348 1120 2423 Universitati,
1144 2349 1295 2435 illiusque

119 2460 580 2557 reformationipraeficimus,
598 2472 710 2555 quibus
726 2472 913 2538 facultatem
937 2475 1151 2547 concedimus,
1168 2479 1204 2541 ut
1223 2496 1299 2542 cum

118 2616 198 2680 opus
230 2596 345 2676 fuerit,
378 2596 564 2681 praeclaros
595 2595 790 2681 Theologiae
822 2597 1013 2683 Magistros,
1045 2598 1299 2664 Iurisconsultos

116 2718 279 2803 egregios,
296 2724 328 2783 et
351 2718 532 2783 liberalium
556 2720 672 2784 artium
690 2719 891 2803 professores
913 2720 1049 2784 eximios
1072 2719 1296 2805 undecumque

115 2838 158 2902 ad
174 2840 373 2905 iuventutem
390 2839 599 2905 erudiendam
623 2846 767 2913 evocent,
786 2842 839 2923 qui
855 2860 980 2905 morum
996 2841 1182 2925 integritate
1197 2846 1295 2926 atque

117 2961 280 3047 elegantia
303 2962 472 3027 literarum
496 2982 560 3026 non
583 2962 688 3027 minus
711 2966 887 3047 praestent,
908 2983 1005 3047 quarn
1029 2964 1155 3047 peritia,
1172 2986 1298 3050 usuque

115 3084 271 3161 docendi,
296 3086 493 3171 assiduisque
524 3087 794 3173 praelectionibus
826 3089 959 3152 iuvenes
990 3089 1167 3162 instruant,
1197 3094 1298 3174 utque

117 3214 253 3301 singulis
276 3216 484 3280 scientiarum
508 3214 672 3300 blagistris
691 3217 956 3299 promeritorum
980 3217 1116 3290 ratione,
1134 3237 1171 3282 re
1186 3222 1297 3283 amen

118 3338 291 3406 Nobiscum
314 3346 369 3405 aut
392 3361 464 3405 cum
488 3339 727 3406 successoribus
750 3342 871 3405 nostris
886 3342 1086 3426 participata,
1104 3342 1297 3428 stipendium

113 3469 322 3533 constituant.
350 3504 366 3514 -
393 3469 530 3552 insuper
549 3486 620 3531 cum
637 3467 669 3530 in
690 3466 753 3532 hac
769 3468 865 3533 Alma
881 3467 969 3533 Urbe
991 3475 1112 3551 nostra,
1137 3470 1297 3557 singulari

118 3594 174 3659 Dei
197 3593 355 3660 beneficio
378 3596 464 3659 inter
487 3594 565 3659 alias
589 3593 778 3660 discentium
802 3595 939 3669 scholas,
952 3574 1298 3686 ⁴Graecorum,quer-

116 3718 257 3781 nitarum
281 3721 314 3781 et
338 3716 590 3801 Neophytorum‚
614 3716 737 3801 ingenti
762 3714 953 3782 Pontificum
977 3717 1173 3784 liberalitate
1195 3722 1294 3803 atque

115 3836 344 3910 munificentia,
370 3844 482 3903 erecta
505 3839 568 3904 sint
592 3838 734 3923 Collegia
758 3842 973 3925 congruisque
996 3838 1151 3905 reditibus
1174 3840 1294 3917 dotata,

116 3959 149 4023 in
165 3959 280 4043 quibus
303 3980 397 4025 sacra
420 3960 596 4046 Theologia
617 3959 832 4044 liberalesque
855 3967 943 4027 artes
959 3960 1130 4036 Hebraico,
1154 3964 1294 4038 Graece,

117 4084 274 4158 Arabico,
300 4090 333 4151 et
355 4084 531 4153 chaldaice
563 4082 752 4159 edocentur,
780 4086 901 4151 eisdem
933 4079 1156 4154 Cardinalibu's
1186 4089 1295 4153 iniun-

113 4209 227 4292 gimus,
245 4215 280 4274 ut
303 4208 419 4273 horum
443 4208 658 4295 collegiorum
675 4210 832 4275 Alumnos
854 4210 896 4276 ad
919 4211 1087 4276 literarum
1110 4212 1216 4277 studia
1234 4230 1292 4275 ar·

113 4328 255 4397 deutiori
278 4332 384 4396 animo
408 4330 665 4417 complectenda,
691 4332 774 4416 quod
797 4332 838 4397 ad
864 4331 938 4399 fidei
962 4334 1147 4399 Catholicae
1176 4352 1297 4420 propa·

114 4458 277 4539 gationem
294 4465 326 4525 et
341 4458 508 4524 literarum
525 4466 749 4525 ornamentum
765 4464 798 4525 et
814 4461 944 4546 ingenia
958 4461 1137 4527 excolenda
1152 4461 1295 4526 maxime
