<?xml version="1.0" encoding="UTF-8"?>
<!DOCTYPE html PUBLIC "-//W3C//DTD XHTML 1.0 Transitional//EN"
    "http://www.w3.org/TR/xhtml1/DTD/xhtml1-transitional.dtd">
<html xmlns="http://www.w3.org/1999/xhtml" xml:lang="en" lang="en">
 <head>
  <title>
</title>
<meta http-equiv="Content-Type" content="text/html;charset=utf-8" />
  <meta name='ocr-system' content='tesseract 3.04.00' />
  <meta name='ocr-capabilities' content='ocr_page ocr_carea ocr_par ocr_line ocrx_word'/>
</head>
<body>
  <div class='ocr_page' id='page_1' title='image "./praelectionesin03legagoog_0341.png"; bbox 0 0 3292 5109; ppageno 0'>
   <div class='ocr_carea' id='block_1_1' title="bbox 502 288 1354 357">
    <p class='ocr_par' dir='ltr' id='par_1_1' title="bbox 502 288 1354 357">
     <span class='ocr_line' id='line_1_1' title="bbox 502 288 1354 357; baseline -0.002 -2"><span class='ocrx_word' id='word_1_1' title='bbox 502 310 546 355; x_wconf 87' lang='lat' dir='ltr'><strong><em>na</em></strong></span> <span class='ocrx_word' id='word_1_2' title='bbox 569 308 709 357; x_wconf 82' lang='lat' dir='ltr'><strong><em>marcus</em></strong></span> <span class='ocrx_word' id='word_1_3' title='bbox 733 308 999 357; x_wconf 79' lang='lat' dir='ltr'><strong><em>accussnsrrms</em></strong></span> <span class='ocrx_word' id='word_1_4' title='bbox 1288 288 1354 355; x_wconf 82' lang='lat'><strong><em>337</em></strong></span> 
     </span>
    </p>
   </div>
   <div class='ocr_carea' id='block_1_2' title="bbox 168 430 1365 4247">
    <p class='ocr_par' dir='ltr' id='par_1_2' title="bbox 173 430 1357 1143">
     <span class='ocr_line' id='line_1_2' title="bbox 173 430 1355 519; baseline -0.003 -19"><span class='ocrx_word' id='word_1_5' title='bbox 173 439 208 500; x_wconf 84' lang='lat' dir='ltr'><strong><em>et</em></strong></span> <span class='ocrx_word' id='word_1_6' title='bbox 229 436 257 500; x_wconf 87' lang='lat' dir='ltr'><strong><em>si</em></strong></span> <span class='ocrx_word' id='word_1_7' title='bbox 280 433 407 517; x_wconf 90' lang='lat' dir='ltr'><strong><em>quidem</em></strong></span> <span class='ocrx_word' id='word_1_8' title='bbox 431 454 484 499; x_wconf 90' lang='lat' dir='ltr'><strong><em>res</em></strong></span> <span class='ocrx_word' id='word_1_9' title='bbox 507 434 548 500; x_wconf 90' lang='lat' dir='ltr'><strong><em>sit</em></strong></span> <span class='ocrx_word' id='word_1_10' title='bbox 570 433 610 498; x_wconf 94' lang='lat' dir='ltr'><strong><em>de</em></strong></span> <span class='ocrx_word' id='word_1_11' title='bbox 628 434 662 497; x_wconf 89' lang='lat'><strong><em>1·</em></strong></span> <span class='ocrx_word' id='word_1_12' title='bbox 676 434 793 519; x_wconf 89' lang='lat' dir='ltr'><strong><em>specie,</em></strong></span> <span class='ocrx_word' id='word_1_13' title='bbox 817 453 872 499; x_wconf 87' lang='lat' dir='ltr'><strong><em>res</em></strong></span> <span class='ocrx_word' id='word_1_14' title='bbox 896 434 986 499; x_wconf 91' lang='lat' dir='ltr'><strong><em>clare</em></strong></span> <span class='ocrx_word' id='word_1_15' title='bbox 1002 430 1197 517; x_wconf 81' lang='lat' dir='ltr'><strong><em>explicanda</em></strong></span> <span class='ocrx_word' id='word_1_16' title='bbox 1217 437 1266 498; x_wconf 87' lang='lat' dir='ltr'><strong><em>est</em></strong></span> <span class='ocrx_word' id='word_1_17' title='bbox 1282 452 1355 498; x_wconf 88' lang='lat' dir='ltr'><strong><em>cum</em></strong></span> 
     </span>
     <span class='ocr_line' id='line_1_3' title="bbox 173 556 1354 645; baseline 0.003 -23"><span class='ocrx_word' id='word_1_18' title='bbox 173 559 407 645; x_wconf 81' lang='lat' dir='ltr'>provenientia,</span> <span class='ocrx_word' id='word_1_19' title='bbox 432 560 460 622; x_wconf 90' lang='lat' dir='ltr'><strong><em>si</em></strong></span> <span class='ocrx_word' id='word_1_20' title='bbox 482 577 562 623; x_wconf 84' lang='lat' dir='ltr'><strong><em>vero</em></strong></span> <span class='ocrx_word' id='word_1_21' title='bbox 586 558 628 623; x_wconf 90' lang='lat' dir='ltr'><strong><em>de</em></strong></span> <span class='ocrx_word' id='word_1_22' title='bbox 651 556 694 632; x_wconf 78' lang='lat'><strong><em>2⁸,</em></strong></span> <span class='ocrx_word' id='word_1_23' title='bbox 719 556 838 624; x_wconf 88' lang='lat' dir='ltr'><strong><em>sufficit</em></strong></span> <span class='ocrx_word' id='word_1_24' title='bbox 854 556 1001 623; x_wconf 89' lang='lat' dir='ltr'><strong><em>scribere</em></strong></span> <span class='ocrx_word' id='word_1_25' title='bbox 1020 556 1279 639; x_wconf 74' lang='lat' dir='ltr'><strong><em>«spiritualiter</em></strong></span> <span class='ocrx_word' id='word_1_26' title='bbox 1301 578 1354 625; x_wconf 85' lang='lat' dir='ltr'><strong><em>co·</em></strong></span> 
     </span>
     <span class='ocr_line' id='line_1_4' title="bbox 173 682 1354 771; baseline -0.002 -20"><span class='ocrx_word' id='word_1_27' title='bbox 173 685 271 771; x_wconf 78' lang='lat' dir='ltr'><strong><em>panti</em></strong></span> <span class='ocrx_word' id='word_1_28' title='bbox 292 684 330 750; x_wconf 85' lang='lat' dir='ltr'><strong><em>ia</em></strong></span> <span class='ocrx_word' id='word_1_29' title='bbox 357 684 384 749; x_wconf 81' lang='lat'><em>2</em></span> <span class='ocrx_word' id='word_1_30' title='bbox 412 682 558 766; x_wconf 75' lang='lat' dir='ltr'><strong><em>speeie&gt;</em></strong></span> <span class='ocrx_word' id='word_1_31' title='bbox 583 689 616 749; x_wconf 89' lang='lat' dir='ltr'><strong><em>et</em></strong></span> <span class='ocrx_word' id='word_1_32' title='bbox 645 704 712 749; x_wconf 91' lang='lat' dir='ltr'><strong><em>non</em></strong></span> <span class='ocrx_word' id='word_1_33' title='bbox 742 685 923 768; x_wconf 77' lang='lat' dir='ltr'><strong><em>requiritur</em></strong></span> <span class='ocrx_word' id='word_1_34' title='bbox 953 686 1149 751; x_wconf 82' lang='lat' dir='ltr'><strong><em>sacramenti</em></strong></span> <span class='ocrx_word' id='word_1_35' title='bbox 1180 686 1309 751; x_wconf 88' lang='lat' dir='ltr'><strong><em>mentio.</em></strong></span> <span class='ocrx_word' id='word_1_36' title='bbox 1336 721 1354 733; x_wconf 98' lang='lat'>-</span> 
     </span>
     <span class='ocr_line' id='line_1_5' title="bbox 176 808 1356 895; baseline 0.002 -24"><span class='ocrx_word' id='word_1_37' title='bbox 176 809 301 875; x_wconf 88' lang='lat' dir='ltr'><strong><em>Verum</em></strong></span> <span class='ocrx_word' id='word_1_38' title='bbox 330 828 412 895; x_wconf 90' lang='lat' dir='ltr'><strong><em>prae</em></strong></span> <span class='ocrx_word' id='word_1_39' title='bbox 435 809 537 873; x_wconf 88' lang='lat' dir='ltr'><strong><em>oculis</em></strong></span> <span class='ocrx_word' id='word_1_40' title='bbox 560 808 729 874; x_wconf 82' lang='lat' dir='ltr'>habendae</span> <span class='ocrx_word' id='word_1_41' title='bbox 753 813 829 875; x_wconf 91' lang='lat' dir='ltr'><strong><em>sunt</em></strong></span> <span class='ocrx_word' id='word_1_42' title='bbox 859 809 994 895; x_wconf 86' lang='lat' dir='ltr'><strong><em>regulae</em></strong></span> <span class='ocrx_word' id='word_1_43' title='bbox 1016 829 1037 873; x_wconf 89' lang='lat' dir='ltr'><strong><em>a</em></strong></span> <span class='ocrx_word' id='word_1_44' title='bbox 1059 808 1203 894; x_wconf 87' lang='lat' dir='ltr'><strong><em>probatis</em></strong></span> <span class='ocrx_word' id='word_1_45' title='bbox 1233 810 1356 875; x_wconf 85' lang='lat' dir='ltr'><strong><em>Aucto-</em></strong></span> 
     </span>
     <span class='ocr_line' id='line_1_6' title="bbox 175 906 1357 1017; baseline -0.002 -19"><span class='ocrx_word' id='word_1_46' title='bbox 175 932 265 998; x_wconf 88' lang='lat' dir='ltr'><strong><em>ribus</em></strong></span> <span class='ocrx_word' id='word_1_47' title='bbox 288 932 434 1003; x_wconf 89' lang='lat' dir='ltr'><strong><em>traditae,</em></strong></span> <span class='ocrx_word' id='word_1_48' title='bbox 460 931 636 997; x_wconf 88' lang='lat' dir='ltr'><strong><em>secundum</em></strong></span> <span class='ocrx_word' id='word_1_49' title='bbox 668 951 747 1016; x_wconf 87' lang='lat' dir='ltr'><strong><em>quas</em></strong></span> <span class='ocrx_word' id='word_1_50' title='bbox 778 931 1009 1017; x_wconf 89' lang='lat' dir='ltr'><strong><em>impedimenta</em></strong></span> <span class='ocrx_word' id='word_1_51' title='bbox 1038 906 1219 996; x_wconf 80' lang='lat' dir='ltr'><strong><em>huiusmodi</em></strong></span> <span class='ocrx_word' id='word_1_52' title='bbox 1241 950 1357 998; x_wconf 80' lang='lat' dir='ltr'><strong><em>aume-</em></strong></span> 
     </span>
     <span class='ocr_line' id='line_1_7' title="bbox 175 1056 667 1143; baseline -0.004 -20"><span class='ocrx_word' id='word_1_53' title='bbox 175 1058 247 1125; x_wconf 82' lang='lat' dir='ltr'><strong><em>rice</em></strong></span> <span class='ocrx_word' id='word_1_54' title='bbox 269 1056 477 1142; x_wconf 89' lang='lat' dir='ltr'><strong><em>multiplicari</em></strong></span> <span class='ocrx_word' id='word_1_55' title='bbox 501 1058 667 1143; x_wconf 86' lang='lat' dir='ltr'><strong><em>contingit.</em></strong></span> 
     </span>
    </p>

    <p class='ocr_par' dir='ltr' id='par_1_3' title="bbox 174 1165 1359 1640">
     <span class='ocr_line' id='line_1_8' title="bbox 265 1165 1358 1264; baseline -0.003 -18"><span class='ocrx_word' id='word_1_56' title='bbox 265 1178 295 1264; x_wconf 86' lang='lat' dir='ltr'><strong><em>c)</em></strong></span> <span class='ocrx_word' id='word_1_57' title='bbox 323 1176 435 1251; x_wconf 82' lang='lat' dir='ltr'><strong><em>Quoad</em></strong></span> <span class='ocrx_word' id='word_1_58' title='bbox 466 1179 729 1264; x_wconf 83' lang='lat' dir='ltr'><strong><em>impedimentum</em></strong></span> <span class='ocrx_word' id='word_1_59' title='bbox 753 1178 901 1263; x_wconf 87' lang='lat' dir='ltr'><strong><em>publicae</em></strong></span> <span class='ocrx_word' id='word_1_60' title='bbox 932 1178 1110 1245; x_wconf 87' lang='lat' dir='ltr'><strong><em>honestatis</em></strong></span> <span class='ocrx_word' id='word_1_61' title='bbox 1141 1165 1218 1242; x_wconf 83' lang='lat' dir='ltr'><strong><em>item</em></strong></span> <span class='ocrx_word' id='word_1_62' title='bbox 1247 1178 1358 1263; x_wconf 91' lang='lat' dir='ltr'><strong><em>requi-</em></strong></span> 
     </span>
     <span class='ocr_line' id='line_1_9' title="bbox 176 1300 1359 1389; baseline -0.001 -21"><span class='ocrx_word' id='word_1_63' title='bbox 176 1306 260 1371; x_wconf 88' lang='lat' dir='ltr'><strong><em>ritur</em></strong></span> <span class='ocrx_word' id='word_1_64' title='bbox 283 1305 509 1370; x_wconf 85' lang='lat' dir='ltr'><strong><em>determinatio</em></strong></span> <span class='ocrx_word' id='word_1_65' title='bbox 536 1304 788 1389; x_wconf 89' lang='lat' dir='ltr'><strong><em>provenientiae,</em></strong></span> <span class='ocrx_word' id='word_1_66' title='bbox 813 1307 922 1369; x_wconf 89' lang='lat' dir='ltr'><strong><em>utrum</em></strong></span> <span class='ocrx_word' id='word_1_67' title='bbox 945 1300 1069 1369; x_wconf 88' lang='lat' dir='ltr'><strong><em>scilicet</em></strong></span> <span class='ocrx_word' id='word_1_68' title='bbox 1091 1306 1215 1368; x_wconf 88' lang='lat' dir='ltr'><strong><em>oriatur</em></strong></span> <span class='ocrx_word' id='word_1_69' title='bbox 1236 1324 1279 1369; x_wconf 79' lang='lat' dir='ltr'><strong><em>ex</em></strong></span> <span class='ocrx_word' id='word_1_70' title='bbox 1293 1323 1359 1368; x_wconf 90' lang='lat' dir='ltr'><strong><em>ma-</em></strong></span> 
     </span>
     <span class='ocr_line' id='line_1_10' title="bbox 174 1427 1358 1513; baseline -0.001 -20"><span class='ocrx_word' id='word_1_71' title='bbox 174 1430 325 1493; x_wconf 89' lang='lat' dir='ltr'><strong><em>trimonio</em></strong></span> <span class='ocrx_word' id='word_1_72' title='bbox 349 1433 420 1493; x_wconf 90' lang='lat' dir='ltr'><strong><em>rato</em></strong></span> <span class='ocrx_word' id='word_1_73' title='bbox 443 1433 476 1493; x_wconf 91' lang='lat' dir='ltr'><strong><em>et</em></strong></span> <span class='ocrx_word' id='word_1_74' title='bbox 497 1448 563 1493; x_wconf 89' lang='lat' dir='ltr'><strong><em>non</em></strong></span> <span class='ocrx_word' id='word_1_75' title='bbox 586 1433 807 1494; x_wconf 89' lang='lat' dir='ltr'><strong><em>consummato</em></strong></span> <span class='ocrx_word' id='word_1_76' title='bbox 833 1463 851 1478; x_wconf 88' lang='lat'>-</span> <span class='ocrx_word' id='word_1_77' title='bbox 876 1448 918 1492; x_wconf 91' lang='lat' dir='ltr'><strong><em>an</em></strong></span> <span class='ocrx_word' id='word_1_78' title='bbox 941 1448 984 1493; x_wconf 84' lang='lat' dir='ltr'><strong><em>ex</em></strong></span> <span class='ocrx_word' id='word_1_79' title='bbox 1006 1427 1217 1513; x_wconf 81' lang='lat' dir='ltr'><strong><em>sponsalibus,</em></strong></span> <span class='ocrx_word' id='word_1_80' title='bbox 1239 1429 1358 1493; x_wconf 91' lang='lat' dir='ltr'><strong><em>omnia·</em></strong></span> 
     </span>
     <span class='ocr_line' id='line_1_11' title="bbox 176 1554 673 1640; baseline -0.002 -20"><span class='ocrx_word' id='word_1_81' title='bbox 176 1575 238 1639; x_wconf 91' lang='lat' dir='ltr'><strong><em>que</em></strong></span> <span class='ocrx_word' id='word_1_82' title='bbox 261 1555 350 1620; x_wconf 88' lang='lat' dir='ltr'><strong><em>clare</em></strong></span> <span class='ocrx_word' id='word_1_83' title='bbox 374 1561 448 1621; x_wconf 92' lang='lat' dir='ltr'><strong><em>sunt</em></strong></span> <span class='ocrx_word' id='word_1_84' title='bbox 471 1554 673 1640; x_wconf 83' lang='lat' dir='ltr'><strong><em>explicanda.</em></strong></span> 
     </span>
    </p>

    <p class='ocr_par' dir='ltr' id='par_1_4' title="bbox 168 1678 1365 4247">
     <span class='ocr_line' id='line_1_12' title="bbox 267 1678 1360 1766; baseline -0.003 -20"><span class='ocrx_word' id='word_1_85' title='bbox 267 1680 302 1765; x_wconf 83' lang='lat' dir='ltr'><strong><em>ct)</em></strong></span> <span class='ocrx_word' id='word_1_86' title='bbox 319 1681 377 1747; x_wconf 88' lang='lat' dir='ltr'><strong><em>Cit.</em></strong></span> <span class='ocrx_word' id='word_1_87' title='bbox 394 1682 471 1746; x_wconf 89' lang='lat' dir='ltr'><strong><em>Inst.</em></strong></span> <span class='ocrx_word' id='word_1_88' title='bbox 490 1680 521 1747; x_wconf 91' lang='lat' dir='ltr'><strong><em>S.</em></strong></span> <span class='ocrx_word' id='word_1_89' title='bbox 536 1680 635 1766; x_wconf 85' lang='lat' dir='ltr'><strong><em>Cong.</em></strong></span> <span class='ocrx_word' id='word_1_90' title='bbox 653 1680 693 1745; x_wconf 91' lang='lat' dir='ltr'><strong><em>de</em></strong></span> <span class='ocrx_word' id='word_1_91' title='bbox 710 1680 807 1764; x_wconf 88' lang='lat' dir='ltr'><strong><em>Prop.</em></strong></span> <span class='ocrx_word' id='word_1_92' title='bbox 825 1679 905 1745; x_wconf 90' lang='lat' dir='ltr'><strong><em>Fide</em></strong></span> <span class='ocrx_word' id='word_1_93' title='bbox 921 1678 1016 1745; x_wconf 90' lang='lat' dir='ltr'><strong><em>docet</em></strong></span> <span class='ocrx_word' id='word_1_94' title='bbox 1030 1679 1276 1765; x_wconf 84' lang='lat' dir='ltr'><strong><em>exprimendum</em></strong></span> <span class='ocrx_word' id='word_1_95' title='bbox 1288 1698 1360 1745; x_wconf 88' lang='lat' dir='ltr'><strong><em>esse</em></strong></span> 
     </span>
     <span class='ocr_line' id='line_1_13' title="bbox 179 1799 1359 1887; baseline -0.003 -20"><span class='ocrx_word' id='word_1_96' title='bbox 179 1836 197 1849; x_wconf 94' lang='lat'>-</span> <span class='ocrx_word' id='word_1_97' title='bbox 221 1820 346 1867; x_wconf 75' lang='lat' dir='ltr'><strong><em>marea</em></strong></span> <span class='ocrx_word' id='word_1_98' title='bbox 369 1806 401 1865; x_wconf 86' lang='lat' dir='ltr'><strong><em>et</em></strong></span> <span class='ocrx_word' id='word_1_99' title='bbox 417 1820 605 1887; x_wconf 75' lang='lat' dir='ltr'><strong><em>copaomea</em></strong></span> <span class='ocrx_word' id='word_1_100' title='bbox 628 1807 806 1869; x_wconf 79' lang='lat' dir='ltr'><strong><em>oratorum</em></strong></span> <span class='ocrx_word' id='word_1_101' title='bbox 829 1838 859 1873; x_wconf 94' lang='lat'><strong><em>-,</em></strong></span> <span class='ocrx_word' id='word_1_102' title='bbox 884 1799 941 1865; x_wconf 92' lang='lat' dir='ltr'><strong><em>sed</em></strong></span> <span class='ocrx_word' id='word_1_103' title='bbox 956 1800 1020 1865; x_wconf 94' lang='lat' dir='ltr'><strong><em>hoc</em></strong></span> <span class='ocrx_word' id='word_1_104' title='bbox 1042 1820 1107 1865; x_wconf 90' lang='lat' dir='ltr'><strong><em>non</em></strong></span> <span class='ocrx_word' id='word_1_105' title='bbox 1131 1806 1283 1867; x_wconf 86' lang='lat' dir='ltr'><strong><em>servatur</em></strong></span> <span class='ocrx_word' id='word_1_106' title='bbox 1297 1821 1359 1887; x_wconf 90' lang='lat' dir='ltr'><strong><em>pro</em></strong></span> 
     </span>
     <span class='ocr_line' id='line_1_14' title="bbox 178 1925 1360 2013; baseline -0.002 -22"><span class='ocrx_word' id='word_1_107' title='bbox 178 1926 467 2013; x_wconf 87' lang='lat' dir='ltr'><strong><em>dispensationibus</em></strong></span> <span class='ocrx_word' id='word_1_108' title='bbox 479 1929 513 1992; x_wconf 92' lang='lat' dir='ltr'><strong><em>in</em></strong></span> <span class='ocrx_word' id='word_1_109' title='bbox 524 1926 760 2012; x_wconf 88' lang='lat' dir='ltr'><strong><em>impedimentis</em></strong></span> <span class='ocrx_word' id='word_1_110' title='bbox 776 1926 911 1991; x_wconf 90' lang='lat' dir='ltr'><strong><em>occultis</em></strong></span> <span class='ocrx_word' id='word_1_111' title='bbox 926 1946 984 1991; x_wconf 92' lang='lat' dir='ltr'><strong><em>seu</em></strong></span> <span class='ocrx_word' id='word_1_112' title='bbox 998 1946 1058 2011; x_wconf 90' lang='lat' dir='ltr'><strong><em>pro</em></strong></span> <span class='ocrx_word' id='word_1_113' title='bbox 1070 1926 1142 1990; x_wconf 86' lang='lat' dir='ltr'><strong><em>foro</em></strong></span> <span class='ocrx_word' id='word_1_114' title='bbox 1155 1926 1294 1990; x_wconf 87' lang='lat' dir='ltr'><strong><em>interno.</em></strong></span> <span class='ocrx_word' id='word_1_115' title='bbox 1306 1925 1360 1991; x_wconf 85' lang='lat' dir='ltr'><strong><em>Ad</em></strong></span> 
     </span>
     <span class='ocr_line' id='line_1_15' title="bbox 178 2049 1361 2137; baseline -0.002 -20"><span class='ocrx_word' id='word_1_116' title='bbox 178 2072 247 2117; x_wconf 89' lang='lat' dir='ltr'><strong><em>rem</em></strong></span> <span class='ocrx_word' id='word_1_117' title='bbox 271 2052 303 2119; x_wconf 88' lang='lat' dir='ltr'><strong><em>S.</em></strong></span> <span class='ocrx_word' id='word_1_118' title='bbox 327 2052 584 2117; x_wconf 88' lang='lat' dir='ltr'><strong><em>Poenitentiaria</em></strong></span> <span class='ocrx_word' id='word_1_119' title='bbox 606 2052 669 2117; x_wconf 92' lang='lat' dir='ltr'><strong><em>hoc</em></strong></span> <span class='ocrx_word' id='word_1_120' title='bbox 693 2050 792 2116; x_wconf 89' lang='lat' dir='ltr'><strong><em>edidit</em></strong></span> <span class='ocrx_word' id='word_1_121' title='bbox 814 2051 972 2115; x_wconf 89' lang='lat' dir='ltr'><strong><em>Monitum</em></strong></span> <span class='ocrx_word' id='word_1_122' title='bbox 991 2069 1008 2113; x_wconf 86' lang='lat'>‹</span> <span class='ocrx_word' id='word_1_123' title='bbox 1026 2049 1179 2124; x_wconf 83' lang='lat' dir='ltr'><strong><em>Quamvis</em></strong></span> <span class='ocrx_word' id='word_1_124' title='bbox 1199 2051 1311 2137; x_wconf 82' lang='lat' dir='ltr'><strong><em>praxis</em></strong></span> <span class='ocrx_word' id='word_1_125' title='bbox 1326 2055 1361 2116; x_wconf 86' lang='lat' dir='ltr'><strong><em>et</em></strong></span> 
     </span>
     <span class='ocr_line' id='line_1_16' title="bbox 178 2175 1360 2263; baseline -0.003 -22"><span class='ocrx_word' id='word_1_126' title='bbox 178 2176 349 2263; x_wconf 89' lang='lat' dir='ltr'><strong><em>prudentia</em></strong></span> <span class='ocrx_word' id='word_1_127' title='bbox 371 2176 509 2241; x_wconf 83' lang='lat' dir='ltr'><strong><em>doceant</em></strong></span> <span class='ocrx_word' id='word_1_128' title='bbox 532 2196 625 2241; x_wconf 87' lang='lat' dir='ltr'><strong><em>casus</em></strong></span> <span class='ocrx_word' id='word_1_129' title='bbox 648 2177 793 2241; x_wconf 90' lang='lat' dir='ltr'><strong><em>occultos</em></strong></span> <span class='ocrx_word' id='word_1_130' title='bbox 814 2175 856 2241; x_wconf 89' lang='lat' dir='ltr'><strong><em>ad</em></strong></span> <span class='ocrx_word' id='word_1_131' title='bbox 879 2176 986 2240; x_wconf 83' lang='lat' dir='ltr'><strong><em>lorum</em></strong></span> <span class='ocrx_word' id='word_1_132' title='bbox 1018 2176 1236 2241; x_wconf 86' lang='lat' dir='ltr'><strong><em>conscientiae</em></strong></span> <span class='ocrx_word' id='word_1_133' title='bbox 1263 2176 1360 2261; x_wconf 87' lang='lat' dir='ltr'><strong><em>perti-</em></strong></span> 
     </span>
     <span class='ocr_line' id='line_1_17' title="bbox 177 2298 1359 2387; baseline -0.003 -21"><span class='ocrx_word' id='word_1_134' title='bbox 177 2308 301 2373; x_wconf 85' lang='lat' dir='ltr'><strong><em>nentes,</em></strong></span> <span class='ocrx_word' id='word_1_135' title='bbox 326 2300 357 2367; x_wconf 89' lang='lat' dir='ltr'><strong><em>S.</em></strong></span> <span class='ocrx_word' id='word_1_136' title='bbox 381 2300 656 2366; x_wconf 88' lang='lat' dir='ltr'><strong><em>Poenitentiariae</em></strong></span> <span class='ocrx_word' id='word_1_137' title='bbox 678 2301 782 2367; x_wconf 88' lang='lat' dir='ltr'><strong><em>literis</em></strong></span> <span class='ocrx_word' id='word_1_138' title='bbox 805 2300 981 2387; x_wconf 85' lang='lat' dir='ltr'><strong><em>obsignatis</em></strong></span> <span class='ocrx_word' id='word_1_139' title='bbox 1003 2299 1045 2364; x_wconf 90' lang='lat' dir='ltr'><strong><em>ad</em></strong></span> <span class='ocrx_word' id='word_1_140' title='bbox 1068 2301 1185 2365; x_wconf 70' lang='lat' dir='ltr'><strong><em>Ermum</em></strong></span> <span class='ocrx_word' id='word_1_141' title='bbox 1208 2300 1245 2364; x_wconf 86' lang='lat' dir='ltr'><strong><em>D.</em></strong></span> <span class='ocrx_word' id='word_1_142' title='bbox 1264 2298 1359 2366; x_wconf 83' lang='lat' dir='ltr'><strong><em>Gard.</em></strong></span> 
     </span>
     <span class='ocr_line' id='line_1_18' title="bbox 168 2424 1360 2492; baseline -0.001 -2"><span class='ocrx_word' id='word_1_143' title='bbox 168 2426 468 2492; x_wconf 88' lang='lat' dir='ltr'><strong><em>&#39;Poenitentiarinm</em></strong></span> <span class='ocrx_word' id='word_1_144' title='bbox 505 2427 662 2491; x_wconf 85' lang='lat' dir='ltr'><strong><em>Maiorem</em></strong></span> <span class='ocrx_word' id='word_1_145' title='bbox 696 2428 801 2491; x_wconf 89' lang='lat' dir='ltr'><strong><em>missis</em></strong></span> <span class='ocrx_word' id='word_1_146' title='bbox 832 2445 871 2492; x_wconf 89' lang='lat' dir='ltr'><strong><em>ac</em></strong></span> <span class='ocrx_word' id='word_1_147' title='bbox 905 2424 1088 2491; x_wconf 89' lang='lat' dir='ltr'><strong><em>nominibus</em></strong></span> <span class='ocrx_word' id='word_1_148' title='bbox 1121 2425 1258 2490; x_wconf 89' lang='lat' dir='ltr'><strong><em>reticitis</em></strong></span> <span class='ocrx_word' id='word_1_149' title='bbox 1289 2445 1360 2490; x_wconf 88' lang='lat' dir='ltr'><strong><em>esse</em></strong></span> 
     </span>
     <span class='ocr_line' id='line_1_19' title="bbox 178 2550 1360 2636; baseline -0.002 -20"><span class='ocrx_word' id='word_1_150' title='bbox 178 2550 413 2636; x_wconf 88' lang='lat' dir='ltr'><strong><em>proponendos,</em></strong></span> <span class='ocrx_word' id='word_1_151' title='bbox 436 2557 545 2617; x_wconf 87' lang='lat' dir='ltr'><strong><em>tamen</em></strong></span> <span class='ocrx_word' id='word_1_152' title='bbox 569 2552 667 2635; x_wconf 85' lang='lat' dir='ltr'><strong><em>aliqui</em></strong></span> <span class='ocrx_word' id='word_1_153' title='bbox 690 2552 758 2617; x_wconf 89' lang='lat' dir='ltr'><strong><em>sive</em></strong></span> <span class='ocrx_word' id='word_1_154' title='bbox 781 2570 825 2617; x_wconf 82' lang='lat' dir='ltr'><strong><em>ex</em></strong></span> <span class='ocrx_word' id='word_1_155' title='bbox 848 2551 1055 2617; x_wconf 81' lang='lat' dir='ltr'><strong><em>confessariis</em></strong></span> <span class='ocrx_word' id='word_1_156' title='bbox 1079 2551 1147 2616; x_wconf 84' lang='lat' dir='ltr'><strong><em>sive</em></strong></span> <span class='ocrx_word' id='word_1_157' title='bbox 1171 2570 1215 2616; x_wconf 82' lang='lat' dir='ltr'><strong><em>ex</em></strong></span> <span class='ocrx_word' id='word_1_158' title='bbox 1241 2551 1360 2615; x_wconf 89' lang='lat' dir='ltr'><strong><em>anima-</em></strong></span> 
     </span>
     <span class='ocr_line' id='line_1_20' title="bbox 181 2673 1360 2760; baseline 0 -22"><span class='ocrx_word' id='word_1_159' title='bbox 181 2695 251 2739; x_wconf 90' lang='lat' dir='ltr'><strong><em>rum</em></strong></span> <span class='ocrx_word' id='word_1_160' title='bbox 282 2674 463 2759; x_wconf 89' lang='lat' dir='ltr'><strong><em>pastoribus</em></strong></span> <span class='ocrx_word' id='word_1_161' title='bbox 493 2674 532 2739; x_wconf 90' lang='lat' dir='ltr'><strong><em>ab</em></strong></span> <span class='ocrx_word' id='word_1_162' title='bbox 564 2673 745 2739; x_wconf 87' lang='lat' dir='ltr'><strong><em>huiusmodi</em></strong></span> <span class='ocrx_word' id='word_1_163' title='bbox 776 2676 872 2760; x_wconf 83' lang='lat' dir='ltr'><strong><em>praxi</em></strong></span> <span class='ocrx_word' id='word_1_164' title='bbox 903 2675 1119 2747; x_wconf 79' lang='lat' dir='ltr'><strong><em>declinantes,</em></strong></span> <span class='ocrx_word' id='word_1_165' title='bbox 1151 2694 1245 2739; x_wconf 89' lang='lat' dir='ltr'><strong><em>casus</em></strong></span> <span class='ocrx_word' id='word_1_166' title='bbox 1275 2675 1360 2760; x_wconf 91' lang='lat' dir='ltr'><strong><em>ipsos</em></strong></span> 
     </span>
     <span class='ocr_line' id='line_1_21' title="bbox 179 2799 1359 2885; baseline 0 -23"><span class='ocrx_word' id='word_1_167' title='bbox 179 2799 283 2864; x_wconf 89' lang='lat' dir='ltr'><strong><em>literis</em></strong></span> <span class='ocrx_word' id='word_1_168' title='bbox 306 2800 427 2884; x_wconf 89' lang='lat' dir='ltr'><strong><em>apertis</em></strong></span> <span class='ocrx_word' id='word_1_169' title='bbox 442 2819 482 2865; x_wconf 91' lang='lat' dir='ltr'><strong><em>ac</em></strong></span> <span class='ocrx_word' id='word_1_170' title='bbox 497 2820 557 2885; x_wconf 91' lang='lat' dir='ltr'><strong><em>per</em></strong></span> <span class='ocrx_word' id='word_1_171' title='bbox 578 2803 809 2885; x_wconf 86' lang='lat' dir='ltr'><strong><em>procuratores</em></strong></span> <span class='ocrx_word' id='word_1_172' title='bbox 831 2801 928 2866; x_wconf 90' lang='lat' dir='ltr'><strong><em>etiam</em></strong></span> <span class='ocrx_word' id='word_1_173' title='bbox 952 2801 1054 2866; x_wconf 86' lang='lat' dir='ltr'><strong><em>laicos</em></strong></span> <span class='ocrx_word' id='word_1_174' title='bbox 1084 2820 1149 2864; x_wconf 94' lang='lat' dir='ltr'><strong><em>non</em></strong></span> <span class='ocrx_word' id='word_1_175' title='bbox 1173 2800 1276 2864; x_wconf 89' lang='lat' dir='ltr'><strong><em>solum</em></strong></span> <span class='ocrx_word' id='word_1_176' title='bbox 1301 2819 1359 2863; x_wconf 84' lang='lat' dir='ltr'><strong><em>ex-</em></strong></span> 
     </span>
     <span class='ocr_line' id='line_1_22' title="bbox 179 2920 1361 3009; baseline 0.002 -24"><span class='ocrx_word' id='word_1_177' title='bbox 179 2941 302 3006; x_wconf 93' lang='lat' dir='ltr'><strong><em>ponere</em></strong></span> <span class='ocrx_word' id='word_1_178' title='bbox 325 2920 381 2985; x_wconf 90' lang='lat' dir='ltr'><strong><em>sed</em></strong></span> <span class='ocrx_word' id='word_1_179' title='bbox 405 2926 438 2986; x_wconf 88' lang='lat' dir='ltr'><strong><em>et</em></strong></span> <span class='ocrx_word' id='word_1_180' title='bbox 461 2921 573 2986; x_wconf 89' lang='lat' dir='ltr'><strong><em>iisdem</em></strong></span> <span class='ocrx_word' id='word_1_181' title='bbox 597 2921 670 2987; x_wconf 91' lang='lat' dir='ltr'><strong><em>illos</em></strong></span> <span class='ocrx_word' id='word_1_182' title='bbox 692 2942 833 2987; x_wconf 90' lang='lat' dir='ltr'><strong><em>narrare</em></strong></span> <span class='ocrx_word' id='word_1_183' title='bbox 856 2921 897 2987; x_wconf 90' lang='lat' dir='ltr'><strong><em>ad</em></strong></span> <span class='ocrx_word' id='word_1_184' title='bbox 920 2922 984 2988; x_wconf 92' lang='lat' dir='ltr'><strong><em>hoc</em></strong></span> <span class='ocrx_word' id='word_1_185' title='bbox 1006 2930 1042 2990; x_wconf 90' lang='lat' dir='ltr'><strong><em>ut</em></strong></span> <span class='ocrx_word' id='word_1_186' title='bbox 1064 2943 1163 3008; x_wconf 92' lang='lat' dir='ltr'><strong><em>super</em></strong></span> <span class='ocrx_word' id='word_1_187' title='bbox 1185 2924 1263 3009; x_wconf 90' lang='lat' dir='ltr'><strong><em>ipsis</em></strong></span> <span class='ocrx_word' id='word_1_188' title='bbox 1285 2944 1361 3007; x_wconf 91' lang='lat' dir='ltr'><strong><em>sup-</em></strong></span> 
     </span>
     <span class='ocr_line' id='line_1_23' title="bbox 180 3043 1362 3130; baseline 0.002 -20"><span class='ocrx_word' id='word_1_189' title='bbox 180 3046 280 3130; x_wconf 89' lang='lat' dir='ltr'><strong><em>plices</em></strong></span> <span class='ocrx_word' id='word_1_190' title='bbox 304 3043 477 3111; x_wconf 89' lang='lat' dir='ltr'><strong><em>conficiant</em></strong></span> <span class='ocrx_word' id='word_1_191' title='bbox 498 3045 625 3111; x_wconf 91' lang='lat' dir='ltr'><strong><em>libellos</em></strong></span> <span class='ocrx_word' id='word_1_192' title='bbox 652 3045 684 3112; x_wconf 89' lang='lat' dir='ltr'><strong><em>S.</em></strong></span> <span class='ocrx_word' id='word_1_193' title='bbox 709 3046 986 3112; x_wconf 89' lang='lat' dir='ltr'><strong><em>Poenitentiariae</em></strong></span> <span class='ocrx_word' id='word_1_194' title='bbox 1017 3046 1226 3121; x_wconf 79' lang='lat' dir='ltr'><strong><em>exhibendos,</em></strong></span> <span class='ocrx_word' id='word_1_195' title='bbox 1257 3050 1362 3113; x_wconf 89' lang='lat' dir='ltr'><strong><em>inter-</em></strong></span> 
     </span>
     <span class='ocr_line' id='line_1_24' title="bbox 180 3168 1363 3255; baseline 0.002 -21"><span class='ocrx_word' id='word_1_196' title='bbox 180 3168 256 3234; x_wconf 91' lang='lat' dir='ltr'><strong><em>dum</em></strong></span> <span class='ocrx_word' id='word_1_197' title='bbox 280 3188 344 3233; x_wconf 91' lang='lat' dir='ltr'><strong><em>non</em></strong></span> <span class='ocrx_word' id='word_1_198' title='bbox 368 3168 556 3235; x_wconf 89' lang='lat' dir='ltr'><strong><em>abhorrent.</em></strong></span> <span class='ocrx_word' id='word_1_199' title='bbox 581 3168 673 3243; x_wconf 82' lang='lat' dir='ltr'><strong><em>Quod</em></strong></span> <span class='ocrx_word' id='word_1_200' title='bbox 697 3171 828 3254; x_wconf 88' lang='lat' dir='ltr'><strong><em>quidem</em></strong></span> <span class='ocrx_word' id='word_1_201' title='bbox 852 3174 1006 3255; x_wconf 88' lang='lat' dir='ltr'><strong><em>quantum</em></strong></span> <span class='ocrx_word' id='word_1_202' title='bbox 1029 3169 1184 3236; x_wconf 87' lang='lat' dir='ltr'><strong><em>dedeceat</em></strong></span> <span class='ocrx_word' id='word_1_203' title='bbox 1210 3176 1243 3236; x_wconf 91' lang='lat' dir='ltr'><strong><em>et</em></strong></span> <span class='ocrx_word' id='word_1_204' title='bbox 1265 3192 1363 3255; x_wconf 89' lang='lat' dir='ltr'><strong><em>quan·</em></strong></span> 
     </span>
     <span class='ocr_line' id='line_1_25' title="bbox 180 3294 1362 3380; baseline 0 -19"><span class='ocrx_word' id='word_1_205' title='bbox 180 3300 249 3361; x_wconf 88' lang='lat' dir='ltr'><strong><em>tum</em></strong></span> <span class='ocrx_word' id='word_1_206' title='bbox 272 3294 474 3378; x_wconf 82' lang='lat' dir='ltr'><strong><em>praeseferat</em></strong></span> <span class='ocrx_word' id='word_1_207' title='bbox 490 3295 642 3369; x_wconf 87' lang='lat' dir='ltr'><strong><em>scandali,</em></strong></span> <span class='ocrx_word' id='word_1_208' title='bbox 659 3314 754 3360; x_wconf 91' lang='lat' dir='ltr'><strong><em>nemo</em></strong></span> <span class='ocrx_word' id='word_1_209' title='bbox 769 3299 820 3361; x_wconf 86' lang='lat' dir='ltr'><strong><em>est</em></strong></span> <span class='ocrx_word' id='word_1_210' title='bbox 837 3297 892 3380; x_wconf 89' lang='lat' dir='ltr'><strong><em>qui</em></strong></span> <span class='ocrx_word' id='word_1_211' title='bbox 907 3315 972 3360; x_wconf 95' lang='lat' dir='ltr'><strong><em>non</em></strong></span> <span class='ocrx_word' id='word_1_212' title='bbox 987 3295 1085 3361; x_wconf 89' lang='lat' dir='ltr'><strong><em>videt.</em></strong></span> <span class='ocrx_word' id='word_1_213' title='bbox 1103 3296 1213 3371; x_wconf 85' lang='lat' dir='ltr'><strong><em>Quare</em></strong></span> <span class='ocrx_word' id='word_1_214' title='bbox 1229 3295 1260 3362; x_wconf 88' lang='lat' dir='ltr'><strong><em>S.</em></strong></span> <span class='ocrx_word' id='word_1_215' title='bbox 1278 3297 1362 3361; x_wconf 92' lang='lat' dir='ltr'><strong><em>Poe-</em></strong></span> 
     </span>
     <span class='ocr_line' id='line_1_26' title="bbox 181 3417 1363 3506; baseline 0.003 -24"><span class='ocrx_word' id='word_1_216' title='bbox 181 3419 369 3483; x_wconf 87' lang='lat' dir='ltr'><strong><em>nitentiaria</em></strong></span> <span class='ocrx_word' id='word_1_217' title='bbox 391 3417 477 3482; x_wconf 90' lang='lat' dir='ltr'><strong><em>hanc</em></strong></span> <span class='ocrx_word' id='word_1_218' title='bbox 500 3420 629 3483; x_wconf 89' lang='lat' dir='ltr'><strong><em>omnino</em></strong></span> <span class='ocrx_word' id='word_1_219' title='bbox 652 3418 889 3504; x_wconf 89' lang='lat' dir='ltr'><strong><em>reprobandam</em></strong></span> <span class='ocrx_word' id='word_1_220' title='bbox 914 3420 1030 3506; x_wconf 88' lang='lat' dir='ltr'><strong><em>agendi</em></strong></span> <span class='ocrx_word' id='word_1_221' title='bbox 1051 3422 1207 3485; x_wconf 89' lang='lat' dir='ltr'><strong><em>rationem</em></strong></span> <span class='ocrx_word' id='word_1_222' title='bbox 1224 3420 1363 3486; x_wconf 91' lang='lat' dir='ltr'><strong><em>emedio</em></strong></span> 
     </span>
     <span class='ocr_line' id='line_1_27' title="bbox 180 3543 1362 3629; baseline 0.002 -22"><span class='ocrx_word' id='word_1_223' title='bbox 180 3544 298 3607; x_wconf 89' lang='lat' dir='ltr'><strong><em>tollere</em></strong></span> <span class='ocrx_word' id='word_1_224' title='bbox 322 3544 462 3627; x_wconf 90' lang='lat' dir='ltr'><strong><em>cupiens,</em></strong></span> <span class='ocrx_word' id='word_1_225' title='bbox 493 3562 604 3608; x_wconf 89' lang='lat' dir='ltr'><strong><em>omnes</em></strong></span> <span class='ocrx_word' id='word_1_226' title='bbox 636 3549 668 3609; x_wconf 93' lang='lat' dir='ltr'><strong><em>et</em></strong></span> <span class='ocrx_word' id='word_1_227' title='bbox 698 3543 842 3629; x_wconf 87' lang='lat' dir='ltr'><strong><em>singulos</em></strong></span> <span class='ocrx_word' id='word_1_228' title='bbox 874 3543 1089 3611; x_wconf 83' lang='lat' dir='ltr'><strong><em>confessarios</em></strong></span> <span class='ocrx_word' id='word_1_229' title='bbox 1120 3549 1153 3612; x_wconf 93' lang='lat' dir='ltr'><strong><em>et</em></strong></span> <span class='ocrx_word' id='word_1_230' title='bbox 1181 3546 1362 3609; x_wconf 89' lang='lat' dir='ltr'><strong><em>animarum</em></strong></span> 
     </span>
     <span class='ocr_line' id='line_1_28' title="bbox 181 3668 1364 3756; baseline 0.002 -23"><span class='ocrx_word' id='word_1_231' title='bbox 181 3672 329 3752; x_wconf 89' lang='lat' dir='ltr'><strong><em>pastores</em></strong></span> <span class='ocrx_word' id='word_1_232' title='bbox 352 3670 497 3753; x_wconf 85' lang='lat' dir='ltr'><strong><em>graviter</em></strong></span> <span class='ocrx_word' id='word_1_233' title='bbox 513 3672 707 3735; x_wconf 85' lang='lat' dir='ltr'><strong><em>monetata</em></strong></span> <span class='ocrx_word' id='word_1_234' title='bbox 723 3669 890 3753; x_wconf 87' lang='lat' dir='ltr'><strong><em>praedicto</em></strong></span> <span class='ocrx_word' id='word_1_235' title='bbox 907 3669 1098 3735; x_wconf 88' lang='lat' dir='ltr'><strong><em>recurrendi</em></strong></span> <span class='ocrx_word' id='word_1_236' title='bbox 1114 3668 1209 3735; x_wconf 90' lang='lat' dir='ltr'><strong><em>modo</em></strong></span> <span class='ocrx_word' id='word_1_237' title='bbox 1228 3690 1364 3756; x_wconf 88' lang='lat' dir='ltr'><strong><em>prorsus</em></strong></span> 
     </span>
     <span class='ocr_line' id='line_1_29' title="bbox 183 3791 1365 3879; baseline 0.003 -22"><span class='ocrx_word' id='word_1_238' title='bbox 183 3791 376 3858; x_wconf 87' lang='lat' dir='ltr'><strong><em>abstineant.</em></strong></span> <span class='ocrx_word' id='word_1_239' title='bbox 402 3792 573 3858; x_wconf 87' lang='lat' dir='ltr'><strong><em>Caeterum</em></strong></span> <span class='ocrx_word' id='word_1_240' title='bbox 597 3794 623 3859; x_wconf 89' lang='lat' dir='ltr'><strong><em>si</em></strong></span> <span class='ocrx_word' id='word_1_241' title='bbox 654 3814 753 3878; x_wconf 88' lang='lat' dir='ltr'><strong><em>opera</em></strong></span> <span class='ocrx_word' id='word_1_242' title='bbox 782 3795 919 3860; x_wconf 88' lang='lat' dir='ltr'><strong><em>alicuius</em></strong></span> <span class='ocrx_word' id='word_1_243' title='bbox 953 3796 1175 3879; x_wconf 87' lang='lat' dir='ltr'><strong><em>procuratoris</em></strong></span> <span class='ocrx_word' id='word_1_244' title='bbox 1205 3796 1238 3859; x_wconf 89' lang='lat' dir='ltr'><strong><em>in</em></strong></span> <span class='ocrx_word' id='word_1_245' title='bbox 1268 3795 1365 3861; x_wconf 87' lang='lat' dir='ltr'><strong><em>Alma</em></strong></span> 
     </span>
     <span class='ocr_line' id='line_1_30' title="bbox 183 3916 1365 4003; baseline -0.001 -20"><span class='ocrx_word' id='word_1_246' title='bbox 183 3916 270 3983; x_wconf 86' lang='lat' dir='ltr'><strong><em>Urbe</em></strong></span> <span class='ocrx_word' id='word_1_247' title='bbox 294 3917 340 3983; x_wconf 91' lang='lat' dir='ltr'><strong><em>uti</em></strong></span> <span class='ocrx_word' id='word_1_248' title='bbox 363 3916 485 3997; x_wconf 88' lang='lat' dir='ltr'><strong><em>volunt,</em></strong></span> <span class='ocrx_word' id='word_1_249' title='bbox 509 3918 621 3982; x_wconf 90' lang='lat' dir='ltr'><strong><em>literas</em></strong></span> <span class='ocrx_word' id='word_1_250' title='bbox 644 3916 829 4003; x_wconf 84' lang='lat' dir='ltr'><strong><em>obsignatas</em></strong></span> <span class='ocrx_word' id='word_1_251' title='bbox 851 3918 1060 4003; x_wconf 88' lang='lat' dir='ltr'><strong><em>praelaudato</em></strong></span> <span class='ocrx_word' id='word_1_252' title='bbox 1083 3919 1176 3984; x_wconf 89' lang='lat' dir='ltr'><strong><em>Gard.</em></strong></span> <span class='ocrx_word' id='word_1_253' title='bbox 1195 3921 1365 3984; x_wconf 92' lang='lat' dir='ltr'><strong><em>Poeniten·</em></strong></span> 
     </span>
     <span class='ocr_line' id='line_1_31' title="bbox 182 4040 1364 4128; baseline 0.003 -25"><span class='ocrx_word' id='word_1_254' title='bbox 182 4040 277 4105; x_wconf 87' lang='lat' dir='ltr'><strong><em>tiario</em></strong></span> <span class='ocrx_word' id='word_1_255' title='bbox 301 4040 419 4106; x_wconf 88' lang='lat' dir='ltr'><strong><em>Maiori</em></strong></span> <span class='ocrx_word' id='word_1_256' title='bbox 443 4040 626 4115; x_wconf 88' lang='lat' dir='ltr'><strong><em>tradendas,</em></strong></span> <span class='ocrx_word' id='word_1_257' title='bbox 652 4043 834 4127; x_wconf 89' lang='lat' dir='ltr'><strong><em>suppressis</em></strong></span> <span class='ocrx_word' id='word_1_258' title='bbox 856 4041 1037 4107; x_wconf 89' lang='lat' dir='ltr'><strong><em>nominibus</em></strong></span> <span class='ocrx_word' id='word_1_259' title='bbox 1060 4041 1101 4106; x_wconf 88' lang='lat' dir='ltr'><strong><em>ad</em></strong></span> <span class='ocrx_word' id='word_1_260' title='bbox 1125 4044 1226 4128; x_wconf 89' lang='lat' dir='ltr'><strong><em>ipsum</em></strong></span> <span class='ocrx_word' id='word_1_261' title='bbox 1250 4063 1364 4128; x_wconf 89' lang='lat' dir='ltr'><strong><em>procu-</em></strong></span> 
     </span>
     <span class='ocr_line' id='line_1_32' title="bbox 182 4162 1365 4247; baseline 0.006 -24"><span class='ocrx_word' id='word_1_262' title='bbox 182 4165 326 4225; x_wconf 85' lang='lat' dir='ltr'><strong><em>ratorem</em></strong></span> <span class='ocrx_word' id='word_1_263' title='bbox 356 4162 577 4227; x_wconf 88' lang='lat' dir='ltr'><strong><em>transmittere</em></strong></span> <span class='ocrx_word' id='word_1_264' title='bbox 608 4163 734 4247; x_wconf 90' lang='lat' dir='ltr'><strong><em>quidem</em></strong></span> <span class='ocrx_word' id='word_1_265' title='bbox 768 4168 935 4247; x_wconf 82' lang='lat' dir='ltr'><strong><em>poterunt3</em></strong></span> <span class='ocrx_word' id='word_1_266' title='bbox 967 4168 1018 4229; x_wconf 89' lang='lat' dir='ltr'><strong><em>ast</em></strong></span> <span class='ocrx_word' id='word_1_267' title='bbox 1047 4170 1241 4230; x_wconf 88' lang='lat' dir='ltr'><strong><em>memoratos</em></strong></span> <span class='ocrx_word' id='word_1_268' title='bbox 1272 4184 1365 4230; x_wconf 87' lang='lat' dir='ltr'><strong><em>casus</em></strong></span> 
     </span>
    </p>
   </div>
   <div class='ocr_carea' id='block_1_3' title="bbox 183 4284 1365 4374">
    <p class='ocr_par' dir='ltr' id='par_1_5' title="bbox 183 4284 1365 4374">
     <span class='ocr_line' id='line_1_33' title="bbox 183 4284 1365 4374; baseline 0.004 -24"><span class='ocrx_word' id='word_1_269' title='bbox 183 4284 214 4350; x_wconf 92' lang='lat' dir='ltr'><strong><em>S.</em></strong></span> <span class='ocrx_word' id='word_1_270' title='bbox 241 4286 515 4351; x_wconf 90' lang='lat' dir='ltr'><strong><em>Poenitentiariae</em></strong></span> <span class='ocrx_word' id='word_1_271' title='bbox 538 4287 763 4374; x_wconf 89' lang='lat' dir='ltr'><strong><em>proponendos</em></strong></span> <span class='ocrx_word' id='word_1_272' title='bbox 788 4308 952 4372; x_wconf 89' lang='lat' dir='ltr'><strong><em>nunquam</em></strong></span> <span class='ocrx_word' id='word_1_273' title='bbox 976 4295 1010 4355; x_wconf 88' lang='lat' dir='ltr'><strong><em>et</em></strong></span> <span class='ocrx_word' id='word_1_274' title='bbox 1031 4289 1206 4355; x_wconf 89' lang='lat' dir='ltr'><strong><em>nullimode</em></strong></span> <span class='ocrx_word' id='word_1_275' title='bbox 1226 4310 1365 4355; x_wconf 88' lang='lat' dir='ltr'><strong><em>narrare</em></strong></span> 
     </span>
    </p>
   </div>
   <div class='ocr_carea' id='block_1_4' title="bbox 182 4410 1223 4601">
    <p class='ocr_par' dir='ltr' id='par_1_6' title="bbox 182 4410 1223 4601">
     <span class='ocr_line' id='line_1_34' title="bbox 182 4410 680 4479; baseline 0.004 -5"><span class='ocrx_word' id='word_1_276' title='bbox 182 4428 240 4474; x_wconf 91' lang='lat' dir='ltr'><strong><em>seu</em></strong></span> <span class='ocrx_word' id='word_1_277' title='bbox 264 4410 472 4478; x_wconf 82' lang='lat' dir='ltr'><strong><em>manifestare</em></strong></span> <span class='ocrx_word' id='word_1_278' title='bbox 494 4411 634 4479; x_wconf 88' lang='lat' dir='ltr'><strong><em>audeant</em></strong></span> <span class='ocrx_word' id='word_1_279' title='bbox 649 4433 680 4476; x_wconf 72' lang='lat' dir='ltr'><strong><em>s.</em></strong></span> 
     </span>
     <span class='ocr_line' id='line_1_35' title="bbox 331 4532 1223 4601; baseline 0.004 -16"><span class='ocrx_word' id='word_1_280' title='bbox 331 4532 391 4585; x_wconf 81' lang='lat' dir='ltr'><strong><em>Sao.</em></strong></span> <span class='ocrx_word' id='word_1_281' title='bbox 412 4532 489 4601; x_wconf 76' lang='lat' dir='ltr'><strong><em>Lapa</em></strong></span> <span class='ocrx_word' id='word_1_282' title='bbox 1186 4538 1223 4589; x_wconf 78' lang='grc'><strong><em>22</em></strong></span> 
     </span>
    </p>
   </div>
   <div class='ocr_carea' id='block_1_5' title="bbox 0 0 1662 5109">
    <p class='ocr_par' dir='ltr' id='par_1_7' title="bbox 0 0 1662 5109">
     <span class='ocr_line' id='line_1_36' title="bbox 0 0 1662 5109; baseline 0 0"><span class='ocrx_word' id='word_1_283' title='bbox 0 0 1662 5109; x_wconf 95' lang='lat' dir='ltr'><strong><em> </em></strong></span> 
     </span>
    </p>
   </div>
  </div>
 </body>
</html>
