3292 5109
496 292 541 339 ns
564 290 703 339 marcus
726 289 993 339 accnasmsrrcm
1279 270 1343 338 201

166 419 220 480 est
241 420 370 481 utana
393 416 502 481 citatio
522 414 758 499 peremptoria
782 414 854 479 dari
875 413 993 488 soleat,
1017 433 1079 498 qua
1102 380 1219 499 nempe
1241 417 1350 497 spreta

166 543 241 627 quis
263 540 402 608 habetur
425 546 611 610 contumax.
635 542 761 609 Verum
785 559 852 605 non
879 536 1069 626 proceditur
1094 544 1209 604 contra
1235 542 1349 604 contu·

167 684 295 731 macem
311 666 373 730 nisi
388 672 479 731 certo
499 669 635 747 constet,
652 666 838 765 citationem
853 663 894 730 ad
911 683 985 729 eum
1004 665 1202 750 pervenisse,
1218 662 1298 728 adeo
1313 668 1350 729 ut

166 788 196 852 si
219 806 325 872 neque
348 787 552 875 responderit
574 808 680 875 neque
702 788 890 853 dilationem
911 787 1101 854 ulteriorem
1124 788 1271 874 petierit,
1294 787 1349 853 tri·

167 908 331 978 buendum
357 912 399 978 ait
421 914 529 979 animo
551 932 587 978 se
610 911 766 979 reddendi
790 916 1024 979 contumacem.
1048 912 1198 977 Ceterum
1216 912 1349 995 quisque

167 1040 275 1120 potest
301 1056 444 1123 purgare
466 1056 524 1103 seu
547 1056 707 1105 excusare
732 1038 900 1123 propriam
926 1038 1160 1103 contumaciam
1183 1034 1348 1123 probando

165 1176 285 1225 causas
307 1159 347 1225 ob
371 1180 450 1245 quas
473 1182 664 1249 comparere
686 1162 773 1228 haud
795 1163 908 1248 potuit.

263 1283 337 1351 170.
361 1285 436 1350 Art.
452 1287 498 1351 11.
518 1307 537 1348 ι
553 1286 774 1371 Allegationes
790 1292 824 1351 et
839 1285 1024 1366 summaria,
1039 1283 1153 1369 quibus
1173 1300 1283 1369 partes
1302 1284 1347 1348 uti

167 1405 336 1475 voluerint
365 1410 398 1475 in
421 1426 539 1475 causae
561 1410 798 1497 propositione,
824 1408 1010 1476 Secretario
1033 1408 1085 1473 vel
1108 1409 1177 1473 eius
1200 1406 1348 1472 Auditori

166 1530 207 1595 in
229 1533 365 1617 seraptis
379 1535 559 1609 tradentur.
575 1537 711 1624 triginta
726 1534 838 1603 diebus
852 1543 929 1601 ante
947 1554 1066 1601 causae
1088 1535 1347 1621 propositionem:

167 1656 247 1739 (qua
269 1656 311 1723 de
334 1679 372 1724 re
394 1659 612 1727 monebantur
644 1660 757 1728 decem
787 1661 901 1727 diebus
929 1666 1005 1726 ante
1035 1661 1076 1728 ab
1100 1658 1281 1747 Auditore).
1312 1659 1350 1724 ld

167 1788 279 1849 autem
303 1782 446 1851 deltam
470 1792 506 1854 ut
528 1788 621 1853 condi
645 1788 744 1875 possit
768 1790 931 1854 rationum
958 1807 1082 1851 summa
1104 1785 1247 1870 infolio
1270 1804 1349 1850 exa·

170 1902 289 1979 nanda,
317 1910 385 1971 tum
416 1914 452 1973 ut
481 1908 636 1975 facultate
658 1910 826 1975 muniatur
855 1928 911 1975 aas
941 1908 1144 1995 imprimendi
1175 1906 1349 1973 advocatus
1399 1894 1407 1925 ⁸

169 2026 241 2092 sive
263 2034 507 2114 procurator».

261 2155 336 2219 Art.
354 2156 408 2221 12.
427 2179 446 2220 ι
462 2157 770 2224 Animadversiones
786 2157 967 2223 defensoris
990 2157 1089 2222 latino
1112 2175 1262 2222 sermone
1277 2174 1350 2221 con·

170 2275 358 2343 scribentur
380 2280 472 2348 iuxta
490 2282 654 2367 vigentem
677 2281 827 2366 praxim;
848 2300 955 2366 neque
977 2285 1197 2367 acceptantur,
1213 2281 1274 2345 nisi
1294 2298 1349 2343 eas

169 2400 400 2490 subscripserit
421 2406 537 2492 aliquis
562 2427 605 2473 ex
625 2408 793 2473 Romanae
817 2407 935 2472 Curiae
951 2408 1126 2474 Advocatio
1148 2406 1201 2471 vel
1225 2407 1350 2472 Procu-

171 2525 336 2594 ratoribus
352 2549 382 2593 ›.
408 2530 513 2596 Relati
538 2532 667 2598 articuli
694 2530 806 2596 iubent
829 2537 866 2599 ut
887 2535 999 2616 partes
1020 2534 1075 2595 aot
1098 2550 1210 2595 eorum
1233 2548 1350 2616 procu·

170 2658 301 2720 ratores
324 2660 358 2722 et
379 2655 529 2721 advocati
551 2656 785 2743 quodraginta
816 2654 929 2721 diebus
959 2660 1036 2722 ante
1066 2674 1183 2720 causae
1205 2657 1351 2741 proposi·

169 2776 291 2843 tionem
315 2786 508 2845 moneantur
531 2779 571 2845 de
593 2779 839 2865 praesentandis
872 2778 1118 2866 allegationibus
1139 2776 1290 2861 emptis,
1313 2776 1351 2842 ia

172 2903 316 2970 terrnino
348 2904 464 2971 decem
494 2904 652 2987 dieram
674 2924 731 2969 seu
754 2904 798 2970 30
821 2903 933 2969 diebus
956 2908 1033 2969 ante
1055 2902 1183 2988 plenam
1206 2902 1351 2987 Congre-

169 3029 345 3116 gationem.
363 3034 399 3094 ut
413 3029 544 3093 interim
567 3047 667 3113 opera
689 3027 865 3093 Secretarii
884 3032 941 3092 aut
956 3029 1024 3093 eius
1048 3026 1213 3093 Auditoris
1236 3024 1352 3089 edatur

169 3153 295 3235 sotium
318 3173 363 3220 em
386 3154 516 3239 offici05
540 3174 689 3219 necnon
713 3160 748 3219 ut
770 3154 962 3239 scripturae,
979 3153 1005 3218 si
1029 3152 1157 3218 decenti
1178 3149 1265 3236 stylo
1286 3150 1352 3215 sint

170 3282 329 3341 exaratae
345 3282 378 3341 et
393 3295 539 3362 congrue
561 3275 779 3363 respondeant
804 3273 1051 3359 quaestionibus,
1069 3293 1173 3358 neque
1189 3271 1264 3357 quid
1279 3290 1351 3337 con-

170 3402 298 3466 tineant
332 3401 479 3467 iniuriosi
502 3405 558 3467 aut
581 3400 814 3473 contumeliosi,
838 3399 1026 3465 muniantur
1055 3398 1210 3464 facultate
1240 3398 1352 3483 impri-

170 3523 291 3605 mendi,
315 3522 375 3589 sub
398 3523 539 3590 formula
557 3524 684 3607 poterit
712 3516 877 3607 imprimi.
911 3523 1029 3589 Notatu
1052 3521 1182 3607 dignum
1206 3524 1272 3596 est,
1295 3520 1352 3584 de·

171 3646 357 3713 fensionum
387 3646 512 3714 libellos
543 3646 700 3714 subscribi
732 3648 852 3714 debere
875 3646 915 3712 ab
938 3645 1094 3712 advocato
1117 3646 1169 3711 vel
1192 3665 1213 3710 a
1234 3664 1352 3731 procu·

174 3778 295 3839 ratore.
321 3773 417 3839 Ratio
441 3778 551 3847 estut
571 3774 644 3838 iura
664 3775 804 3860 partium
828 3772 945 3838 iudicio
969 3769 1186 3837 exhibeantur
1209 3789 1353 3855 congrue

172 3896 335 3963 illustrata
359 3898 559 3982 argumentis
583 3897 662 3962 iuris
684 3902 717 3963 et
739 3896 834 3972 tacti3
858 3917 915 3962 seu
932 3903 966 3963 ut
987 3896 1151 3983 legitimae
1174 3896 1353 3962 defensioni

171 4022 229 4090 fiat
243 4024 346 4090 locus.
370 4023 433 4089 Sed
457 4023 572 4108 aliquis
595 4022 707 4089 modus
736 4022 903 4109 ponendus
927 4028 1000 4090 erat
1022 4024 1191 4107 scripturis
1205 4028 1354 4109 patrono·

174 4170 257 4224 rum,
281 4169 323 4214 ne
346 4170 430 4234 pene
453 4154 561 4215 essent
583 4146 741 4224 infinitam
767 4147 851 4213 unde
875 4154 1005 4213 cautum
1028 4147 1089 4213 tuit
1110 4149 1145 4211 in

263 4272 338 4338 Art.
363 4270 417 4337 13:
443 4293 462 4335 c
482 4270 644 4357 Quotquot
667 4273 731 4337 sint
753 4270 864 4345 dubia,
888 4272 1098 4357 allegationes
1122 4278 1253 4356 praeter
1275 4271 1354 4336 folia

174 4394 326 4480 quinque
350 4400 382 4461 et
405 4396 632 4480 responsiones
655 4400 787 4481 praeter
810 4393 888 4459 lolia
911 4394 980 4459 duo
1003 4394 1151 4479 protrahi
1175 4414 1240 4460 non
1262 4402 1353 4481 pote·
