3292 5109
479 342 523 389 nn
546 342 686 390 romeus
700 340 985 395 ,sconnsrnsrrcrs
1261 321 1331 388 355

149 470 225 529 tore
247 482 420 529 concessae
448 462 573 528 cuidam
604 464 779 529 Doctorum
809 463 914 528 coetui
944 461 1101 528 habemus
1130 462 1164 527 in
1194 460 1333 528 historia

154 589 299 654 Romana
327 591 361 653 in
391 587 515 673 ephoca
545 589 781 671 Imperatorum
814 588 867 671 qui
898 586 939 651 ad
969 586 1081 653 dubias
1108 586 1199 673 leges
1222 585 1333 652 decla·

153 712 272 778 randas
295 711 466 776 nonnullos
491 711 737 777 iurisconsultus
766 710 979 797 designarunt
1001 730 1137 795 quorum
1165 729 1356 795 responsa·

151 838 344 905 dicebantur
362 838 575 921 prudentum
598 842 631 903 et
652 838 721 903 vim
745 838 828 921 lepis
851 836 1013 903 habebant
1035 838 1111 922 quin
1141 839 1209 904 ulla
1231 840 1334 906 inter-

152 965 287 1031 cederet
308 966 532 1051 promulgatio:
557 964 599 1029 ct.
617 965 783 1030 iustiniani
809 964 886 1029 Inst.
912 963 1057 1030 Detur.
1081 962 1160 1029 Nat.
1185 963 1280 1030 Gent.
1302 968 1337 1029 et

159 1088 226 1155 Ciu.
243 1088 457 1171 §Responsa
473 1084 518 1173 (l)
529 1089 752 1171 prudentum.
779 1087 930 1172 idemque
946 1089 1142 1153 lastinianus
1160 1092 1330 1173 postquam

85 1272 90 1281 .
155 1210 373 1297 prohibuisset
396 1211 596 1295 privatorum
624 1212 882 1282 commentarios,
906 1210 927 1273 l.
951 1212 979 1283 1,
1006 1210 1086 1276 Cod.
1111 1210 1154 1276 de
1176 1210 1244 1275 iar.
1267 1216 1330 1277 aet.

157 1337 276 1411 enucl„
301 1335 463 1401 nonnullis
487 1336 726 1399 iurisconsultis
750 1355 808 1399 seu
837 1334 1068 1401 Prudentibus
1098 1334 1336 1421 interpretandi

154 1460 346 1554 authentice
369 1459 456 1524 dedit
478 1460 702 1524 auctoritatem
726 1460 746 1523 l.
765 1458 816 1525 cit.
834 1460 857 1541 5
873 1458 942 1525 Sea
962 1478 1084 1545 neque,
1107 1461 1198 1526 aiens
1220 1461 1338 1528 horum

158 1589 245 1655 dicta
266 1586 415 1652 habenda
438 1575 564 1651 esses«
588 1587 762 1671 Tamquam
778 1605 797 1649 a
813 1591 924 1650 nostro
948 1585 1055 1650 divino
1078 1606 1136 1650 ore
1156 1586 1334 1672 profusa...

156 1712 241 1798 quia
256 1712 375 1777 metuo
392 1710 519 1776 Nostra
533 1709 682 1793 facimus
698 1709 819 1793 quibus
832 1710 1066 1776 auctoritatem
1082 1711 1286 1795 impertimur
1302 1732 1334 1777 ›.

162 1839 292 1901 Revera
313 1834 386 1921 lege
402 1834 465 1898 iam
487 1834 628 1918 vigente,
646 1834 764 1917 poterit
786 1833 855 1897 eius
870 1835 920 1897 vis
942 1835 1059 1918 partim
1083 1833 1136 1898 vel
1152 1854 1195 1898 ex
1210 1835 1339 1921 integro

159 1960 312 2046 suspendi
336 1959 375 2023 ob
403 1957 498 2023 dubia
529 1957 569 2023 de
599 1958 667 2023 eius
698 1955 931 2043 significatione
962 1965 1093 2032 exorta,
1118 1979 1200 2043 quae
1228 1963 1340 2025 amen

160 2090 268 2155 statim
292 2107 331 2151 ac
349 2072 414 2173 ¹per
428 2088 603 2172 legitimam
620 2088 921 2171 interpretationem
937 2088 1098 2171 explicata
1119 2094 1152 2154 et
1174 2088 1340 2153 declarata

162 2214 292 2287 fuerint,
317 2213 373 2278 lex
398 2232 461 2276 non
485 2212 620 2297 amplius
644 2212 748 2285 dubia,
778 2232 869 2277 suam
897 2214 1024 2297 integre
1048 2215 1154 2278 exerit
1177 2212 1341 2299 obligandi

161 2335 351 2403 efficaciam.
377 2335 440 2401 Sed
472 2356 529 2401 nos
558 2336 694 2401 inferius
724 2335 945 2421 probabimus,
971 2336 1206 2402 declarationes
1229 2342 1263 2402 et
1284 2336 1343 2402 de-

163 2468 255 2527 creta
285 2462 315 2527 S.
340 2460 374 2528 C.
401 2462 499 2547 Cong.
525 2461 585 2543 edi,
613 2481 651 2525 ea
678 2466 807 2525 servata
838 2460 998 2541 methodo,
1026 2467 1060 2526 nt
1087 2460 1250 2528 sufficiens
1276 2482 1343 2529 non

164 2588 248 2655 desit
274 2586 489 2671 promulgatio
520 2588 704 2651 necessaria
726 2586 766 2651 ad
798 2586 1042 2671 impertiendam
1066 2587 1131 2651 vim
1154 2587 1253 2673 legis,
1277 2608 1344 2652 non

164 2720 289 2781 tantum
312 2712 506 2777 authenticis
528 2712 848 2797 interpretationibus
872 2712 1155 2795 cornprebensivis
1171 2712 1227 2778 sed
1247 2712 1345 2777 etiam

164 2837 356 2905 eateauuts.

255 2961 330 3028 291.
357 2960 572 3024 Nihilominus
587 2978 670 3043 pene
694 2958 883 3023 incredibile
898 2964 947 3024 est
962 2965 1083 3043 quanta
1102 2961 1287 3046 opinionum
1303 2960 1347 3026 di-

166 3088 320 3152 versitate
344 3086 499 3149 Doctores
522 3083 584 3148 hac
604 3083 643 3147 de
659 3103 697 3148 re
713 3085 890 3147 sententias
911 3085 1056 3148 tulerint.
1082 3085 1218 3151 Occasio
1233 3091 1341 3151 autem

167 3209 348 3296 inquirendi
366 3207 513 3273 subtilius
528 3206 567 3273 de
580 3208 692 3272 valore
708 3208 825 3272 harum
840 3207 1095 3274 declarationum
1110 3209 1221 3276 habita
1241 3214 1290 3277 est
1305 3210 1346 3276 ob

168 3340 281 3400 enatae
293 3334 496 3417 quaestiones
511 3330 550 3396 de
562 3334 594 3396 vi
609 3332 923 3415 interpretationum,
937 3351 1016 3415 quas
1028 3332 1092 3397 edit
1108 3334 1139 3399 S.
1153 3332 1253 3419 Cong.
1267 3332 1349 3400 Con·

169 3459 236 3523 cilii
259 3458 292 3521 iu
317 3456 461 3521 Canones
478 3453 691 3518 Tridentinae.
717 3452 822 3527 Quum
846 3454 931 3517 enim
947 3453 1011 3517 hoc
1027 3454 1204 3521 Concilium
1220 3475 1349 3521 omnem

169 3586 315 3671 attigerit
337 3589 369 3649 et
392 3580 576 3646 moderatus
599 3581 641 3645 sit
661 3580 912 3647 ecclesiasticam
937 3580 1148 3666 disciplinam,
1173 3581 1350 3649 Pontifices

170 3731 251 3776 vero
266 3709 324 3775 sibi
349 3708 507 3793 privative
523 3712 620 3771 antea
636 3707 881 3770 reservaverint
901 3705 1087 3772 facultatem
1110 3708 1349 3793 interpretandi

263 3938 301 4010 (l)
321 3939 426 3993 Tantus
445 3938 485 3991 ita
503 3953 534 3991 se
552 3935 651 3991 habet:
670 3936 844 4006 «Responsa
866 3936 1033 4007 prudentum
1056 3942 1122 3993 sunt
1146 3939 1303 3996 sententiae
1322 3946 1352 3997 et

171 4047 318 4117 opiniones
345 4061 441 4099 eorum
464 4043 565 4114 quibus
589 4042 752 4113 permissum
779 4046 840 4097 erat
863 4043 926 4097 iura
950 4044 1075 4099 condere.
1101 4044 1173 4098 Nam
1197 4047 1354 4118 antiquitus

174 4154 333 4207 institutum
352 4156 421 4217 arat,
439 4154 472 4205 ut
490 4153 583 4205 essent
595 4150 642 4220 qui
662 4149 771 4220 publice
788 4150 850 4203 iura
863 4150 1123 4219 interpretarentur,
1136 4152 1237 4222 quibus
1249 4170 1267 4206 a
1279 4152 1350 4208 Cae·

173 4274 237 4312 sere
262 4257 307 4311 ius
334 4254 516 4325 respondendi
542 4254 638 4309 datum
663 4258 706 4310 est
730 4256 778 4326 qui
807 4253 996 4309 iurisconsulti
1024 4255 1211 4326 appellantur,
1235 4273 1354 4329 quorum

173 4361 299 4415 omniurn
317 4360 461 4429 opiniones
480 4365 509 4415 et
526 4360 683 4416 sententiae
702 4376 764 4417 eam
782 4360 979 4416 auctoritatam
997 4362 1133 4417 tenebant
1150 4365 1183 4417 ut
1201 4361 1286 4418 iudici
1305 4380 1354 4420 re-

175 4466 274 4523 cedere
292 4482 309 4521 a
329 4482 459 4537 responso
478 4482 574 4521 eorum
593 4483 648 4522 non
667 4466 773 4535 liceret,
793 4471 825 4522 ut
843 4472 886 4522 est
904 4467 1087 4523 constitutum
1100 4485 1126 4526 r.
