3292 5109
439 289 527 344 QUAE
552 289 587 336 ΙΝ
611 289 718 336 Pnlno
737 287 914 337 vonimus
938 288 1176 337 CONTINENTUR

263 408 459 478 Praescriptio.
474 437 507 450 -·
521 407 608 470 Quid?
625 425 687 479 pag.
701 409 769 464 315-

211 479 252 534 17.
266 509 282 520 -
295 478 391 540 Qualis
403 496 463 535 esso
476 481 566 547 debet,
581 498 643 550 pag.
656 481 769 534 317-20.

209 581 225 592 ·
239 550 278 606 De
288 551 492 605 conditionibus
505 553 531 604 in
543 553 634 621 specie
643 549 677 605 sd
688 569 769 622 prae·

209 622 392 690 scribendum,
413 639 474 694 pag.
488 621 599 677 320-22.
612 655 629 664 -
644 623 682 677 De
699 627 769 678 bona

208 696 264 763 fide
283 695 440 749 necessaris
459 694 492 746 ad
518 695 769 763 praescribendum,

210 781 273 836 pag.
284 765 405 834 1323-26.
425 795 440 806 -
461 765 499 820 De
518 768 591 820 iusto
610 766 693 820 titulo
706 774 769 832 etc,

210 854 272 906 pag.
292 837 404 890 326-27.
419 865 434 876 —
450 835 489 891 Da
502 838 575 891 insta
589 839 769 906 possessione,

209 925 272 979 pag.
292 909 353 961 327.
373 939 388 948 -
408 908 549 970 Quomodo
571 910 706 977 possessio
726 911 769 962 in-

212 986 399 1048 terrumpatur
421 987 471 1033 aut
495 981 687 1049 suspendatur,
707 997 769 1050 pag.

209 1051 325 1106 327-30.
346 1081 360 1090 -
381 1051 421 1105 De
440 1057 563 1120 tempore
582 1051 616 1104 ad
635 1053 770 1121 praescri·

209 1123 329 1178 bendum
358 1124 499 1193 requisito,
529 1138 590 1192 pag.
615 1123 727 1176 330-33.
754 1153 769 1163 -

210 1194 249 1249 De
262 1194 364 1248 effectu
384 1195 616 1264 pmescriptionis,
629 1193 719 1265 quoad
734 1195 771 1248 ti·

210 1265 308 1329 tulum,
323 1281 384 1334 pag.
395 1265 456 1324 334:
468 1295 482 1304 -
494 1265 583 1335 quoad
597 1283 654 1320 rem
668 1271 771 1335 sptem,

209 1353 272 1406 pag.
289 1336 401 1402 334-35,
415 1366 430 1376 -
445 1337 534 1407 quoad
547 1338 647 1390 iustam
662 1352 771 1405 posses·

209 1407 323 1474 sionem,
350 1425 411 1476 pag.
437 1407 499 1472 335;
517 1439 534 1449 -
555 1408 644 1478 quoad
670 1410 770 1462 bonam

209 1480 301 1542 fidem,
324 1495 385 1604 pag.
410 1477 472 1543 335;
498 1509 513 1520 -
537 1480 626 1551 quoad
652 1484 771 1549 tempus,

209 1568 272 1620 pag.
292 1550 356 1604 336·
379 1551 404 1603 7.

263 1691 456 1762 Praesumptio
476 1721 510 1734 -
529 1693 598 1746 iuris
616 1697 659 1748 est
673 1692 770 1746 modus

210 1765 382 1832 probationis
395 1764 504 1833 legetis,
519 1781 580 1833 pag.
595 1765 647 1818 458
661 1770 689 1818 et
703 1765 771 1818 462-

210 1837 253 1888 61.
279 1863 294 1874 -
320 1836 403 1888 Notio
432 1836 679 1904 praesumptionis,
707 1851 769 1905 pag.

209 1907 271 1970 5253
291 1935 306 1946 -
325 1907 382 1960 alis
400 1907 469 1960 iuris
488 1907 545 1960 alia
565 1907 693 1973 hominis,
708 1923 770 1976 pag.

209 1979 322 2031 525-26.
336 2007 352 2017 -
366 1979 558 2046 Praesumptio
569 1979 637 2031 iuris
650 1985 769 2043 tautum,

210 2055 240 2103 et
258 2049 327 2102 iuris
345 2054 374 2102 et
392 2049 425 2103 de
444 2051 513 2108 iure.
533 2065 595 2118 pag.
615 2051 677 2103 5‘26.
693 2080 707 2090 -
723 2049 772 2102 Vis

209 2121 363 2189 utriusqus,
382 2137 443 2188 pag.
460 2121 520 2174 527.
535 2151 550 2160 -
564 2119 705 2180 Quomodo
717 2121 772 2174 dit·

209 2194 302 2246 ferant
314 2193 387 2244 inter
400 2208 438 2255 se,
452 2207 514 2260 pag.
527 2192 640 2245 528-29.
655 2222 670 2232 -
685 2193 772 2246 Prae-

210 2263 381 2331 sumptiones
394 2261 501 2332 legates
519 2263 730 2332 distinguuntur
756 2281 772 2317 a

209 2335 365 2404 fictionibus
384 2337 463 2399 iuris,
483 2349 545 2404 pag.
567 2333 628 2388 530.

264 2475 451 2544 Prioilspium
468 2505 502 2518 -
518 2478 731 2545 competentiae,
745 2481 774 2532 et

210 2547 387 2618 privilegium
406 2563 440 2602 ex
461 2549 502 2601 tit.
523 2549 564 2601 De
590 2549 701 2602 clericis
719 2566 772 2619 pe-

210 2621 419 2689 reprinautibus
455 2619 545 2688 quoad
581 2621 772 2674 executionem

211 2691 422 2755 sententiarum,
442 2707 504 2759 pag.
523 2691 584 2744 660.

266 2831 451 2902 Priuilepium
461 2833 528 2903 sori.
536 2861 570 2874 -
582 2833 650 2888 Vide
661 2831 771 2887 Forum

267 2973 405 3028 Probatio.
417 3001 454 3014 -
466 2973 552 3044 (Vide
565 2976 650 3030 etiam
667 2976 773 3030 lustru-

212 3046 269 3099 ctio
282 3045 400 3112 causae).
420 3044 504 3099 Notio
518 3048 697 3116 probationis,
711 3063 773 3116 pag.

212 3117 272 3170 458.
293 3147 308 3157 -
328 3115 470 3176 Quomodo
487 3119 694 3172 constituantur
709 3134 774 3187 pro·

211 3189 339 3242 bationes
358 3188 472 3256 legales,
492 3206 554 3258 pap.
568 3190 681 3244 458-59.
697 3219 711 3229 -
727 3190 773 3252 Di·

213 3261 283 3312 visio
303 3259 496 3328 probationum
523 3261 630 3314 ratione
654 3261 726 3314 modi
746 3267 775 3314 et

213 3333 321 3385 ratione
334 3332 457 3396 effectus,
467 3347 529 3400 pag.
544 3331 656 3386 soa-oa.
670 3363 685 3373 -
698 3332 774 3386 Onus

211 3401 345 3470 probandi
365 3403 452 3455 actori
473 3403 617 3468 incumbit,
630 3420 691 3473 pag.
706 3404 774 3457 462-

212 3472 255 3526 64.
276 3503 290 3512 -
311 3473 422 3541 Species
447 3475 619 3540 probationis
644 3480 687 3528 est
706 3491 774 3528 con·

213 3543 296 3597 fessio
311 3549 340 3597 et
359 3545 544 3598 iuramentum
560 3547 644 3613 (Vide
659 3547 774 3600 Contes-

214 3616 256 3668 sio
274 3619 303 3669 st
317 3616 524 3684 iuramentum).

266 3755 425 3811 Processere
446 3785 480 3799 -
507 3759 546 3814 De
571 3759 684 3813 notione
710 3776 775 3828 pro·

213 3843 305 3882 cessus
318 3828 465 3894 iudicialis,
476 3846 537 3900 pag.
549 3829 609 3884 391.
621 3860 637 3870 -
649 3830 775 3900 Regulos

213 3899 402 3968 generationes
421 3901 454 3953 ad
469 3917 626 3968 processum
645 3902 775 3956 ordinan-

212 3970 286 4032 dum,
306 3987 368 4040 pag.
387 3969 502 4026 392-93.

268 4111 447 4167 iteraretur.
462 4115 574 4169 -Eius
587 4115 663 4170 notio
677 4115 775 4170 adrim-

212 4184 320 4248 bratur,
339 4200 401 4253 pag.
424 4185 551 4241 lae-131.
573 4188 775 4242 -Procurator

213 4255 248 4307 ab
268 4253 402 4308 advocato
420 4256 609 4326 distinguitur,
630 4275 693 4328 pag,
716 4258 774 4324 132,-

213 4353 229 4364 -
249 4325 309 4379 eius
327 4325 447 4380 officium
465 4329 526 4382 iure
545 4345 659 4384 romano
682 4329 775 4399 publi·

214 4398 394 4464 commissit,
419 4415 481 4470 pag.
506 4399 613 4454 133-34.
634 4429 649 4441 -
670 4401 774 4456 Procu-

1318 267 1387 334 525

823 414 948 464 reiorum
967 409 1097 474 officium,
1120 425 1182 478 patr.
1205 408 1383 468 145-158-5n,

823 481 973 550 -species,
998 497 1061 550 pag.
1085 481 1194 534 lto-47.
1214 510 1230 521 -
1249 481 1311 534 iure
1330 479 1385 532 Cs-

823 554 924 606 000100
942 558 1106 623 procurator
1123 568 1233 620 semper
1250 551 1383 605 constitui

823 628 917 692 potest
926 624 1045 677 etiamin
1053 622 1252 688 criminalibus,
1261 639 1324 692 pag.
1336 625 1383 675 147

825 695 882 746 -48,
903 695 997 748 -iure
1015 695 1153 748 communi
1173 711 1227 748 non
1248 695 1386 764 praescri·

824 767 900 819 bitur
922 768 1110 835 procuratoris
1130 767 1302 829 constitutio,
1321 783 1377 835 pag

828 837 887 891 149.
906 867 921 875 -
941 837 1056 898 Quando
1074 839 1205 891 constitui
1225 839 1385 908 (106οῑ010-

824 913 937 962 curator
960 926 996 962 ex
1019 909 1150 963 mandato
1173 908 1296 978 speciali,
1322 926 1384 978 pag.
1423 966 1426 972 ,

829 980 936 1034 150-51.
950 1009 966 1019 -
980 980 1121 1042 Quaenam
1134 979 1276 1034 clausolae
1288 981 1386 1050 aequi·

823 1050 939 1106 valeant
957 1051 1087 1106 mandato
1104 1051 1228 1121 speciali,
1242 1069 1303 1122 pag.
1320 1051 1386 1105 152-

825 1122 868 1176 53.
888 1152 904 1162 -
925 1125 987 1177 ture
1006 1122 1146 1177 canonico
1159 1123 1386 1194 0000010000εά-

825 1194 948 1247 mittitur
975 1195 1135 1248 mandatum
1164 1200 1386 1264 praesumptum,

826 1281 888 1334 pag.
907 1266 1013 1319 145-55.
1029 1295 1043 1305 -
1058 1265 1087 1318 in
1101 1266 1201 1335 quibus
1214 1267 1324 1319 casibus
1334 1263 1386 1318 hoc

825 1335 1002 1390 verificatur?
1025 1353 1087 1405 pag.
1112 1337 1221 1391 15656.
1242 1368 1257 1376 -
1277 1338 1386 1398 Quanta

825 1408 863 1461 sit
887 1409 1074 1477 procuratoris
1094 1413 1224 1476 potestas,
1244 1425 1305 1477 pag.
1327 1408 1385 1462 156.

826 1509 843 1519 -
868 1482 911 1532 An
936 1486 1100 1548 procurator
1126 1479 1199 1534 mals
1227 1497 1314 1549 agens
1337 1489 1387 1532 ant

825 1551 988 1615 omittendo,
1001 1557 1101 1606 noceat
1113 1551 1232 1615 domiuo,
1246 1567 1307 1620 pag.
1321 1550 1387 1604 157-

826 1623 870 1676 56.
889 1653 905 1663 -
924 1622 1065 1683 Quomodo
1087 1628 1249 1692 procurator
1275 1625 1324 1675 tiat
1342 1623 1385 1678 iu·

826 1693 941 1758 demnis,
960 1711 1022 1763 pag.
1045 1694 1103 1748 158.
1123 1723 1138 1732 -
1159 1697 1202 1748 An
1224 1706 1388 1762 procurator

826 1769 889 1834 post
910 1766 1078 1820 sententiam
1103 1764 1275 1819 definitivam
1301 1767 1389 1835 possit

826 1836 978 1905 appellare,
1003 1853 1064 1905 pag.
1093 1836 1150 1891 160.
1171 1836 1308 1890 -Omnes
1332 1853 1387 1888 non

827 1907 959 1976 prohibiti
977 1913 1092 1976 possunt
1104 1908 1274 1962 constituere
1287 1923 1387 1976 procu·

827 1985 942 2045 ratores,
962 1997 1024 2048 pag.
1041 1980 1150 2042 lelna
1171 2009 1185 2018 -
1206 1985 1235 2032 et
1253 1980 1386 2032 constitui

828 2056 1029 2120 procuratores,
1048 2067 1111 2120 pag.
1128 2049 1239 2104 163-64.
1253 2080 1268 2090 -
1282 2048 1388 2110 Quibus

826 2123 915 2176 modis
933 2129 1023 2178 cesset
1044 2127 1167 2191 potestas
1192 2123 1389 2190 procuratoris,
1425 2191 1428 2194 ἢ

827 2193 1017 2263 00016569.
1036 2223 1050 2232 -
1073 2193 1265 2246 procuratoris
1283 2194 1389 2246 fiscalis

827 2267 914 2331 noti0,
924 2281 986 2333 pag.
1003 2265 1062 2326 170;
1077 2295 1092 2305 -
1106 2265 1236 2328 officium,
1246 2282 1308 2334 pag.
1323 2265 1387 2318 171-

830 2337 887 2391 176.
902 2366 917 2376 -
932 2336 1088 2407 Aiiquando
1105 2343 1267 2404 procurator
1285 2337 1391 2389 6000110

827 2409 888 2477 agit
906 2423 1050 2476 personam
1071 2406 1251 2476 principalem
1271 2407 1299 2461 in
1315 2407 1388 2460 iudi-

827 2480 879 2544 cio,
899 2495 961 2548 pag.
984 2479 1042 2539 171;
1063 2509 1077 2518 -
1097 2479 1206 2548 qnando
1226 2477 1277 2532 hoc
1292 2479 1389 2532 verifi-

827 2556 915 2615 catur,
935 2567 997 2619 pag.
1020 2550 1131 2604 172-73.
1152 2550 1298 2615 -Species
1324 2566 1388 2619 pro·

828 2623 963 2676 curatoris
976 2620 1086 2683 fiscalis,
1097 2638 1158 2690 pag.
1172 2621 1229 2675 175.
1242 2651 1256 2660 -
1271 2619 1389 2682 Quinam

827 2695 998 2748 constituere
1011 2699 1125 2761 possunt
1136 2697 1343 2761 procuratorem
1354 2694 1388 2744 n-

828 2765 940 2831 scslem,
960 2781 1021 2834 pag.
1040 2766 1096 2817 177.
1111 2795 1125 2804 -
1146 2765 1263 2824 Quinam
1282 2764 1389 2816 conui-

828 2837 869 2890 tui
896 2837 1016 2906 possint,
1041 2851 1103 2904 pag.
1132 2835 1190 2889 178.
1211 2865 1226 2874 -
1252 2834 1389 2888 Procura-

828 2908 897 2961 toris
928 2908 1065 2963 confessio
1092 2913 1184 2976 potest
1214 2907 1387 2975 impugnari,

828 2997 891 3048 pag.
911 2980 1023 3033 470-72.

882 3119 1007 3191 Prodipi
1024 3149 1062 3160 -
1080 3120 1110 3172 10
1129 3119 1232 3173 indicio
1243 3135 1328 3188 agere
1340 3119 1390 3174 de·

828 3193 896 3246 bant
915 3209 963 3261 per
982 3201 1198 3262 procuratorem,
1217 3207 1280 3260 pag.
1300 3191 1343 3244 88.

882 3333 1054 3404 Proprietas.
1073 3363 1108 3373 -
1137 3335 1205 3388 Vide
1224 3332 1389 3386 Dominium.

882 3475 1049 3548 Proropatio
1059 3480 1308 3546 competentiae-
1323 3476 1393 3530 Vide

829 3547 1032 3617 Competentia.

829 3690 1231 3815 5171ῐνὲ000011000.-0016
1256 3691 1302 3758 sit,
1327 3705 1390 3758 pag.

883 3903 1000 3973 Popilli.
1017 3933 1055 3946 -
1073 3903 1103 3958 In
1122 3903 1224 3958 iudicio
1242 3919 1327 3974 agere
1342 3903 1393 3959 de·

829 3975 898 4029 bant
915 3991 966 4044 per
983 3980 1113 4042 tutorem,
1132 3991 1194 4046 pag.
1213 3977 1256 4030 88.

1093 4153 1127 4242 Q

885 4331 1026 4391 Quaerela
1042 4361 1080 4374 -
1103 4330 1176 4396 falsi,
1201 4347 1262 4400 pag.
1288 4331 1349 4386 521.
1375 4361 1392 4370 -

829 4401 967 4462 Quaerels
990 4401 1140 4468 nullitatis,
1167 4403 1233 4473 quid
1256 4400 1302 4469 sit,
1321 4419 1393 4474 quo·
