3292 5109
353 294 420 367 390
880 322 965 371 rsus
990 323 1027 369 11.

352 443 431 505 tom.
454 439 487 515 4,
513 441 662 508 consult.
682 440 742 522 37,
765 462 799 506 o.
816 440 860 525 4,·
886 442 1074 527 Pellegriui‚
1099 443 1148 508 De
1167 444 1281 526 praxi
1308 444 1529 518 Victoriarum,
1606 516 1607 543 ¹

350 562 392 628 P.
417 565 456 648 l,·
479 566 669 640 Laureolus,
692 565 743 631 De
764 566 830 633 Vic.
848 566 961 650 Epire.
986 587 1018 652 q.
1043 567 1091 633 69
1097 587 1112 650 ,·
1136 568 1253 641 Bouix,
1279 570 1330 635 Dc
1354 570 1436 635 Iud.
1460 574 1531 638 eod.

345 706 384 772 p.
408 688 484 755 361.
501 690 567 755 Alii
590 691 637 756 uti
659 710 739 755 vere
763 690 946 777 delegatam
969 691 1091 757 habent
1114 692 1170 757 sed
1194 699 1311 759 contra
1330 716 1532 761 communem
1606 688 1607 781 1

349 816 553 888 senteutiam,
570 816 616 881 uti
635 813 749 881 videre
771 822 821 881 est
839 816 924 901 apud
941 818 1137 882 Leurenium
1160 818 1181 881 l.
1200 838 1230 883 o.
1247 824 1281 885 et
1296 821 1462 887 Doctores
1484 844 1533 888 nu·
1606 782 1607 805 1

348 959 439 1005 mero
455 942 550 1027 pauci
565 922 619 1027 qui
635 942 728 1009 istam
744 947 972 1019 tuentur‚non
988 948 1062 1009 sunt
1077 946 1187 1029 magni
1211 947 1363 1011 nominis.
1385 948 1532 1012 Nonnulli

347 1060 471 1130 habent
484 1064 584 1131 veluti
607 1066 751 1145 mixtam,
767 1067 886 1150 partim
910 1085 1017 1133 unam.
1033 1068 1150 1151 partim
1170 1066 1267 1130 aliam
1289 1068 1532 1144 retrahentem

348 1188 394 1251 its
416 1187 563 1272 opinatus
586 1192 636 1252 est
658 1189 704 1253 De
727 1188 871 1274 Angelis.
888 1188 1140 1255 Praetectiones
1157 1224 1175 1238 -
1192 1190 1243 1255 De
1266 1192 1322 1274 osfi
1345 1190 1415 1257 Vic.
1440 1213 1475 1256 a.
1491 1194 1531 1266 11,

348 1315 380 1378 et
403 1312 503 1388 Santi,
527 1313 577 1379 De
599 1314 654 1398 off.
677 1314 755 1389 Via,
779 1334 813 1379 o.
834 1314 894 1379 20.
913 1314 1008 1379 Hanc
1030 1320 1227 1399 postremam
1250 1317 1443 1402 opinionem
1469 1320 1533 1381 reii-

346 1438 493 1505 ciendam
513 1446 599 1525 puto,
620 1440 696 1523 quia
715 1442 862 1507 notiones
884 1442 1050 1525 potestatis
1074 1441 1275 1508 ordinariae
1299 1446 1333 1506 et
1357 1443 1532 1528 delegatae

346 1564 387 1629 ad
417 1566 556 1630 inuicem
587 1564 733 1649 perfecte
764 1585 799 1629 se
830 1562 1018 1629 excludunt.
1045 1598 1062 1612 -
1091 1566 1220 1629 Etenim
1250 1566 1297 1630 ita
1328 1565 1530 1651 arguendum

344 1690 482 1756 videtur.
506 1690 540 1756 Si
564 1694 703 1777 potestas
727 1689 855 1755 Vicerii
879 1690 1010 1755 videtur
1033 1694 1203 1773 utramque
1226 1691 1428 1763 retrahere.
1453 1692 1530 1775 quod

345 1814 459 1901 negari
481 1834 546 1879 non
570 1813 674 1896 debet,
693 1812 924 1879 attendendum
951 1818 999 1879 est
1021 1814 1097 1898 quid
1124 1814 1167 1879 sit
1189 1815 1368 1881 essentiale
1394 1818 1428 1881 in
1454 1817 1530 1883 dete
1606 1882 1607 1915 ἢ

343 1938 535 2025 quidquid
561 1941 594 2004 in
623 1939 803 2007 ordinaria
827 1942 1003 2025 potestate;
1028 1942 1088 2005 etsi
1119 1942 1152 2004 in
1181 1941 1317 2006 Vicario
1346 1944 1530 2027 reperiatur

344 2064 514 2131 essentiale
537 2065 726 2148 requisitum
748 2063 935 2129 ordinariae
958 2066 1170 2147 auctoritatis,
1196 2065 1380 2131 excludere
1405 2072 1529 2152 oportet
1606 2086 1607 2125 l

343 2187 383 2252 ab
400 2187 511 2253 eodem
528 2188 695 2273 delegatae
711 2186 939 2255 iurisdictionis
954 2192 1136 2261 essentiam,
1150 2189 1229 2255 adeo
1242 2196 1278 2255 ut
1290 2190 1392 2257 huius
1408 2196 1526 2257 tantum

342 2314 518 2380 nonnullae
538 2314 758 2381 accidentales
780 2316 952 2399 qualitates
983 2317 1131 2401 componi
1162 2316 1287 2401 possint
1318 2318 1354 2382 in
1387 2316 1525 2382 subiecto

342 2438 426 2523 quod
437 2440 538 2525 pollet
552 2439 718 2505 ordinaria
733 2440 968 2505 iurisdictione.
982 2440 1080 2525 Atqui
1093 2442 1247 2507 Vicurius
1263 2441 1368 2509 habet
1385 2442 1524 2507 eamdem

341 2564 491 2650 Episcopi
515 2566 740 2630 anctoritatem
763 2585 820 2631 seu
845 2564 993 2631 eumdem
1018 2566 1154 2651 gradum
1177 2565 1441 2637 hierarchicum.
1458 2587 1524 2651 quo

341 2689 430 2753 circa
445 2688 536 2754 iuxta
550 2708 702 2764 canones,
719 2689 885 2774 appellare
906 2708 925 2753 a
941 2688 1077 2754 Vicario
1092 2687 1132 2753 ad
1148 2690 1347 2773 Episcopum
1368 2697 1456 2755 esset
1476 2708 1521 2774 ap·

339 2816 465 2901 pellere
479 2814 519 2880 ab
543 2814 655 2881 eodem
671 2814 711 2880 ad
727 2816 886 2881 eumdem.
907 2850 925 2864 -
945 2814 973 2881 E
998 2820 1114 2881 contra
1128 2814 1343 2901 delegationis
1360 2819 1520 2903 proprium

339 2944 397 3012 est,
416 2959 485 3025 qua
500 2940 586 3022 tulis,
604 2938 731 3027 (nempe
754 2959 818 3025 qua
841 2936 952 3005 differt
975 2960 996 3005 a
1017 2940 1250 3007 substitutione
1274 2942 1312 3005 ia
1335 2938 1428 3007 idem
1453 2942 1518 3025 offi-

339 3064 430 3132 cium
453 3065 536 3150 quod
559 3065 711 3152 delegans
726 3086 746 3130 a
761 3087 797 3131 se
820 3064 973 3149 abdicet),
998 3068 1163 3151 proprium
1188 3071 1236 3131 est
1259 3066 1454 3133 necessario
1470 3066 1516 3130 de

337 3188 481 3274 legatum
507 3188 667 3254 subiicere
690 3188 871 3275 deleganti,
897 3188 983 3253 unde
1010 3186 1106 3253 datur
1128 3189 1304 3275 appellatio
1327 3210 1349 3253 a
1373 3189 1516 3275 delegato

337 3313 379 3379 ad
401 3314 620 3400 delegantem:
646 3312 816 3380 deficiente
841 3314 904 3379 hac
928 3311 1126 3395 conditione,
1151 3314 1261 3379 exulat
1289 3320 1413 3381 natura
1434 3320 1515 3400 pote

337 3442 427 3506 stetis
449 3439 625 3525 delegatae.
644 3475 662 3489 -
681 3440 790 3515 Quare
813 3439 921 3505 induci
946 3438 1049 3514 dehet,
1068 3440 1191 3505 Vicarii
1215 3442 1298 3507 Gen.
1325 3444 1513 3526 potestatem

337 3583 408 3629 esse
423 3562 649 3636 ordinarium,
666 3563 811 3647 quamvis
835 3562 1033 3629 secumlerat
1047 3562 1220 3628 nonnullas
1237 3564 1413 3647 qualitates
1431 3562 1513 3627 dele-

334 3690 401 3775 gati
424 3687 537 3754 iudicis
552 3688 648 3752 etiam
663 3689 821 3773 proprias,
839 3686 895 3753 sed
918 3689 987 3752 eius
1009 3692 1160 3752 naturam
1182 3706 1246 3751 uon
1271 3688 1513 3752 constituentes.

334 3811 523 3878 Huiusmodi
546 3819 620 3876 suut
642 3810 878 3884 amouibititua
896 3802 1189 3877 et'reseroationes
1211 3810 1427 3895 quarumdam
1447 3830 1513 3893 spe

331 3936 462 4001 cialium
476 3935 676 4001 facultatum.
692 3934 809 3999 -Sane
826 3934 961 4019 parochi
977 3934 1036 3998 etsi
1053 3931 1249 3999 amouibitcs
1261 3934 1510 4011 constituantur,

332 4062 434 4126 nihilo
449 4062 554 4126 secius
568 4065 643 4125 sunt
658 4059 830 4126 ordinarii
834 4079 849 4141 ,·
864 4078 940 4123 nam
955 4064 1061 4123 amota
1076 4076 1225 4142 persona.
1239 4073 1431 4142 perseverat
1444 4052 1509 4119 otii

332 4188 418 4253 cium
445 4185 529 4271 quod
551 4166 735 4271 expostulat
757 4184 855 4249 alium
880 4201 1106 4269 possessorem.
1132 4180 1261 4247 Exinde
1290 4182 1512 4249 anormalam

332 4332 393 4377 seu
407 4309 572 4377 caducitus
585 4329 745 4396 personae
762 4310 858 4375 statui
875 4312 982 4394 potest
1004 4310 1037 4372 iu
1061 4312 1186 4373 certum
1206 4314 1370 4373 eventum.
1386 4306 1426 4371 ob
1439 4325 1511 4372 on-

332 4439 488 4505 ditionem
509 4438 728 4511 resolutivam,
754 4440 866 4522 utputa
889 4436 922 4499 in
945 4440 1081 4500 mortem
1105 4434 1267 4521 Episcopi.
1284 4471 1304 4483 -
1319 4432 1509 4501 mm
