3292 5109
478 274 521 321 nu
545 274 685 321 runicus
709 272 976 321 accuserismcrs
1271 255 1315 320 87

147 414 254 460 causas
285 397 436 469 minores,
457 416 536 481 quas
566 399 733 482 cognoscit
763 399 831 483 ipse
855 399 1010 464 Gamerae
1033 398 1172 465 Auditor
1198 418 1258 483 per
1280 419 1316 463 se

144 526 194 585 aut
220 540 392 605 persuum
418 523 623 596 Auditorem,
648 544 668 589 a
691 520 798 590 causis
828 524 1032 611 gravioribus
1060 523 1270 589 diiudicandis
1296 542 1316 586 a

143 644 396 733 Congregatione
420 648 517 713 civili.
545 683 561 696 -
587 649 626 715 In
651 650 757 713 causis
780 650 914 715 minoris
937 650 1089 715 momenti
1105 648 1244 716 Auditor
1260 649 1316 714 Ga·

142 790 246 833 merae
263 790 373 835 coram
389 791 423 835 se
444 770 582 839 admittit
597 771 636 836 ad
654 770 882 861 perorandum
898 774 977 839 uico
999 793 1079 840 voce
1093 778 1227 855 tantum,
1244 792 1325 859 parf

142 898 214 961 tium
238 906 478 981 procuratores.
492 904 525 963 et
548 898 696 965 adstante
720 900 847 965 notario
870 900 978 965 omnia
996 901 1028 963 iu
1052 905 1125 964 acta
1149 898 1316 985 redigente

141 1022 296 1086 sententia
312 1023 489 1107 profertur,
503 1044 599 1108 quum
618 1044 715 1089 causa
730 1025 789 1109 ipsi
806 1024 955 1091 Auditori
970 1025 1100 1090 ridetur
1119 1023 1317 1091 sufficienter

140 1142 288 1208 discussa.

223 1272 368 1337 Maiores
392 1291 508 1337 causae
532 1274 696 1358 agitantur
720 1276 752 1337 in
776 1273 929 1338 tribunati
954 1273 1115 1357 collegiati
1138 1274 1171 1335 in
1194 1292 1256 1355 quo
1272 1271 1316 1336 lo

140 1400 368 1465 cumtenentes,
385 1394 534 1479 praeside
548 1394 705 1461 Auditore
722 1396 888 1466 Gamerae.
905 1402 979 1461 vota
995 1396 1115 1461 terunt.
1129 1433 1146 1443 -
1161 1396 1316 1461 Praemit-

137 1520 247 1582 tuntur
271 1518 518 1583 informationes
549 1520 689 1604 scriptae
721 1522 754 1585 et
777 1523 931 1584 oretenus
953 1518 1092 1591 habitae,
1114 1522 1223 1603 prouti
1244 1539 1315 1582 ser-

139 1644 230 1705 vatur
246 1641 281 1704 in
299 1641 392 1705 Rota.
411 1643 495 1707 Ante
518 1644 697 1707 sententiae
713 1642 951 1727 expeditionem
976 1642 1115 1709 eduntur
1130 1643 1316 1709 decisiones

139 1785 194 1837 seu
214 1766 449 1849 opinumento:
472 1767 513 1832 cf.
539 1774 603 1833 ort.
627 1768 696 1832 216
719 1770 771 1833 cit.
797 1769 869 1835 cod.
896 1770 994 1854 Greg.
1018 1770 1112 1835 XVI.

138 2045 158 2128 ἓ
181 2046 209 2111 1.
242 2048 464 2123 Desmbilur,
484 2068 552 2133 per
578 2068 741 2133 suprema
772 2050 996 2122 lineamento,
1020 2053 1165 2136 antiqua
1194 2057 1227 2118 et
1256 2052 1316 2117 bo·

222 2172 348 2237 diernc
371 2172 489 2239 carme
514 2173 687 2241 ordinatio
721 2174 838 2259 quoad
861 2194 995 2242 omnem
1019 2176 1126 2242 ciuilis
1148 2177 1314 2244 elecctos.

218 2298 439 2383 principatus
458 2304 605 2385 purtem.

140 2506 355 2565 Summanum.
374 2538 407 2553 —
426 2511 470 2565 89.
490 2511 606 2565 cuinam
622 2512 757 2581 principio
776 2512 973 2567 informaretur
984 2512 1122 2567 ordinatio
1136 2513 1231 2567 curiae
1249 2506 1316 2567 ante

222 2616 400 2669 eversionem
419 2632 512 2669 rerum
532 2616 705 2684 publicarum
720 2618 770 2669 sub
785 2618 841 2670 fine
854 2615 940 2684 elapsi
957 2616 1069 2670 saeculi.
1090 2646 1124 2658 —
1143 2616 1186 2671 90.
1206 2616 1316 2679 Quiauta

222 2719 412 2776 sollicitudine
427 2720 577 2775 Pontifices
596 2720 833 2775 adlaboraverunt
847 2723 874 2775 iu
889 2728 993 2776 rectam
1007 2723 1190 2777 tribunalium
1209 2722 1319 2777 ordina-

222 2826 329 2880 tionem
347 2832 378 2881 et
397 2828 677 2882 reformationem-
691 2828 734 2881 91.
749 2828 956 2882 Enumerantur
975 2827 1135 2894 tribunalia,
1145 2845 1217 2899 quae
1235 2834 1317 2881 exta·

221 2932 293 2985 bant
312 2936 436 3002 tempore
450 2930 530 2986 Pauli
544 2931 582 2987 1v
600 2939 630 2988 et
644 2932 667 2983 V
682 2942 766 3003 atque
781 2932 934 2988 innocentii
948 2934 999 2987 Xll
1015 2951 1100 3004 usque
1116 2934 1151 2986 ad
1163 2933 1244 2987 Pium
1257 2932 1315 2985 Vil.

222 3066 258 3079 -
271 3036 315 3091 92.
330 3038 368 3091 De
382 3038 579 3092 reformatione
598 3038 692 3093 curiae
712 3041 763 3093 sub
784 3039 837 3093 Pio
850 3038 909 3105 1111,
922 3038 1057 3108 Gregorio
1070 3039 1135 3092 XVI
1155 3043 1184 3093 et
1203 3037 1254 3093 Pio
1266 3039 1316 3092 lx.

222 3252 277 3319 89.
303 3254 458 3339 Magnum
488 3254 633 3339 equidem
658 3256 832 3321 intercedit
862 3256 1034 3321 discrimen
1067 3257 1153 3322 inter
1175 3255 1313 3321 iudicum

139 3384 167 3441 et
189 3377 381 3443 iudiciorum
404 3378 650 3453 ordinationem,
672 3399 754 3463 quae
780 3361 898 3468 elapsis
928 3380 1065 3445 saeculis
1096 3378 1259 3446 obtinebat
1281 3379 1315 3443 in

139 3505 233 3569 curiis
257 3504 414 3585 civilibus,
428 3510 462 3571 et
486 3526 555 3570 eam
580 3526 662 3589 quae
685 3506 781 3571 bodie
804 3508 907 3592 viget;
932 3527 974 3571 ex
997 3507 1135 3571 adverso
1158 3508 1192 3590 ip
1215 3506 1316 3571 curiis

138 3628 362 3694 ecclesiasticis
385 3648 468 3713 pene
492 3626 604 3693 eadem
627 3629 725 3694 hodie
749 3628 897 3711 habetur,
911 3650 993 3712 quae
1009 3631 1042 3693 in
1059 3630 1233 3694 remotiore
1256 3650 1314 3695 an·
1403 3679 1424 3716 :-

137 3750 280 3836 tiquitate
296 3755 469 3819 constituta
484 3752 553 3817 fuit.
577 3788 595 3801 ·
620 3752 780 3826 Quaeres
796 3752 877 3817 adeo
892 3752 1171 3819 animadversione
1187 3754 1315 3841 dignior

139 3878 193 3955 est,
216 3876 291 3959 quia
314 3874 477 3939 diversum
501 3894 611 3939 rerum
642 3879 759 3939 statum
783 3876 965 3960 reperimus
992 3878 1025 3939 in
1052 3897 1117 3942 una
1139 3878 1315 3963 eademque

140 4000 227 4064 curia
249 4018 393 4081 romana,
418 3999 458 4065 ad
481 4001 696 4085 principatum
720 4020 836 4086 nempe
854 4001 981 4066 civilem
1005 4008 1038 4069 et
1060 4006 1315 4071 ecclesiasticum

140 4119 293 4188 ordinata.

83 4230 87 4237 ⁴
225 4248 330 4311 Porro
352 4251 420 4310 tum
444 4246 477 4310 iu
501 4248 593 4311 curia
616 4248 702 4313 civili
732 4252 765 4312 et
796 4248 1017 4314 ecclesiastica
1040 4251 1177 4316 Romani
1202 4252 1314 4318 Ponti-

141 4364 215 4442 ficis‚
231 4372 298 4434 tum
323 4370 356 4433 in
380 4368 451 4433 ediis
474 4371 573 4435 curiis
596 4376 738 4437 statuum
763 4371 907 4437 civilium
930 4377 1071 4459 potestas
1093 4375 1212 4462 publici
1227 4378 1315 4463 regi·
