3292 5109
563 1082 871 1175 Annnannuu
905 1084 942 1175 Ι.

167 1390 281 1443 Folium
300 1404 401 1443 causae
426 1386 565 1442 Dioecesis
584 1386 642 1441 NN.
663 1388 889 1459 Affrancationis.
909 1388 1075 1443 Reductioni
1094 1406 1212 1445 onerum
1226 1390 1342 1461 piorum

255 1516 289 1551 aa
311 1496 474 1550 nominatim
497 1495 692 1550 celebrationis
709 1496 863 1550 Missurum
893 1496 970 1550 locus
988 1514 1044 1550 nou
1062 1496 1100 1565 fit,
1128 1514 1191 1551 cunt
1209 1500 1343 1553 uut'oerso

255 1607 412 1661 haereditas
430 1622 448 1659 a
465 1614 596 1661 testatore
617 1622 677 1660 eom
696 1608 725 1658 in
745 1621 858 1659 causam
879 1606 1001 1675 oblipota
1019 1607 1074 1676 suit
1094 1604 1104 1676 (
1124 1605 1141 1677 ).

259 1823 280 1875 l.
301 1823 367 1876 Pius
384 1821 467 1876 homo
487 1821 599 1892 quidam
618 1820 650 1874 de
669 1820 861 1876 ecclesiastico
874 1825 955 1876 coetu
973 1822 1002 1875 in
1023 1820 1130 1888 ultimo,
1149 1837 1204 1893 quo
1217 1820 1344 1887 decessit,

167 1927 258 1997 elogio
277 1927 345 1982 duos
363 1926 495 1981 haeredes
514 1926 672 1980 fiduciarios
690 1926 897 1992 nominaverat,
917 1927 963 1997 qni
983 1928 1127 1983 testatoris
1146 1928 1274 1981 fiduciam
1294 1942 1343 1981 ex·
1406 1914 1412 1925 ’

166 2035 303 2105 plicantes
320 2034 394 2089 inter
413 2034 470 2088 alia
487 2032 583 2102 legata
601 2033 661 2103 pia,
681 2032 803 2103 legatum
823 2034 859 2087 ab
879 2050 912 2089 eo
931 2034 1060 2089 relictum
1079 2036 1163 2090 fuisse
1183 2034 1344 2089 declarave-

166 2148 240 2208 runt,
260 2142 335 2197 hisce
354 2143 484 2197 nimirum
503 2143 612 2196 verbis:
631 2156 647 2195 c
663 2144 704 2196 Ab
728 2143 895 2197 haeredibus
917 2144 1099 2213 persolvetur
1117 2159 1226 2197 summo
1251 2160 1345 2197 annua

165 2262 337 2306 scutatorum
355 2254 461 2321 vipiuti,
480 2268 551 2321 qitoe
569 2268 678 2304 summo
692 2254 807 2321 eropori
818 2252 926 2305 debebit
941 2253 969 2304 in
987 2254 1083 2321 sunus,
1097 2252 1172 2321 quod
1185 2252 1213 2304 in
1226 2252 1345 2305 ecclesia

166 2360 316 2429 cotteqinto
326 2358 362 2411 N.
373 2358 409 2410 N.
420 2358 617 2424 celebrabitur,
631 2359 676 2413 dic
690 2368 856 2412 recurrente
870 2360 1063 2413 artatoersurio
1078 2359 1167 2412 obitus
1180 2358 1345 2427 defuncti.»

167 2465 307 2520 Ecclesiae
326 2465 479 2534 legatariae
499 2464 659 2534 Capitulum
679 2470 707 2519 et
726 2465 889 2519 Ordinarius
911 2464 1035 2535 legatum
1056 2466 1109 2520 rite
1128 2470 1273 2534 acceptum
1293 2464 1344 2517 ha·

166 2575 300 2639 buerunt,
313 2578 342 2629 et
354 2572 383 2626 in
397 2574 456 2627 eins
468 2574 648 2627 securitatem
661 2574 787 2627 canonici
806 2573 1015 2643 inscriptionem
1036 2590 1119 2643 supra
1131 2572 1249 2644 quadam
1262 2572 1344 2626 vinee

167 2682 352 2735 haereditaria
370 2699 470 2750 capere
489 2698 542 2735 nou
563 2681 747 2736 retardarunt.

255 2789 422 2844 Universum
436 2804 517 2857 porro
530 2804 619 2842 assem
632 2788 849 2843 haereditarium
863 2788 1051 2844 constituebat
1065 2787 1171 2843 isthaec
1186 2806 1240 2842 una
1253 2788 1343 2854 vinea,

165 2898 244 2951 cuius
267 2896 418 2949 dominium
443 2896 578 2950 directum
605 2901 723 2951 testator
741 2898 888 2951 obtinebat
907 2914 969 2950 cum
989 2912 1094 2951 canone
1114 2913 1131 2949 a
1149 2896 1260 2950 domino
1279 2894 1342 2950 utili

165 3004 349 3075 persolvendo
367 3008 539 3057 scutatorum
558 3004 601 3068 34,
620 3003 655 3057 92
674 3005 702 3056 in
721 3003 847 3072 singulos
866 3021 960 3057 annos.
981 3006 1011 3057 ln
1030 3021 1064 3058 ea
1082 3004 1164 3059 vinea
1176 3002 1343 3057 domuncula

166 3112 270 3176 aderat,
289 3129 361 3182 qnae
380 3112 487 3164 ruinam
513 3113 638 3180 proxime
656 3112 852 3177 minitabatur3
873 3112 985 3180 insuper
1003 3111 1130 3165 dominus
1150 3110 1227 3164 utilis
1246 3114 1343 3165 contra

165 3219 306 3274 dominum
330 3220 466 3274 directum
485 3218 619 3290 quaedam
644 3219 706 3273 iura
724 3220 752 3273 in
772 3236 805 3273 ec
823 3220 908 3273 fundo
927 3220 1087 3287 lectitabat,
1108 3219 1232 3290 adquae
1252 3236 1343 3289 prose·

165 3324 273 3393 quenda
293 3323 372 3378 litam
390 3322 548 3377 iudicialem
568 3324 705 3378 instruere
718 3324 773 3376 iam
788 3324 911 3392 parabat.
933 3323 975 3375 Ad
990 3322 1057 3378 haec
1071 3324 1164 3394 itaque
1180 3322 1344 3378 declinanda

164 3430 273 3495 damna,
286 3428 419 3483 haeredes
437 3430 573 3483 fiduciarii
587 3447 649 3484 cum
668 3431 779 3484 domiuo
793 3430 855 3484 utili
869 3431 957 3485 amice
978 3433 1176 3495 convenerunt,
1189 3434 1221 3483 ut
1233 3430 1342 3485 vineam

165 3536 243 3590 illam
269 3535 333 3590 huic
358 3536 476 3591 liberam
501 3542 530 3592 et
554 3538 704 3591 immunem
724 3538 758 3590 ab
778 3537 853 3590 omni
879 3553 984 3591 canone
1009 3537 1200 3607 relinquerent
1220 3535 1343 3591 subhac

165 3640 337 3706 conditione,
356 3640 427 3711 quod
452 3641 579 3695 dominns
602 3641 679 3695 utilis
698 3646 740 3695 tot
758 3640 905 3695 schedulas
925 3641 1027 3709 publici
1046 3642 1147 3707 debiti,
1167 3642 1239 3711 quod
1258 3640 1343 3709 vulgo

165 3764 249 3817 penes
269 3764 318 3802 nos
337 3748 414 3801 audit
435 3748 618 3815 Consotidoto,
639 3753 707 3819 quot
726 3748 826 3802 reditui
842 3752 1013 3803 scutatorum
1026 3748 1230 3819 quinquaginta
1243 3750 1270 3803 in
1284 3750 1341 3803 sin-

165 3858 246 3927 gulos
264 3874 351 3911 annos
369 3858 577 3927 responderent,
595 3857 745 3912 directario
764 3858 882 3913 cederet.

254 3965 410 4019 Utilissima
435 3964 583 4018 conventio
608 3964 676 4019 haec
702 3964 868 4018 haereditati
887 3964 1044 4019 accidebat:
1065 3982 1128 4018 nam
1149 3970 1340 4037 praeterquam

164 4070 236 4141 quod
255 4086 392 4140 expensae
413 4086 461 4139 pro
480 4070 647 4124 domuncula
663 4070 821 4136 reficienda,
837 4086 869 4123 ac
889 4085 938 4139 pro
957 4069 1081 4123 iudiciali
1102 4071 1156 4124 iam
1176 4076 1273 4141 parata
1291 4070 1342 4125 lite

255 4337 262 4387 (
266 4336 286 4390 1)
300 4337 375 4379 Huius
389 4349 474 4381 causae
488 4336 653 4392 expositionem
662 4336 820 4392 excerpsimus
830 4348 859 4380 ex
869 4335 1019 4392 ephemeride,
1029 4336 1066 4380 cui
1077 4337 1160 4381 titulus
1171 4340 1229 4382 ¹tcta
1241 4338 1264 4380 S.
1277 4338 1343 4383 Sedis

167 4408 219 4452 Vol.
234 4409 267 4464 II,
281 4422 335 4465 pag.
350 4409 398 4452 453.
