3292 5109
485 320 528 368 nn
554 318 695 368 1umc11s
719 318 983 368 nconnsmsmcm
1255 302 1323 369 299

228 444 306 511 248.
331 445 409 510 Tria
432 449 506 509 sunt
529 442 635 509 officia
659 446 831 509 Brevium:

277 568 308 651 1)
332 589 447 656 nempe
470 569 656 635 Secretaria
680 570 834 634 Brevium
858 569 1087 645 Secretorum3

274 692 308 777 2)
332 714 446 759 munus
471 692 626 760 Officialis
657 695 811 759 Brevium
843 694 877 757 in
909 694 1040 759 Deteria
1071 693 1111 758 de
1142 714 1204 778 quo
1238 694 1322 760 haec

139 817 238 883 habet
261 818 454 885 Benedictus
470 820 553 885 XIV
577 820 610 883 in
634 819 743 885 Const.
764 819 1015 886 Gravissimum
1030 819 1216 901 Ecclesiam
1235 820 1322 885 ‹Ad

140 943 344 1029 expedienda
359 944 542 1031 ,complura
572 944 753 1011 huiusmodi
786 946 965 1031 gratiarum
989 963 1111 1029 genera
1138 946 1223 1009 inter
1246 964 1322 1011 cae-

139 1072 229 1134 toros
253 1070 459 1155 Apostolicae
482 1070 573 1135 Sedis
603 1071 768 1135 ministros
791 1076 825 1137 et
847 1067 1004 1135 officiales
1028 1090 1109 1133 unus
1133 1070 1167 1135 in
1190 1070 1323 1136 Deteria

141 1196 327 1279 Apostolica
350 1195 390 1260 ab
415 1195 660 1261 immemorabili
688 1200 836 1280 tempore
858 1196 965 1259 extitit
988 1195 1145 1281 Magister
1168 1196 1322 1261 Brevinm

99 1410 102 1414 Ι
140 1329 392 1409 nuncupatus».

275 1447 309 1532 3)
332 1447 435 1514 Adest
457 1449 553 1513 etiam
570 1446 774 1513 Secretarius
791 1447 944 1511 Brevium
961 1446 1002 1510 ad
1025 1446 1195 1531 Principes
1212 1444 1268 1533 (1).

230 1570 307 1637 249.
334 1571 526 1636 Benedictus
551 1572 634 1637 XIV
661 1572 695 1634 in
718 1570 831 1636 eadem
855 1572 964 1637 Const.
991 1569 1240 1637 Gravissimum
1262 1572 1322 1637 Eo

142 1696 264 1761 clasiae
278 1696 361 1761 haec
384 1698 517 1781 insuper
539 1696 639 1762 habet
661 1695 764 1779 quoad
789 1696 851 1762 dno
866 1697 977 1781 priora
993 1693 1117 1761 officia:
1138 1716 1157 1758 ‹
1173 1696 1215 1762 Ut
1230 1701 1322 1761 certa

141 1820 269 1884 ratione
291 1823 417 1883 constet
439 1838 596 1903 quaenam
620 1820 799 1903 gratiarum
816 1822 849 1882 et
865 1817 1108 1883 concessionum
1124 1836 1248 1903 genera
1262 1836 1323 1902 per

141 1944 305 2008 Datariam
328 1942 525 2029 praedictam
549 1948 582 2008 et
604 1964 664 2029 per
687 1963 845 2029 organum
865 1942 1046 2007 huiusmodi
1070 1942 1218 2027 Magistri
1242 1942 1320 2006 Bre-

142 2072 227 2134 rium
244 2070 277 2133 in
301 2076 464 2154 posterum
488 2069 636 2155 expediri
660 2074 825 2154 oporteat;
849 2089 1007 2161 quaenam
1031 2088 1111 2133 vero
1135 2070 1200 2133 sint
1221 2088 1322 2153 expe·

143 2192 280 2259 ditiones
302 2213 384 2277 quae
407 2214 466 2279 per
482 2194 622 2259 Litteras
645 2194 704 2259 sub
727 2194 847 2259 annulo
872 2195 1048 2258 Piscatoris
1072 2198 1104 2258 et
1127 2212 1187 2277 per
1210 2179 1346 2257 Secre'

142 2318 259 2382 teriam
283 2317 436 2381 Brevium
462 2318 652 2382 Nostrorum
676 2318 884 2383 Secretorum
908 2314 980 2381 fieri
1004 2318 1236 2401 permittuntur
1258 2335 1323 2381 om·

79 2405 85 2417 '
143 2441 255 2524 nisque
285 2438 480 2505 inordinatio
503 2444 536 2505 et
559 2439 705 2505 conlusio
732 2440 866 2505 tollatur
889 2458 972 2523 quae
994 2458 1037 2504 ex
1061 2440 1243 2524 promiscuo
1267 2458 1321 2503 re-

144 2586 241 2630 cursu
275 2565 315 2629 ad
350 2532 534 2650 praedictas
557 2566 721 2631 Datariam
746 2571 778 2630 et
804 2566 1022 2632 secretariam
1054 2566 1207 2658 Brevium
1242 2564 1323 2628 alias

144 2692 258 2756 usitato
287 2690 475 2757 oriebantur
500 2739 600 2755 ......
626 2692 803 2777 praemissa
831 2692 938 2755 omnia
968 2690 1079 2755 sedulo
1110 2695 1143 2754 et
1169 2694 1322 2754 accurate

143 2821 330 2900 pensantes,
355 2815 471 2882 auditis
495 2818 591 2883 etiam
615 2818 782 2901 utriusque
805 2814 905 2881 officii
928 2816 1089 2901 praedicti.
1108 2815 1264 2880 ministris
1287 2815 1321 2878 in

144 2960 255 3005 aarum
279 2943 384 3026 praxi,
409 2942 495 3028 stylo
518 2947 551 3007 et
574 2942 868 3023 consuetudinibus,
891 2943 1074 3026 respective
1097 2941 1226 3025 peritis,
1251 2943 1323 3023 post

143 3069 305 3129 maturum
333 3084 487 3147 examen,
512 3065 684 3131 elenchum
708 3066 877 3149 quemdam
901 3065 1061 3129 communi
1084 3066 1226 3148 ipsarum
1250 3082 1323 3127 con·

143 3209 238 3253 sensu
262 3193 453 3275 conceptum
473 3238 555 3255 .....
574 3190 672 3255 Nobis
694 3191 882 3257 obtulerunt
903 3192 937 3255 in
960 3209 1023 3274 qua
1046 3188 1233 3274 singillatim
1250 3207 1323 3251 con·

143 3312 329 3379 tinebantur
363 3315 574 3380 materiarum
611 3320 644 3380 et
678 3317 856 3402 gratiarum
891 3315 1150 3401 Apostolicarum
1181 3331 1320 3398 genera:

143 3441 246 3523 primo
275 3438 401 3523 quidem
430 3458 541 3505 earum
573 3459 708 3524 quarum
739 3440 977 3525 expeditionem
1000 3440 1041 3504 ad
1065 3439 1183 3505 dictam
1206 3438 1322 3504 Secre-

143 3565 259 3629 tariam
276 3564 430 3630 Brevium
445 3564 652 3631 Seeretorum
671 3566 843 3649 privative
850 3585 865 3649 ;
888 3564 1029 3630 secundo
1053 3583 1166 3629 earum
1185 3582 1323 3647 quarum

234 3810 274 3883 (l)
294 3812 428 3867 Officialis
452 3813 583 3869 Brevium
608 3818 770 3868 recensetur
794 3813 881 3868 etiem
905 3814 980 3867 inter
1004 3813 1146 3865 ministros
1171 3811 1322 3865 Paeniten-

143 3918 259 3983 tieriae;
279 3923 308 3973 et
333 3919 361 3971 in
382 3919 552 3989 propositum
572 3918 641 3974 haec
659 3918 745 3974 habet
765 3920 803 3989 De
821 3919 905 3985 Luca,
924 3936 967 3990 op.
984 3921 1027 3990 cit.
1048 3920 1122 3974 oisc.
1142 3918 1204 3983 Vll,
1224 3937 1252 3971 n.
1272 3919 1323 3970 12:

142 4022 332 4080 «Adhibetur
357 4026 443 4081 etiam
467 4027 495 4079 in
513 4026 607 4080 ¹Curia
625 4026 799 4081 Vocabulum
820 4029 947 4081 menium
964 4027 993 4080 in
1018 4026 1076 4080 illis
1101 4025 1324 4096 expeditionibus

144 4149 212 4203 quas
231 4136 263 4186 ut
281 4132 432 4202 plurimum
452 4150 501 4203 pro
525 4135 586 4187 foro
611 4134 722 4191 interno
740 4151 773 4188 ac
791 4134 877 4188 etiam
896 4151 946 4203 pro
964 4137 1081 4189 externo
1099 4150 1150 4203 pro
1168 4132 1323 4187 absolutio·

144 4240 225 4294 nibus
243 4258 261 4295 a
279 4242 404 4296 censuris
423 4246 452 4297 et
471 4244 506 4297 ab
525 4242 666 4313 aliquibus
685 4240 943 4311 irregularitatibus
962 4242 1090 4297 concedit
1108 4240 1231 4295 tribunal
1251 4240 1322 4294 Poe·

144 4346 323 4401 nitentiariae
341 4346 389 4401 sed
408 4347 479 4402 istae
497 4346 689 4416 expeditiones
707 4346 791 4416 longe
809 4347 946 4402 diversam
964 4345 1071 4403 habent
1087 4349 1214 4415 formam,
1233 4346 1323 4400 diver·

145 4470 259 4526 sumque
277 4452 402 4522 sigillum
421 4454 491 4508 adeo
510 4458 541 4508 ut
559 4453 704 4508 redoleant
722 4453 912 4509 diversitatem
931 4456 1107 4512 notoriam».
