3292 5109
342 268 406 335 140
867 293 953 341 raas
977 293 1013 341 11.

338 405 476 475 Praeses
500 416 548 477 est
572 412 742 479 Praelatus
764 415 819 500 qui
845 413 1084 481 Vico-Praeses
1099 418 1150 481 est
1167 414 1304 480 alterius
1324 411 1521 477 commissio·
1610 429 1614 438 ·

338 535 398 616 nis,
422 537 474 601 cui
505 555 638 623 operam
668 537 746 605 dant
775 540 979 606 Secretarius
1012 546 1045 607 et
1075 540 1275 607 consultores
1306 558 1349 604 ex
1378 543 1520 622 utroque

337 654 427 720 clero
451 657 557 722 electi.
583 657 628 743 (1)

429 784 501 850 122.
525 783 642 852 Plures
669 784 823 853 officiales
846 786 1099 875 congregationi
1122 785 1342 857 cardinalium
1372 784 1520 849 adiuncti

265 936 266 939 ¹
337 915 429 991 sunt,
453 914 487 975 et
508 916 640 995 praeter
669 912 750 977 dnos
774 911 980 978 secretarios
1009 913 1228 999 praepositos,
1251 931 1351 976 unum
1380 908 1520 993 negotiis

336 1035 418 1100 ritus
440 1036 542 1110 latini,
566 1037 706 1104 alterum
738 1039 878 1124 negotiis
906 1040 989 1104 ritus
1016 1038 1193 1121 orientalis,
1218 1042 1292 1103 sunt
1313 1036 1520 1101 consultores

335 1180 379 1227 ex
401 1164 539 1245 utroque
561 1162 650 1229 clero
674 1163 783 1238 electi;
807 1163 1001 1231 secretariis
1023 1183 1104 1229 vero
1127 1163 1268 1249 pressius
1292 1162 1479 1227 inserviunt
1498 1161 1520 1224 ii

335 1284 390 1367 qui
411 1284 617 1352 minutantes
639 1287 736 1372 uulgo
759 1286 982 1373 appellantem
1007 1306 1069 1353 nec
1084 1307 1149 1352 non
1163 1259 1356 1369 emptores.
1374 1284 1419 1349 Hi
1434 1285 1520 1350 scri·

225 1393 229 1401 ’
334 1406 396 1489 ptis
419 1414 568 1482 exarant,
587 1428 675 1493 quae
696 1415 770 1476 acta
792 1416 868 1477 sunt
891 1410 923 1477 S.
948 1412 1216 1497 congregationis
1236 1411 1306 1475 sive
1328 1410 1414 1475 haec
1436 1408 1518 1473 deli·

335 1526 491 1595 berantnr
513 1532 546 1595 in
569 1532 666 1617 plena
697 1536 954 1621 congregatione
978 1532 1197 1599 Cardinalium
1224 1540 1282 1598 ant
1308 1534 1342 1597 in
1364 1551 1520 1617 congres

334 1654 420 1720 sibus
449 1654 567 1721 habitis
590 1674 610 1721 a
633 1657 795 1723 Cardinali
823 1657 998 1723 Praefecto
1028 1678 1104 1723 cum
1126 1658 1320 1725 Secretariis
1349 1662 1385 1723 et
1414 1658 1521 1721 minu·

332 1779 483 1861 tentibus,
508 1782 576 1846 sive
599 1784 735 1847 seorsim
759 1802 778 1846 a
803 1781 966 1849 cardinali
991 1782 1165 1849 Praefecto
1189 1786 1245 1847 aut
1267 1802 1288 1846 a
1310 1782 1520 1862 secretariis,

333 1926 392 1991 pro
416 1912 534 1972 natura
556 1909 767 1994 negotiorum.

421 2032 568 2117 Spacinle
590 2051 706 2097 munus
729 2033 813 2118 apud
829 2035 861 2101 S.
878 2033 979 2120 cong.
1003 2032 1044 2099 ad
1065 2034 1204 2120 nepotis
1225 2034 1313 2101 ritus
1336 2034 1521 2101 orientatis

332 2156 507 2223 institutam
530 2163 689 2225 exercent
711 2160 927 2243 latapreter,
945 2160 1158 2247 explanantes
1181 2160 1374 2226 documenta
1388 2160 1424 2223 in
1441 2159 1520 2224 idio

331 2279 469 2345 metibus
491 2280 619 2345 illarum
643 2284 786 2367 gentium
800 2287 956 2381 laxarem.
977 2282 1023 2347 Hi
1046 2287 1223 2347 censentur
1246 2283 1331 2346 inter
1354 2278 1521 2345 officiales

331 2402 534 2470 Secretariae
558 2404 711 2471 addictos.
738 2442 756 2455 -
781 2406 885 2491 Scope
911 2412 1019 2473 autam
1055 2405 1241 2491 divulgandi
1269 2404 1354 2491 apud
1378 2406 1520 2471 Latinos
1620 2453 1621 2490 2

331 2531 473 2595 notitiam
498 2550 607 2596 rerum
631 2533 847 2612 orientalium,
871 2538 904 2597 et
927 2531 1006 2597 hinc
1029 2531 1090 2596 hos
1112 2532 1245 2616 populos
1269 2529 1452 2595 revocandi
1477 2530 1521 2595 ad
1620 2577 1621 2614 p

329 2656 492 2739 antiquam
515 2656 669 2723 unitatem
695 2657 830 2722 inservit
856 2656 1043 2742 Collegium
1066 2655 1314 2742 Philoloyicum
1340 2654 1521 2721 Orimwto
1620 2683 1622 2740 4

328 2778 425 2863 opud
455 2778 489 2845 S.
520 2760 775 2862 Apollinarem,
800 2779 988 2845 coalescens
1017 2798 1061 2845 ex
1093 2777 1258 2863 Magistris
1292 2780 1346 2862 qui
1381 2780 1520 2866 linguas
1620 2753 1621 2764 ἵ

328 2901 446 2967 docent
468 2902 651 2968 orientales.
996 2872 1004 2885 ἱ

419 3025 493 3091 123.
519 3026 685 3092 Hactenus
708 3027 949 3093 enucleavimus
973 3026 1240 3113 Congregationis
1264 3046 1408 3111 scopum,
1431 3030 1520 3095 eius·

328 3169 390 3234 que
413 3150 554 3233 potiores
581 3155 690 3234 partes
721 3151 966 3235 explicavimus,
991 3150 1085 3215 modo
1116 3151 1192 3215 eins·
1217 3152 1439 3235 competentia
1464 3150 1521 3216 de

327 3272 532 3338 terminanda
555 3279 613 3342 est.
640 3308 656 3321 -
683 3274 774 3339 Haec
796 3294 875 3339 sane
898 3272 1068 3339 admodum
1090 3272 1157 3339 late
1181 3278 1276 3359 patet
1294 3274 1457 3358 siqnidem
1483 3278 1519 3341 in
1620 3304 1622 3374 ς

327 3414 449 3481 genere
486 3397 673 3480 prospicere
711 3396 806 3489 debet
843 3396 997 3484 pastorali
1035 3397 1185 3483 regimini
1220 3397 1413 3483 populorum
1453 3398 1520 3464 sibi

326 3517 554 3584 subiectorum.
580 3518 670 3585 Unde
701 3520 763 3585 ista
789 3521 1005 3607 congregatio
1033 3525 1154 3607 potest,
1178 3522 1249 3607 ipsa
1275 3522 1362 3603 sola,
1388 3522 1422 3585 in
1454 3543 1520 3589 sua
1620 3519 1622 3526 ’

327 3638 447 3706 ditione
469 3640 552 3723 quod
576 3648 716 3715 ceterae,
741 3662 886 3727 quaeque
909 3664 969 3729 pro
991 3663 1050 3708 sua
1073 3644 1250 3729 provincia,
1267 3649 1370 3729 agunt
1384 3645 1419 3709 in
1438 3645 1518 3713 aliis

327 3766 521 3850 regionibus.
553 3766 763 3833 Nihilominus
790 3770 831 3835 ad
861 3770 1041 3836 faciliorem
1072 3773 1294 3855 quaestionum
1326 3773 1519 3859 expeditio-

327 3905 417 3960 nem,
442 3888 588 3973 negotia,
616 3887 658 3954 ad
680 3886 775 3956 fidem
799 3890 924 3957 directe
946 3894 1141 3977 spectantia,
1168 3892 1335 3960 remittere
1358 3894 1448 3959 solet
1472 3896 1517 3961 ad

325 4005 356 4071 S.
382 4003 551 4084 Officium3
575 4010 621 4074 uti
650 4009 761 4095 plures
793 4012 964 4097 petitiones
994 4032 1054 4097 pro
1084 4011 1157 4077 foro
1188 4012 1318 4077 interno
1347 4012 1519 4082 submittit

413 4286 454 4359 (l)
473 4288 526 4344 Sed
543 4288 613 4344 haec
632 4288 722 4346 altera
740 4291 822 4347 hodie
847 4293 960 4347 nomine
981 4296 1063 4347 tenus
1083 4292 1163 4363 viget
1180 4292 1247 4364 qnia
1265 4292 1420 4350 relationes
1438 4312 1517 4352 exa·

324 4392 467 4449 minantur
485 4412 569 4465 penes
587 4397 757 4452 Secretarias
776 4399 812 4453 ab
831 4400 979 4455 ordinariis
997 4400 1172 4455 officialibus.
