3292 5109
493 311 537 358 un
573 310 714 359 rumcus
749 308 1013 359 accnnsmsrmrs
1281 290 1349 357 295

168 435 221 501 29
235 435 313 502 Dec.
330 435 423 502 1878
439 436 563 502 statuit:
583 456 600 497 s
618 436 696 500 Cum
720 435 923 522 experientia
939 440 1139 521 compertum
1154 435 1257 500 fuerit
1271 436 1350 502 cba'-

168 568 333 627 racterem
355 560 576 628 theutonicum
601 561 698 647 vulgo
721 560 885 627 Bottatico
910 566 1020 646 utpote
1043 560 1083 625 ab
1106 581 1166 625 usu
1189 562 1350 625 communi

168 692 337 759 remotum,
355 686 553 751 Litterarum
576 685 835 771 Apostolicarum
858 684 989 751 lectioni
1013 684 1232 751 difficultatem
1255 686 1347 772 inge-

169 831 244 875 rere
259 816 294 877 et
309 811 493 876 earumdem
512 812 670 875 remorari
687 810 924 895 expeditionem
939 828 1103 895 quousque
1126 811 1347 876 authenticum

174 938 351 1022 exemplar,
382 938 668 1021 Trausamptam‚
693 944 928 1023 nuncupatum,
954 940 1114 1024 signatum
1142 956 1207 1001 non
1231 938 1347 1013 fuerit;

166 1062 351 1147 plumbeum
371 1084 452 1128 vero
474 1064 632 1129 numisma
655 1064 793 1128 faciliori
818 1063 998 1128 huiusmodi
1022 1064 1218 1129 Litterarum
1242 1068 1347 1128 trans·

167 1188 310 1252 missioni
342 1186 427 1253 haud
458 1188 576 1254 leviter
598 1188 726 1262 obesse,
750 1208 850 1273 super
880 1187 994 1272 quibus
1027 1189 1128 1254 elatas
1158 1186 1349 1273 quandoque

166 1313 265 1378 fuisse
284 1314 434 1398 querelas
458 1315 622 1390 novimum
647 1316 712 1380 Nos
735 1313 806 1379 aliis
829 1313 964 1398 aliisque
985 1316 1119 1379 minoris
1135 1313 1287 1399 ponderis
1301 1316 1347 1379 in·

167 1437 346 1503 commodis
381 1439 639 1523 prospiciendum
668 1440 843 1524 Apostolici
873 1441 1018 1504 muneris
1048 1459 1119 1505 esse
1149 1444 1348 1524 reputamus.

169 1561 296 1627 Idcirco
314 1611 415 1627 ......
440 1564 474 1626 in
497 1564 691 1648 Apostoliais
714 1564 831 1638 litteris
854 1585 947 1629 usum
970 1563 1189 1649 (characteris
1213 1563 1256 1628 de
1279 1580 1346 1646 quo

174 1686 296 1773 supra)
320 1686 478 1753 subletum
494 1708 531 1753 ac
547 1688 707 1753 aboletum
731 1688 935 1755 decernimus
958 1709 997 1753 ac
1020 1688 1232 1761 declaramus,
1257 1706 1349 1752 man-

172 1810 285 1877 dantes
303 1816 339 1878 ut
359 1832 379 1875 a
398 1815 614 1897 praesentium
638 1813 863 1899 publicatione,
880 1815 1023 1879 Litterae
1039 1814 1243 1899 Apostolicae
1267 1831 1350 1876 com·

171 1936 259 2001 muni
290 1935 390 2003 latino
420 1937 614 2004 charactere
645 1958 743 2023 super
766 1937 881 2003 charta
903 1959 1101 2025 pergamena
1122 1938 1355 2026 (perpamena.

172 2059 345 2127 bullarum
368 2066 418 2127 est
439 2062 587 2147 rubida),
612 2068 647 2128 ut
670 2063 702 2127 in
726 2082 817 2129 more
842 2069 898 2136 est,
923 2064 1213 2129 exhibeantur.
1235 2063 1347 2139 Quoad

169 2184 318 2269 plumbea
341 2188 534 2253 numismata
555 2207 620 2251 una
643 2208 716 2253 cum
740 2186 874 2254 adiectis
897 2188 1047 2269 cordulis,
1071 2190 1287 2273 praecipimus
1310 2208 1349 2253 ea

170 2308 331 2373 servanda
353 2314 477 2375 tantum
509 2330 578 2375 esse
602 2312 635 2375 in
660 2310 854 2397 Apostolicis
877 2313 1008 2376 Litteris
1031 2311 1248 2384 collationum,
1274 2332 1348 2375 ere-

170 2435 311 2498 ctionum
335 2440 367 2500 et
398 2435 714 2502 dismembratiouum
739 2435 976 2502 Beneficiorum
999 2438 1159 2502 Maiarum
1190 2457 1253 2502 nec
1282 2453 1348 2501 non

170 2558 203 2621 in
219 2558 291 2623 aliis
308 2558 444 2625 Sanctae
461 2558 551 2625 Sedis
575 2560 770 2625 solemnibus
792 2563 883 2627 actis.
900 2561 939 2625 In
956 2562 1088 2644 reliquis
1112 2580 1189 2625 vero
1214 2561 1347 2625 Litteris

169 2685 203 2747 et
224 2684 417 2767 praesertim
441 2685 474 2748 in
499 2684 562 2749 illis
593 2704 675 2769 quae
697 2684 855 2751 beneficia
884 2687 1010 2750 minora
1032 2704 1072 2749 ac
1094 2684 1349 2769 dispensationes

172 2826 272 2892 super
294 2809 528 2893 impedimentis
551 2810 839 2876 matrimonialibus
862 2812 1048 2896 respiciunt,
1072 2810 1264 2874 auctoritate
1288 2809 1348 2873 No·

171 2938 240 2998 stra
262 2935 450 3020 Apostolica
472 2956 532 3021 per
555 2943 744 3023 praesentes
767 2938 879 3003 eadem
902 2938 1066 3004 abolemus
1082 2942 1114 3002 et
1132 2936 1252 3003 abolita
1274 2935 1347 3000 fore

171 3062 339 3125 statuimus
362 3067 395 3127 et
417 3061 605 3128 mandamus
627 3084 727 3147 usque
751 3064 897 3132 substitui
914 3068 947 3129 et
962 3063 1163 3129 substitutam
1188 3066 1221 3127 et
1240 3058 1349 3125 subro-

170 3189 277 3269 gatam
301 3185 373 3249 fore
397 3184 541 3252 iubemus
564 3188 808 3272 impressionem
831 3187 924 3254 rubri
947 3188 1066 3253 coloris
1095 3186 1192 3283 sigilli
1221 3186 1349 3251 noviter

170 3304 371 3381 conficiendi,
388 3310 545 3393 imagines
568 3310 709 3394 ipsorum
734 3310 962 3395 Apostolorum
978 3310 1069 3375 Petri
1093 3315 1126 3374 et
1142 3309 1236 3375 Pauli
1259 3308 1346 3373 refe-

167 3434 279 3506 rentis,
304 3434 515 3519 inscriptione
538 3436 675 3500 nominis
699 3439 867 3523 regnantis
886 3437 1007 3502 Summi
1024 3433 1190 3500 Pontificis
1214 3436 1349 3501 circum-

166 3556 263 3623 ducta
278 3577 310 3620 a.

256 3680 332 3749 242.
357 3684 395 3749 ln
420 3683 522 3749 Bullis
546 3683 754 3769 expediendis
778 3704 842 3749 non
867 3705 995 3771 semper
1017 3684 1150 3751 eaedem
1173 3687 1347 3750 servantur

167 3806 319 3891 regulae,
345 3825 445 3890 quare
480 3807 538 3873 sub
574 3807 703 3873 diversa
736 3809 952 3894 appellatione
976 3810 1090 3876 Bullae
1125 3807 1345 3874 recensendae

166 3937 249 3997 sunt.
274 3932 313 3996 In
336 3933 449 4015 primis
473 3934 678 4018 appellantur
701 3953 723 3999 a
746 3935 810 4000 viis
833 3934 946 4018 quibus
970 3935 1197 4021 expediuntur,
1222 3933 1346 3999 scilicet
1451 3935 1456 3953 '

166 4055 318 4123 dicuntur
334 4057 439 4123 bullae
455 4079 515 4143 per
536 4059 633 4124 Viam
648 4060 882 4126 Cancettariae
897 4080 979 4144 quae
994 4058 1076 4126 fiunt
1091 4060 1182 4125 iuxta
1193 4058 1345 4145 Repetas

170 4174 412 4254 (lacernatae,
436 4182 483 4245 uti
507 4182 568 4244 iam
594 4181 836 4265 explicavimus.

257 4305 352 4371 Aliae
383 4305 534 4371 dicuntur
566 4306 678 4371 Bullae
711 4326 770 4391 per
802 4307 898 4373 Viam
930 4309 973 4374 de
1000 4306 1154 4375 Camere.
1186 4308 1226 4372 In
1258 4307 1348 4373 hisce

169 4426 270 4493 Bullis
294 4430 461 4514 proprium
481 4434 530 4495 est
552 4434 668 4494 utnon
692 4435 866 4495 serventur
890 4432 1036 4518 Regulae
1053 4426 1285 4512 cancellariae,
1301 4429 1348 4496 uti
