3292 5109
227 304 295 371 284
747 323 831 371 rens
855 323 892 369 ιι.

228 446 353 513 directe
376 447 416 513 ad
442 449 563 533 Papam
594 447 673 511 dare
704 447 865 533 supplices
894 446 1022 513 libellos
1052 468 1112 533 pro
1144 448 1331 514 recursibus
1354 452 1413 515 aut

227 573 390 657 querelis;
414 592 475 639 nec
500 569 648 637 Pontifici
672 570 811 637 medium
836 572 948 638 deesse
974 571 1071 639 debet
1097 592 1160 657 quo
1188 572 1312 640 directe
1335 575 1413 660 Ipse

229 700 438 788 respondeat:
463 700 526 764 hoc
543 690 693 767 Officium
717 698 835 765 dicitur
851 698 1036 764 Secretaria
1051 718 1071 763 a
1086 698 1311 785 diplomatibus
1334 720 1415 787 pon·

228 824 336 893 tificiis
351 826 447 911 vulgo
472 824 527 889 dei
548 823 755 889 Memoriali.
781 858 798 872 -
823 823 1028 891 Memoriale
1050 829 1100 889 est
1121 825 1156 889 in
1175 844 1299 911 genere
1322 826 1413 909 quis·

228 969 292 1035 que
315 950 451 1035 supplex
473 948 611 1021 libellus.
645 946 735 1012 Haeo
758 947 945 1013 Secretaria
968 947 1078 1031 Papae
1101 948 1240 1013 inservit
1263 949 1295 1012 in
1319 950 1413 1015 exci-

230 1072 354 1159 piendis
389 1073 584 1159 supplicibus
611 1072 728 1139 libellis
752 1072 884 1137 Summo
912 1070 1062 1137 Pontifici
1089 1072 1286 1139 immediate
1312 1071 1411 1147 datis,

228 1198 344 1285 quibus
360 1200 412 1265 vel
436 1200 504 1285 ipsa
527 1198 651 1265 directe
674 1198 713 1265 de
736 1198 887 1265 mandato
910 1200 1019 1284 Papae
1042 1199 1209 1273 satisfacit,
1234 1200 1413 1289 expediens

188 1414 194 1435 ι
230 1322 429 1387 memoriale
452 1320 505 1385 vel
536 1319 621 1392 illos,
646 1319 740 1384 alteri
766 1318 880 1387 Officio
905 1320 958 1384 vel
982 1322 1176 1405 competenti
1207 1323 1239 1388 S.
1264 1324 1412 1409 Congre-

229 1446 352 1531 gationi
385 1446 519 1512 remittit
547 1452 582 1510 ut
611 1446 673 1510 ista
699 1443 883 1531 dycasteria
913 1447 1004 1511 iuxta
1034 1446 1202 1532 proprium
1233 1446 1354 1532 stylum
1377 1451 1414 1511 et

228 1566 412 1631 ordinarias
446 1566 617 1632 facultates
652 1567 813 1651 negotium
850 1566 1035 1652 expediant.
1071 1568 1122 1631 lta
1145 1587 1197 1633 cx.
1221 1588 1271 1653 gr.
1295 1567 1414 1651 aliquis

227 1690 355 1757 directe
378 1710 439 1776 per
461 1689 638 1775 supplicem
662 1688 806 1753 libellum
829 1707 888 1752 seu
906 1687 1105 1753 memoriale
1127 1692 1234 1773 potest
1256 1693 1369 1773 petere
1391 1707 1415 1752 a

229 1814 361 1881 Summo
379 1813 535 1879 Pontifice
552 1814 736 1879 facultatem
760 1811 906 1899 erigendi
931 1811 1119 1879 Oratorium
1143 1814 1306 1898 privatum
1325 1815 1415 1879 inter

228 1940 421 2006 domesticos
451 1942 608 2025 parietem
637 1938 802 2003 concessio
834 1957 914 2001 vero
945 1937 1116 2023 expeditur
1139 1938 1193 2003 vel
1225 1937 1348 2003 drrecte
1371 1938 1415 2003 ab

231 2068 294 2132 hac
318 2067 504 2133 Secretaria
530 2064 786 2137 Memorialium‚
808 2082 876 2147 per
905 2062 1122 2140 memoriale,
1151 2064 1204 2128 vel
1236 2065 1416 2130 remittitur

230 2193 342 2253 certae
367 2188 616 2273 congregationi
642 2192 677 2253 ut
698 2207 757 2272 per
782 2188 976 2272 rescriptum
1002 2188 1144 2252 eiusdem
1169 2188 1270 2273 Gong.
1295 2206 1416 2251 couce-

229 2317 337 2389 datur,
361 2315 414 2380 vel
437 2313 606 2399 ablegatur
629 2314 833 2379 Secretariae
849 2312 1013 2379 Breoium
1035 2319 1070 2378 ut
1093 2312 1176 2378 haec
1199 2332 1260 2399 per
1283 2311 1415 2378 modum

231 2442 375 2506 solemne
400 2440 518 2505 Breuis
541 2438 711 2523 Pontifieii
734 2438 873 2523 gratiam
899 2438 1062 2521 impertiat
1086 2438 1230 2504 Oratori.

322 2564 398 2630 234.
424 2564 532 2639 Quare
552 2564 741 2628 Secretaria
762 2580 782 2625 a
806 2561 965 2626 Brevibus
986 2561 1164 2627 Pontificiis
1187 2568 1239 2627 est
1262 2559 1413 2629 Officium

231 2688 318 2775 quod
342 2666 496 2753 incumbit
519 2690 550 2752 in
575 2686 790 2771 expediendas
813 2686 941 2751 litteras
965 2681 1152 2750 Pontificias
1174 2685 1239 2750 illis
1260 2684 1415 2750 adhibitis

230 2810 357 2877 formae
381 2810 633 2877 solemnitatibus
657 2809 770 2893 quibus
794 2813 942 2874 constant
967 2808 1087 2872 Brevia
1106 2806 1286 2879 Pontificia‚
1311 2814 1345 2871 et
1366 2805 1414 2871 di·

230 2938 441 3023 stinguuntur
471 2956 490 2999 a
522 2934 633 3000 Bullis.
670 2968 687 2981 -
720 2932 799 2999 Inde
830 2932 992 3018 expeditio
1023 2931 1177 2996 Brevium
1208 2933 1414 2997 connectitur

231 3081 306 3126 cum
331 3058 454 3126 Officiis
478 3060 628 3125 Datariae
652 3064 684 3123 et
708 3058 949 3131 cancellariam
981 3054 1189 3139 quamobrem
1219 3060 1412 3139 anteaquam

233 3188 328 3275 plura
351 3186 390 3252 de
414 3187 482 3252 istis
505 3186 648 3251 dicamus
676 3183 882 3265 tractandum
906 3184 970 3248 erit
1000 3182 1040 3247 de
1065 3182 1269 3248 cancellaria
1291 3187 1325 3246 et
1348 3182 1412 3245 Da-

208 3288 327 3396 ,taria
351 3314 443 3378 Haec
467 3312 552 3375 enim
578 3307 694 3376 Officia
717 3308 887 3375 intendunt
918 3309 950 3371 in
974 3308 1145 3393 graviores
1171 3304 1414 3392 praeparandas

231 3443 288 3502 aut
304 3435 520 3522 expediendas
538 3437 645 3520 Papae
661 3436 903 3509 concessionem
928 3433 1057 3499 litterae
1073 3450 1152 3495 vero
1169 3431 1413 3495 concessionum

231 3561 351 3628 dantur
377 3560 429 3626 vel
460 3562 492 3624 in
522 3558 640 3642 forma
663 3558 782 3625 Brevis
808 3558 862 3623 vel
893 3559 927 3621 in
956 3555 1073 3639 somna
1102 3554 1246 3637 Bullae5
1268 3554 1321 3620 vel
1353 3573 1414 3639 per

230 3686 371 3771 simplex
406 3685 597 3769 rescriptum
622 3703 678 3748 seu
701 3683 928 3769 sipnoturam.
964 3682 1074 3757 Quare
1104 3680 1246 3744 maxime
1277 3680 1415 3743 interest

230 3826 431 3893 cognoscere
446 3778 569 3871 borum
594 3805 782 3872 Officiurum
806 3824 922 3871 munus
944 3809 977 3870 et
1001 3801 1138 3888 proxim.
