<?xml version="1.0" encoding="UTF-8"?>
<!DOCTYPE html PUBLIC "-//W3C//DTD XHTML 1.0 Transitional//EN"
    "http://www.w3.org/TR/xhtml1/DTD/xhtml1-transitional.dtd">
<html xmlns="http://www.w3.org/1999/xhtml" xml:lang="en" lang="en">
 <head>
  <title>
</title>
<meta http-equiv="Content-Type" content="text/html;charset=utf-8" />
  <meta name='ocr-system' content='tesseract 3.04.00' />
  <meta name='ocr-capabilities' content='ocr_page ocr_carea ocr_par ocr_line ocrx_word'/>
</head>
<body>
  <div class='ocr_page' id='page_1' title='image "./praelectionesin03legagoog/praelectionesin03legagoog_0409.png"; bbox 0 0 3292 5109; ppageno 0'>
   <div class='ocr_carea' id='block_1_1' title="bbox 526 314 1366 381">
    <p class='ocr_par' dir='ltr' id='par_1_1' title="bbox 526 314 1366 381">
     <span class='ocr_line' id='line_1_1' title="bbox 526 314 1366 381; baseline 0.002 -2"><span class='ocrx_word' id='word_1_1' title='bbox 526 333 571 379; x_wconf 81' lang='lat' dir='ltr'>nx</span> <span class='ocrx_word' id='word_1_2' title='bbox 594 331 734 381; x_wconf 78' lang='lat' dir='ltr'>inmens</span> <span class='ocrx_word' id='word_1_3' title='bbox 757 331 1024 381; x_wconf 79' lang='lat' dir='ltr'>ncocnsmsrrms</span> <span class='ocrx_word' id='word_1_4' title='bbox 1300 314 1366 381; x_wconf 81' lang='lat'>405</span> 
     </span>
    </p>
   </div>
   <div class='ocr_carea' id='block_1_2' title="bbox 184 456 1452 1159">
    <p class='ocr_par' dir='ltr' id='par_1_2' title="bbox 184 456 1452 1159">
     <span class='ocr_line' id='line_1_2' title="bbox 185 456 1367 544; baseline 0.002 -21"><span class='ocrx_word' id='word_1_5' title='bbox 185 456 333 524; x_wconf 91' lang='lat' dir='ltr'>districtu</span> <span class='ocrx_word' id='word_1_6' title='bbox 364 474 422 522; x_wconf 87' lang='lat' dir='ltr'>seu</span> <span class='ocrx_word' id='word_1_7' title='bbox 451 458 618 525; x_wconf 89' lang='lat' dir='ltr'>territorio</span> <span class='ocrx_word' id='word_1_8' title='bbox 648 458 956 544; x_wconf 80' lang='lat' dir='ltr'>superiorumque</span> <span class='ocrx_word' id='word_1_9' title='bbox 986 456 1168 541; x_wconf 81' lang='lat' dir='ltr'>superiora</span> <span class='ocrx_word' id='word_1_10' title='bbox 1197 464 1285 525; x_wconf 81' lang='lat' dir='ltr'>suat.</span> <span class='ocrx_word' id='word_1_11' title='bbox 1317 459 1367 525; x_wconf 87' lang='lat' dir='ltr'>ita</span> 
     </span>
     <span class='ocr_line' id='line_1_3' title="bbox 185 574 1452 663; baseline 0.003 -20"><span class='ocrx_word' id='word_1_12' title='bbox 185 577 327 643; x_wconf 84' lang='lat' dir='ltr'>tribunal</span> <span class='ocrx_word' id='word_1_13' title='bbox 350 578 498 663; x_wconf 82' lang='lat' dir='ltr'>Episcopi</span> <span class='ocrx_word' id='word_1_14' title='bbox 523 574 727 663; x_wconf 82' lang='lat' dir='ltr'>Suffraganei</span> <span class='ocrx_word' id='word_1_15' title='bbox 750 576 1040 663; x_wconf 73' lang='lat' dir='ltr'>comprehenditur</span> <span class='ocrx_word' id='word_1_16' title='bbox 1063 578 1096 644; x_wconf 90' lang='lat' dir='ltr'>in</span> <span class='ocrx_word' id='word_1_17' title='bbox 1118 580 1287 646; x_wconf 90' lang='lat' dir='ltr'>territorio</span> <span class='ocrx_word' id='word_1_18' title='bbox 1310 582 1365 646; x_wconf 91' lang='lat' dir='ltr'>tri·</span> <span class='ocrx_word' id='word_1_19' title='bbox 1449 641 1452 647; x_wconf 89' lang='lat'>.</span> 
     </span>
     <span class='ocr_line' id='line_1_4' title="bbox 185 689 1367 791; baseline 0.002 -22"><span class='ocrx_word' id='word_1_20' title='bbox 185 700 312 769; x_wconf 88' lang='lat' dir='ltr'>bunalis</span> <span class='ocrx_word' id='word_1_21' title='bbox 327 703 630 789; x_wconf 82' lang='lat' dir='ltr'>Archiepiscopalis,</span> <span class='ocrx_word' id='word_1_22' title='bbox 655 689 814 787; x_wconf 83' lang='lat' dir='ltr'>quatenus</span> <span class='ocrx_word' id='word_1_23' title='bbox 830 703 1104 790; x_wconf 86' lang='lat' dir='ltr'>Archiepiscopus</span> <span class='ocrx_word' id='word_1_24' title='bbox 1127 710 1260 791; x_wconf 91' lang='lat' dir='ltr'>praeter</span> <span class='ocrx_word' id='word_1_25' title='bbox 1283 703 1367 771; x_wconf 88' lang='lat' dir='ltr'>dioe-</span> 
     </span>
     <span class='ocr_line' id='line_1_5' title="bbox 184 826 1366 914; baseline -0.001 -20"><span class='ocrx_word' id='word_1_26' title='bbox 184 829 286 894; x_wconf 88' lang='lat' dir='ltr'>cesim</span> <span class='ocrx_word' id='word_1_27' title='bbox 308 827 407 892; x_wconf 85' lang='lat' dir='ltr'>habet</span> <span class='ocrx_word' id='word_1_28' title='bbox 429 829 525 893; x_wconf 87' lang='lat' dir='ltr'>etiam</span> <span class='ocrx_word' id='word_1_29' title='bbox 541 826 742 913; x_wconf 87' lang='lat' dir='ltr'>provinciam</span> <span class='ocrx_word' id='word_1_30' title='bbox 759 826 1031 892; x_wconf 86' lang='lat' dir='ltr'>Ecclesiasticam.</span> <span class='ocrx_word' id='word_1_31' title='bbox 1048 828 1129 893; x_wconf 91' lang='lat' dir='ltr'>Nam</span> <span class='ocrx_word' id='word_1_32' title='bbox 1154 849 1218 894; x_wconf 91' lang='lat' dir='ltr'>non</span> <span class='ocrx_word' id='word_1_33' title='bbox 1238 828 1366 914; x_wconf 84' lang='lat' dir='ltr'>singula</span> 
     </span>
     <span class='ocr_line' id='line_1_6' title="bbox 186 950 1364 1038; baseline 0 -20"><span class='ocrx_word' id='word_1_34' title='bbox 186 956 220 1017; x_wconf 91' lang='lat' dir='ltr'>et</span> <span class='ocrx_word' id='word_1_35' title='bbox 242 953 395 1018; x_wconf 88' lang='lat' dir='ltr'>universa</span> <span class='ocrx_word' id='word_1_36' title='bbox 409 950 567 1016; x_wconf 87' lang='lat' dir='ltr'>inferiora</span> <span class='ocrx_word' id='word_1_37' title='bbox 581 950 754 1017; x_wconf 85' lang='lat' dir='ltr'>tribunalia</span> <span class='ocrx_word' id='word_1_38' title='bbox 769 950 951 1016; x_wconf 89' lang='lat' dir='ltr'>subduntur</span> <span class='ocrx_word' id='word_1_39' title='bbox 966 950 1114 1016; x_wconf 88' lang='lat' dir='ltr'>omnibus</span> <span class='ocrx_word' id='word_1_40' title='bbox 1132 952 1364 1038; x_wconf 88' lang='lat' dir='ltr'>superioribus,</span> 
     </span>
     <span class='ocr_line' id='line_1_7' title="bbox 186 1070 1366 1159; baseline -0.001 -21"><span class='ocrx_word' id='word_1_41' title='bbox 186 1074 303 1159; x_wconf 82' lang='lat' dir='ltr'>quippe</span> <span class='ocrx_word' id='word_1_42' title='bbox 332 1072 373 1137; x_wconf 90' lang='lat' dir='ltr'>ad</span> <span class='ocrx_word' id='word_1_43' title='bbox 396 1070 579 1138; x_wconf 81' lang='lat' dir='ltr'>evitandam</span> <span class='ocrx_word' id='word_1_44' title='bbox 603 1072 837 1155; x_wconf 82' lang='lat' dir='ltr'>competentiae</span> <span class='ocrx_word' id='word_1_45' title='bbox 861 1070 1084 1136; x_wconf 88' lang='lat' dir='ltr'>contusionem</span> <span class='ocrx_word' id='word_1_46' title='bbox 1109 1076 1141 1136; x_wconf 94' lang='lat' dir='ltr'>et</span> <span class='ocrx_word' id='word_1_47' title='bbox 1170 1092 1366 1157; x_wconf 88' lang='lat' dir='ltr'>praecaven-</span> 
     </span>
    </p>
   </div>
   <div class='ocr_carea' id='block_1_3' title="bbox 184 1194 1365 1283">
    <p class='ocr_par' dir='ltr' id='par_1_3' title="bbox 184 1194 1365 1283">
     <span class='ocr_line' id='line_1_8' title="bbox 184 1194 1365 1283; baseline 0.003 -21"><span class='ocrx_word' id='word_1_48' title='bbox 184 1196 260 1262; x_wconf 92' lang='lat' dir='ltr'>dum</span> <span class='ocrx_word' id='word_1_49' title='bbox 284 1198 385 1261; x_wconf 87' lang='lat' dir='ltr'>maius</span> <span class='ocrx_word' id='word_1_50' title='bbox 408 1216 611 1262; x_wconf 90' lang='lat' dir='ltr'>nummorum</span> <span class='ocrx_word' id='word_1_51' title='bbox 636 1200 669 1262; x_wconf 90' lang='lat' dir='ltr'>et</span> <span class='ocrx_word' id='word_1_52' title='bbox 688 1196 843 1281; x_wconf 89' lang='lat' dir='ltr'>temporis</span> <span class='ocrx_word' id='word_1_53' title='bbox 862 1194 1074 1281; x_wconf 81' lang='lat' dir='ltr'>dispendium,</span> <span class='ocrx_word' id='word_1_54' title='bbox 1091 1198 1254 1283; x_wconf 89' lang='lat' dir='ltr'>provisum</span> <span class='ocrx_word' id='word_1_55' title='bbox 1271 1198 1365 1265; x_wconf 81' lang='lat' dir='ltr'>situi</span> 
     </span>
    </p>
   </div>
   <div class='ocr_carea' id='block_1_4' title="bbox 185 1322 1469 1411">
    <p class='ocr_par' dir='ltr' id='par_1_4' title="bbox 185 1322 1469 1411">
     <span class='ocr_line' id='line_1_9' title="bbox 185 1322 1469 1411; baseline 0.002 -23"><span class='ocrx_word' id='word_1_56' title='bbox 185 1325 344 1390; x_wconf 86' lang='lat' dir='ltr'>inferiora</span> <span class='ocrx_word' id='word_1_57' title='bbox 368 1328 458 1389; x_wconf 90' lang='lat' dir='ltr'>certo</span> <span class='ocrx_word' id='word_1_58' title='bbox 482 1344 618 1389; x_wconf 90' lang='lat' dir='ltr'>numero</span> <span class='ocrx_word' id='word_1_59' title='bbox 642 1322 857 1389; x_wconf 88' lang='lat' dir='ltr'>determinata</span> <span class='ocrx_word' id='word_1_60' title='bbox 880 1322 1098 1392; x_wconf 75' lang='lat' dir='ltr'>subderentur</span> <span class='ocrx_word' id='word_1_61' title='bbox 1125 1326 1179 1389; x_wconf 91' lang='lat' dir='ltr'>uni</span> <span class='ocrx_word' id='word_1_62' title='bbox 1203 1343 1246 1391; x_wconf 89' lang='lat' dir='ltr'>ex</span> <span class='ocrx_word' id='word_1_63' title='bbox 1269 1346 1364 1411; x_wconf 89' lang='lat' dir='ltr'>supe·</span> <span class='ocrx_word' id='word_1_64' title='bbox 1467 1340 1469 1346; x_wconf 81' lang='grc'>’</span> 
     </span>
    </p>
   </div>
   <div class='ocr_carea' id='block_1_5' title="bbox 184 1444 1364 2524">
    <p class='ocr_par' dir='ltr' id='par_1_5' title="bbox 184 1444 1364 2524">
     <span class='ocr_line' id='line_1_10' title="bbox 186 1444 1362 1533; baseline 0.003 -22"><span class='ocrx_word' id='word_1_65' title='bbox 186 1445 336 1520; x_wconf 90' lang='lat' dir='ltr'>rioribus,</span> <span class='ocrx_word' id='word_1_66' title='bbox 353 1445 436 1530; x_wconf 92' lang='lat' dir='ltr'>quod</span> <span class='ocrx_word' id='word_1_67' title='bbox 459 1446 531 1511; x_wconf 92' lang='lat' dir='ltr'>loco</span> <span class='ocrx_word' id='word_1_68' title='bbox 554 1446 660 1511; x_wconf 90' lang='lat' dir='ltr'>minus</span> <span class='ocrx_word' id='word_1_69' title='bbox 675 1445 818 1518; x_wconf 83' lang='lat' dir='ltr'>distaret,</span> <span class='ocrx_word' id='word_1_70' title='bbox 836 1444 940 1533; x_wconf 91' lang='lat' dir='ltr'>donec</span> <span class='ocrx_word' id='word_1_71' title='bbox 955 1447 1063 1511; x_wconf 87' lang='lat' dir='ltr'>omnia</span> <span class='ocrx_word' id='word_1_72' title='bbox 1081 1446 1240 1512; x_wconf 84' lang='lat' dir='ltr'>inferiora</span> <span class='ocrx_word' id='word_1_73' title='bbox 1254 1450 1288 1514; x_wconf 86' lang='lat' dir='ltr'>et</span> <span class='ocrx_word' id='word_1_74' title='bbox 1310 1470 1362 1514; x_wconf 88' lang='lat' dir='ltr'>su·</span> 
     </span>
     <span class='ocr_line' id='line_1_11' title="bbox 185 1565 1364 1657; baseline 0.002 -22"><span class='ocrx_word' id='word_1_75' title='bbox 185 1571 318 1657; x_wconf 92' lang='lat' dir='ltr'>periora</span> <span class='ocrx_word' id='word_1_76' title='bbox 347 1589 498 1655; x_wconf 89' lang='lat' dir='ltr'>supremo</span> <span class='ocrx_word' id='word_1_77' title='bbox 529 1568 662 1633; x_wconf 86' lang='lat' dir='ltr'>Summi·</span> <span class='ocrx_word' id='word_1_78' title='bbox 682 1565 849 1633; x_wconf 81' lang='lat' dir='ltr'>Pontificio</span> <span class='ocrx_word' id='word_1_79' title='bbox 880 1567 1049 1635; x_wconf 87' lang='lat' dir='ltr'>subessent</span> <span class='ocrx_word' id='word_1_80' title='bbox 1078 1569 1242 1635; x_wconf 91' lang='lat' dir='ltr'>tribunali.</span> <span class='ocrx_word' id='word_1_81' title='bbox 1272 1569 1364 1637; x_wconf 91' lang='lat' dir='ltr'>Unde</span> 
     </span>
     <span class='ocr_line' id='line_1_12' title="bbox 184 1693 1364 1782; baseline 0 -19"><span class='ocrx_word' id='word_1_82' title='bbox 184 1698 356 1782; x_wconf 85' lang='lat' dir='ltr'>superiora</span> <span class='ocrx_word' id='word_1_83' title='bbox 384 1696 560 1761; x_wconf 89' lang='lat' dir='ltr'>tribunalia</span> <span class='ocrx_word' id='word_1_84' title='bbox 590 1695 778 1780; x_wconf 91' lang='lat' dir='ltr'>ampliorem</span> <span class='ocrx_word' id='word_1_85' title='bbox 809 1693 931 1760; x_wconf 89' lang='lat' dir='ltr'>habent</span> <span class='ocrx_word' id='word_1_86' title='bbox 960 1696 1119 1761; x_wconf 87' lang='lat' dir='ltr'>territorii</span> <span class='ocrx_word' id='word_1_87' title='bbox 1151 1696 1304 1761; x_wconf 85' lang='lat' dir='ltr'>ambitum</span> <span class='ocrx_word' id='word_1_88' title='bbox 1331 1702 1364 1763; x_wconf 90' lang='lat' dir='ltr'>et</span> 
     </span>
     <span class='ocr_line' id='line_1_13' title="bbox 185 1820 1364 1907; baseline 0 -18"><span class='ocrx_word' id='word_1_89' title='bbox 185 1822 441 1907; x_wconf 85' lang='lat' dir='ltr'>competentiam,</span> <span class='ocrx_word' id='word_1_90' title='bbox 466 1826 623 1904; x_wconf 88' lang='lat' dir='ltr'>quatenus</span> <span class='ocrx_word' id='word_1_91' title='bbox 646 1820 884 1905; x_wconf 90' lang='lat' dir='ltr'>amplectuntur</span> <span class='ocrx_word' id='word_1_92' title='bbox 908 1822 1004 1887; x_wconf 89' lang='lat' dir='ltr'>etiam</span> <span class='ocrx_word' id='word_1_93' title='bbox 1028 1820 1184 1885; x_wconf 91' lang='lat' dir='ltr'>nonnulla</span> <span class='ocrx_word' id='word_1_94' title='bbox 1206 1821 1364 1891; x_wconf 77' lang='lat' dir='ltr'>interiora</span> 
     </span>
     <span class='ocr_line' id='line_1_14' title="bbox 185 1943 1363 2033; baseline -0.001 -22"><span class='ocrx_word' id='word_1_95' title='bbox 185 1947 262 2033; x_wconf 89' lang='lat' dir='ltr'>ipsis</span> <span class='ocrx_word' id='word_1_96' title='bbox 277 1945 510 2013; x_wconf 65' lang='lat' dir='ltr'>subordinate.</span> <span class='ocrx_word' id='word_1_97' title='bbox 530 1980 547 1993; x_wconf 94' lang='lat'>-</span> <span class='ocrx_word' id='word_1_98' title='bbox 565 1944 754 2009; x_wconf 84' lang='lat' dir='ltr'>Tribunaiia</span> <span class='ocrx_word' id='word_1_99' title='bbox 768 1943 927 2010; x_wconf 86' lang='lat' dir='ltr'>inferiora</span> <span class='ocrx_word' id='word_1_100' title='bbox 942 1964 1024 2027; x_wconf 90' lang='lat' dir='ltr'>quae</span> <span class='ocrx_word' id='word_1_101' title='bbox 1039 1945 1115 2011; x_wconf 83' lang='lat' dir='ltr'>iure</span> <span class='ocrx_word' id='word_1_102' title='bbox 1133 1944 1278 2027; x_wconf 81' lang='lat' dir='ltr'>positivo</span> <span class='ocrx_word' id='word_1_103' title='bbox 1297 1966 1363 2011; x_wconf 91' lang='lat' dir='ltr'>non</span> 
     </span>
     <span class='ocr_line' id='line_1_15' title="bbox 184 2066 1363 2150; baseline 0 -15"><span class='ocrx_word' id='word_1_104' title='bbox 184 2068 394 2135; x_wconf 79' lang='lat' dir='ltr'>subordinate</span> <span class='ocrx_word' id='word_1_105' title='bbox 417 2070 560 2133; x_wconf 88' lang='lat' dir='ltr'>existunt</span> <span class='ocrx_word' id='word_1_106' title='bbox 581 2068 708 2132; x_wconf 90' lang='lat' dir='ltr'>ratione</span> <span class='ocrx_word' id='word_1_107' title='bbox 731 2066 974 2150; x_wconf 79' lang='lat' dir='ltr'>competentiae</span> <span class='ocrx_word' id='word_1_108' title='bbox 997 2067 1168 2133; x_wconf 82' lang='lat' dir='ltr'>iudicialis</span> <span class='ocrx_word' id='word_1_109' title='bbox 1196 2067 1363 2135; x_wconf 82' lang='lat' dir='ltr'>altioribus</span> 
     </span>
     <span class='ocr_line' id='line_1_16' title="bbox 185 2192 1362 2282; baseline 0.003 -23"><span class='ocrx_word' id='word_1_110' title='bbox 185 2195 348 2282; x_wconf 82' lang='lat' dir='ltr'>gradibus,</span> <span class='ocrx_word' id='word_1_111' title='bbox 373 2216 430 2259; x_wconf 91' lang='lat' dir='ltr'>seu</span> <span class='ocrx_word' id='word_1_112' title='bbox 447 2192 709 2279; x_wconf 88' lang='lat' dir='ltr'>Archiepiscopis</span> <span class='ocrx_word' id='word_1_113' title='bbox 733 2196 914 2279; x_wconf 87' lang='lat' dir='ltr'>respective</span> <span class='ocrx_word' id='word_1_114' title='bbox 937 2214 1001 2259; x_wconf 90' lang='lat' dir='ltr'>non</span> <span class='ocrx_word' id='word_1_115' title='bbox 1025 2195 1292 2281; x_wconf 87' lang='lat' dir='ltr'>Metropolitanis‚</span> <span class='ocrx_word' id='word_1_116' title='bbox 1315 2200 1362 2262; x_wconf 85' lang='lat' dir='ltr'>ta·</span> 
     </span>
     <span class='ocr_line' id='line_1_17' title="bbox 186 2315 1361 2399; baseline 0.001 -16"><span class='ocrx_word' id='word_1_117' title='bbox 186 2339 260 2383; x_wconf 92' lang='lat' dir='ltr'>men</span> <span class='ocrx_word' id='word_1_118' title='bbox 283 2316 464 2382; x_wconf 90' lang='lat' dir='ltr'>subduntur</span> <span class='ocrx_word' id='word_1_119' title='bbox 486 2316 613 2381; x_wconf 87' lang='lat' dir='ltr'>ratione</span> <span class='ocrx_word' id='word_1_120' title='bbox 643 2315 857 2391; x_wconf 79' lang='lat' dir='ltr'>hierarchiae</span> <span class='ocrx_word' id='word_1_121' title='bbox 886 2315 1129 2383; x_wconf 78' lang='lat' dir='ltr'>iurisdictionis</span> <span class='ocrx_word' id='word_1_122' title='bbox 1136 2336 1151 2399; x_wconf 86' lang='lat'>,·</span> <span class='ocrx_word' id='word_1_123' title='bbox 1177 2317 1218 2382; x_wconf 84' lang='lat' dir='ltr'>cf.</span> <span class='ocrx_word' id='word_1_124' title='bbox 1243 2320 1307 2384; x_wconf 87' lang='lat' dir='ltr'>ool.</span> <span class='ocrx_word' id='word_1_125' title='bbox 1332 2320 1361 2395; x_wconf 89' lang='lat' dir='ltr'>I,</span> 
     </span>
     <span class='ocr_line' id='line_1_18' title="bbox 185 2440 1362 2524; baseline -0.003 -15"><span class='ocrx_word' id='word_1_126' title='bbox 185 2464 218 2509; x_wconf 79' lang='lat' dir='ltr'>a.</span> <span class='ocrx_word' id='word_1_127' title='bbox 232 2442 308 2516; x_wconf 82' lang='lat'><em>317,</em></span> <span class='ocrx_word' id='word_1_128' title='bbox 322 2447 355 2507; x_wconf 90' lang='lat' dir='ltr'>et</span> <span class='ocrx_word' id='word_1_129' title='bbox 366 2442 411 2506; x_wconf 88' lang='lat' dir='ltr'>ita</span> <span class='ocrx_word' id='word_1_130' title='bbox 423 2440 567 2524; x_wconf 82' lang='lat' dir='ltr'>quamvis</span> <span class='ocrx_word' id='word_1_131' title='bbox 579 2440 613 2504; x_wconf 94' lang='lat' dir='ltr'>in</span> <span class='ocrx_word' id='word_1_132' title='bbox 624 2441 695 2504; x_wconf 90' lang='lat' dir='ltr'>iure</span> <span class='ocrx_word' id='word_1_133' title='bbox 707 2440 772 2504; x_wconf 89' lang='lat' dir='ltr'>sint</span> <span class='ocrx_word' id='word_1_134' title='bbox 785 2441 931 2524; x_wconf 85' lang='lat' dir='ltr'>expressi</span> <span class='ocrx_word' id='word_1_135' title='bbox 944 2458 1038 2504; x_wconf 90' lang='lat' dir='ltr'>casus</span> <span class='ocrx_word' id='word_1_136' title='bbox 1054 2440 1285 2524; x_wconf 86' lang='lat' dir='ltr'>competentiae</span> <span class='ocrx_word' id='word_1_137' title='bbox 1296 2441 1362 2505; x_wconf 91' lang='lat' dir='ltr'>Me·</span> 
     </span>
    </p>
   </div>
   <div class='ocr_carea' id='block_1_6' title="bbox 183 2550 1363 3003">
    <p class='ocr_par' dir='ltr' id='par_1_6' title="bbox 183 2550 1363 2898">
     <span class='ocr_line' id='line_1_19' title="bbox 183 2550 1362 2650; baseline -0.003 -18"><span class='ocrx_word' id='word_1_138' title='bbox 183 2564 370 2650; x_wconf 86' lang='lat' dir='ltr'>tropolitani</span> <span class='ocrx_word' id='word_1_139' title='bbox 384 2565 416 2628; x_wconf 93' lang='lat' dir='ltr'>in</span> <span class='ocrx_word' id='word_1_140' title='bbox 430 2560 667 2648; x_wconf 75' lang='lat' dir='ltr'>suffraganeos.</span> <span class='ocrx_word' id='word_1_141' title='bbox 680 2568 788 2628; x_wconf 87' lang='lat' dir='ltr'>tamen</span> <span class='ocrx_word' id='word_1_142' title='bbox 801 2563 980 2647; x_wconf 85' lang='lat' dir='ltr'>Episcopus</span> <span class='ocrx_word' id='word_1_143' title='bbox 996 2564 1121 2628; x_wconf 91' lang='lat' dir='ltr'>ratione</span> <span class='ocrx_word' id='word_1_144' title='bbox 1134 2550 1362 2630; x_wconf 78' lang='lat' dir='ltr'>iurisdictionis</span> 
     </span>
     <span class='ocr_line' id='line_1_20' title="bbox 185 2686 1363 2773; baseline -0.002 -20"><span class='ocrx_word' id='word_1_145' title='bbox 185 2694 235 2754; x_wconf 91' lang='lat' dir='ltr'>est</span> <span class='ocrx_word' id='word_1_146' title='bbox 257 2688 395 2753; x_wconf 86' lang='lat' dir='ltr'>inferior</span> <span class='ocrx_word' id='word_1_147' title='bbox 410 2687 675 2773; x_wconf 80' lang='lat' dir='ltr'>Archiepiscopo,</span> <span class='ocrx_word' id='word_1_148' title='bbox 696 2690 789 2771; x_wconf 89' lang='lat' dir='ltr'>eique</span> <span class='ocrx_word' id='word_1_149' title='bbox 812 2686 943 2771; x_wconf 88' lang='lat' dir='ltr'>obsequi</span> <span class='ocrx_word' id='word_1_150' title='bbox 968 2686 1063 2753; x_wconf 88' lang='lat' dir='ltr'>debet</span> <span class='ocrx_word' id='word_1_151' title='bbox 1085 2686 1176 2753; x_wconf 87' lang='lat' dir='ltr'>iuxta</span> <span class='ocrx_word' id='word_1_152' title='bbox 1191 2688 1363 2772; x_wconf 88' lang='lat' dir='ltr'>generales</span> 
     </span>
     <span class='ocr_line' id='line_1_21' title="bbox 184 2808 1361 2898; baseline 0 -21"><span class='ocrx_word' id='word_1_153' title='bbox 184 2812 316 2898; x_wconf 84' lang='lat' dir='ltr'>regulas</span> <span class='ocrx_word' id='word_1_154' title='bbox 339 2810 419 2875; x_wconf 90' lang='lat' dir='ltr'>iuris</span> <span class='ocrx_word' id='word_1_155' title='bbox 435 2812 469 2875; x_wconf 92' lang='lat' dir='ltr'>in</span> <span class='ocrx_word' id='word_1_156' title='bbox 484 2809 577 2875; x_wconf 87' lang='lat' dir='ltr'>titulo</span> <span class='ocrx_word' id='word_1_157' title='bbox 603 2810 688 2876; x_wconf 81' lang='lat' dir='ltr'>‹De</span> <span class='ocrx_word' id='word_1_158' title='bbox 705 2809 900 2876; x_wconf 83' lang='lat' dir='ltr'>maioritate</span> <span class='ocrx_word' id='word_1_159' title='bbox 922 2814 954 2876; x_wconf 90' lang='lat' dir='ltr'>et</span> <span class='ocrx_word' id='word_1_160' title='bbox 977 2810 1187 2876; x_wconf 78' lang='lat' dir='ltr'>obedentia»</span> <span class='ocrx_word' id='word_1_161' title='bbox 1206 2811 1241 2875; x_wconf 93' lang='lat' dir='ltr'><em>X</em></span> <span class='ocrx_word' id='word_1_162' title='bbox 1260 2808 1298 2895; x_wconf 88' lang='grc' dir='ltr'>(Ι,</span> <span class='ocrx_word' id='word_1_163' title='bbox 1316 2811 1361 2897; x_wconf 87' lang='grc'>3).</span> 
     </span>
    </p>

    <p class='ocr_par' dir='ltr' id='par_1_7' title="bbox 274 2933 1363 3003">
     <span class='ocr_line' id='line_1_22' title="bbox 274 2933 1363 3003; baseline -0.002 0"><span class='ocrx_word' id='word_1_164' title='bbox 274 2936 350 3003; x_wconf 83' lang='grc'><strong>321.</strong></span> <span class='ocrx_word' id='word_1_165' title='bbox 375 2935 562 3001; x_wconf 74' lang='lat' dir='ltr'>‘tribunatia</span> <span class='ocrx_word' id='word_1_166' title='bbox 585 2934 726 2999; x_wconf 88' lang='lat' dir='ltr'>eiusdem</span> <span class='ocrx_word' id='word_1_167' title='bbox 750 2933 871 2999; x_wconf 86' lang='lat' dir='ltr'>ordinis</span> <span class='ocrx_word' id='word_1_168' title='bbox 890 2935 1024 3001; x_wconf 81' lang='lat' dir='ltr'>ratione</span> <span class='ocrx_word' id='word_1_169' title='bbox 1047 2940 1179 3000; x_wconf 82' lang='lat' dir='ltr'>tantum</span> <span class='ocrx_word' id='word_1_170' title='bbox 1199 2935 1363 3002; x_wconf 78' lang='lat' dir='ltr'>territorii</span> 
     </span>
    </p>
   </div>
   <div class='ocr_carea' id='block_1_7' title="bbox 182 3058 1364 4505">
    <p class='ocr_par' dir='ltr' id='par_1_8' title="bbox 182 3058 1364 4505">
     <span class='ocr_line' id='line_1_23' title="bbox 182 3058 1362 3144; baseline -0.003 -16"><span class='ocrx_word' id='word_1_171' title='bbox 182 3059 353 3137; x_wconf 81' lang='lat' dir='ltr'>differunt3</span> <span class='ocrx_word' id='word_1_172' title='bbox 377 3066 411 3125; x_wconf 88' lang='lat' dir='ltr'>at</span> <span class='ocrx_word' id='word_1_173' title='bbox 432 3082 475 3125; x_wconf 90' lang='lat' dir='ltr'>ne</span> <span class='ocrx_word' id='word_1_174' title='bbox 496 3060 656 3125; x_wconf 91' lang='lat' dir='ltr'>territorii</span> <span class='ocrx_word' id='word_1_175' title='bbox 671 3060 800 3144; x_wconf 91' lang='lat' dir='ltr'>partitio</span> <span class='ocrx_word' id='word_1_176' title='bbox 825 3058 957 3125; x_wconf 90' lang='lat' dir='ltr'>cederet</span> <span class='ocrx_word' id='word_1_177' title='bbox 981 3061 1015 3124; x_wconf 91' lang='lat' dir='ltr'>in</span> <span class='ocrx_word' id='word_1_178' title='bbox 1039 3058 1211 3125; x_wconf 90' lang='lat' dir='ltr'>discrimen</span> <span class='ocrx_word' id='word_1_179' title='bbox 1231 3059 1362 3126; x_wconf 89' lang='lat' dir='ltr'>admini-</span> 
     </span>
     <span class='ocr_line' id='line_1_24' title="bbox 182 3183 1361 3270; baseline -0.001 -17"><span class='ocrx_word' id='word_1_180' title='bbox 182 3189 349 3254; x_wconf 84' lang='lat' dir='ltr'>strationis</span> <span class='ocrx_word' id='word_1_181' title='bbox 368 3188 516 3258; x_wconf 87' lang='lat' dir='ltr'>iustitiae,</span> <span class='ocrx_word' id='word_1_182' title='bbox 535 3184 619 3270; x_wconf 88' lang='lat' dir='ltr'>quod</span> <span class='ocrx_word' id='word_1_183' title='bbox 641 3183 745 3250; x_wconf 87' lang='lat' dir='ltr'>fieret.</span> <span class='ocrx_word' id='word_1_184' title='bbox 757 3186 784 3249; x_wconf 92' lang='lat' dir='ltr'>si</span> <span class='ocrx_word' id='word_1_185' title='bbox 808 3185 878 3269; x_wconf 91' lang='lat' dir='ltr'>quis</span> <span class='ocrx_word' id='word_1_186' title='bbox 902 3186 1031 3269; x_wconf 91' lang='lat' dir='ltr'>impune</span> <span class='ocrx_word' id='word_1_187' title='bbox 1053 3186 1234 3250; x_wconf 85' lang='lat' dir='ltr'>sententiae</span> <span class='ocrx_word' id='word_1_188' title='bbox 1256 3188 1361 3253; x_wconf 86' lang='lat' dir='ltr'>vitare</span> 
     </span>
     <span class='ocr_line' id='line_1_25' title="bbox 184 3306 1362 3397; baseline 0.002 -22"><span class='ocrx_word' id='word_1_189' title='bbox 184 3316 292 3397; x_wconf 89' lang='lat' dir='ltr'>posset</span> <span class='ocrx_word' id='word_1_190' title='bbox 315 3311 550 3390; x_wconf 80' lang='lat' dir='ltr'>executionem,</span> <span class='ocrx_word' id='word_1_191' title='bbox 574 3307 728 3373; x_wconf 89' lang='lat' dir='ltr'>secedens</span> <span class='ocrx_word' id='word_1_192' title='bbox 751 3328 771 3371; x_wconf 92' lang='lat' dir='ltr'>a</span> <span class='ocrx_word' id='word_1_193' title='bbox 794 3307 908 3373; x_wconf 89' lang='lat' dir='ltr'>iudicis</span> <span class='ocrx_word' id='word_1_194' title='bbox 932 3307 1136 3373; x_wconf 90' lang='lat' dir='ltr'>decernentis</span> <span class='ocrx_word' id='word_1_195' title='bbox 1160 3306 1305 3375; x_wconf 90' lang='lat' dir='ltr'>districtu</span> <span class='ocrx_word' id='word_1_196' title='bbox 1329 3314 1362 3378; x_wconf 91' lang='lat' dir='ltr'>et</span> 
     </span>
     <span class='ocr_line' id='line_1_26' title="bbox 184 3429 1362 3516; baseline -0.001 -17"><span class='ocrx_word' id='word_1_197' title='bbox 184 3436 218 3499; x_wconf 89' lang='lat' dir='ltr'>in</span> <span class='ocrx_word' id='word_1_198' title='bbox 242 3434 340 3499; x_wconf 90' lang='lat' dir='ltr'>alium</span> <span class='ocrx_word' id='word_1_199' title='bbox 363 3453 398 3498; x_wconf 91' lang='lat' dir='ltr'>se</span> <span class='ocrx_word' id='word_1_200' title='bbox 422 3432 596 3516; x_wconf 80' lang='lat' dir='ltr'>recipiens,</span> <span class='ocrx_word' id='word_1_201' title='bbox 622 3435 774 3495; x_wconf 88' lang='lat' dir='ltr'>statutum</span> <span class='ocrx_word' id='word_1_202' title='bbox 806 3429 876 3512; x_wconf 81' lang='lat' dir='ltr'>fuit,</span> <span class='ocrx_word' id='word_1_203' title='bbox 902 3430 1083 3495; x_wconf 91' lang='lat' dir='ltr'>huiusmodi</span> <span class='ocrx_word' id='word_1_204' title='bbox 1112 3430 1287 3497; x_wconf 86' lang='lat' dir='ltr'>tribunatia</span> <span class='ocrx_word' id='word_1_205' title='bbox 1316 3432 1362 3499; x_wconf 91' lang='lat' dir='ltr'>in·</span> 
     </span>
     <span class='ocr_line' id='line_1_27' title="bbox 182 3552 1361 3638; baseline -0.001 -15"><span class='ocrx_word' id='word_1_206' title='bbox 182 3562 236 3623; x_wconf 87' lang='lat' dir='ltr'>ter</span> <span class='ocrx_word' id='word_1_207' title='bbox 259 3576 295 3621; x_wconf 91' lang='lat' dir='ltr'>se</span> <span class='ocrx_word' id='word_1_208' title='bbox 318 3556 518 3623; x_wconf 80' lang='lat' dir='ltr'>coordinata</span> <span class='ocrx_word' id='word_1_209' title='bbox 541 3554 693 3628; x_wconf 85' lang='lat' dir='ltr'>existere,</span> <span class='ocrx_word' id='word_1_210' title='bbox 710 3552 790 3618; x_wconf 86' lang='lat' dir='ltr'>adeo</span> <span class='ocrx_word' id='word_1_211' title='bbox 806 3558 842 3619; x_wconf 90' lang='lat' dir='ltr'>ut</span> <span class='ocrx_word' id='word_1_212' title='bbox 858 3552 964 3627; x_wconf 88' lang='lat' dir='ltr'>iudex,</span> <span class='ocrx_word' id='word_1_213' title='bbox 982 3559 1148 3638; x_wconf 85' lang='lat' dir='ltr'>postquam</span> <span class='ocrx_word' id='word_1_214' title='bbox 1168 3556 1361 3623; x_wconf 88' lang='lat' dir='ltr'>sententiam</span> 
     </span>
     <span class='ocr_line' id='line_1_28' title="bbox 183 3676 1361 3766; baseline -0.003 -22"><span class='ocrx_word' id='word_1_215' title='bbox 183 3679 366 3766; x_wconf 88' lang='lat' dir='ltr'>protulerit,</span> <span class='ocrx_word' id='word_1_216' title='bbox 393 3677 434 3743; x_wconf 92' lang='lat' dir='ltr'>ad</span> <span class='ocrx_word' id='word_1_217' title='bbox 457 3676 602 3742; x_wconf 89' lang='lat' dir='ltr'>eamdem</span> <span class='ocrx_word' id='word_1_218' title='bbox 626 3676 849 3760; x_wconf 82' lang='lat' dir='ltr'>exequendam</span> <span class='ocrx_word' id='word_1_219' title='bbox 873 3676 1065 3762; x_wconf 89' lang='lat' dir='ltr'>implorandi</span> <span class='ocrx_word' id='word_1_220' title='bbox 1089 3677 1138 3741; x_wconf 91' lang='lat' dir='ltr'>ius</span> <span class='ocrx_word' id='word_1_221' title='bbox 1161 3676 1281 3741; x_wconf 88' lang='lat' dir='ltr'>habeat</span> <span class='ocrx_word' id='word_1_222' title='bbox 1302 3678 1361 3743; x_wconf 89' lang='lat' dir='ltr'>mi·</span> 
     </span>
     <span class='ocr_line' id='line_1_29' title="bbox 183 3797 1362 3884; baseline 0 -19"><span class='ocrx_word' id='word_1_223' title='bbox 183 3800 353 3867; x_wconf 88' lang='lat' dir='ltr'>nisterium</span> <span class='ocrx_word' id='word_1_224' title='bbox 377 3800 512 3866; x_wconf 85' lang='lat' dir='ltr'>atterius</span> <span class='ocrx_word' id='word_1_225' title='bbox 534 3799 648 3866; x_wconf 87' lang='lat' dir='ltr'>iudicis</span> <span class='ocrx_word' id='word_1_226' title='bbox 672 3800 704 3864; x_wconf 92' lang='lat' dir='ltr'>in</span> <span class='ocrx_word' id='word_1_227' title='bbox 728 3800 819 3864; x_wconf 89' lang='lat' dir='ltr'>cuius</span> <span class='ocrx_word' id='word_1_228' title='bbox 841 3799 1009 3864; x_wconf 91' lang='lat' dir='ltr'>territorio</span> <span class='ocrx_word' id='word_1_229' title='bbox 1033 3797 1174 3864; x_wconf 88' lang='lat' dir='ltr'>resideat</span> <span class='ocrx_word' id='word_1_230' title='bbox 1196 3818 1272 3884; x_wconf 86' lang='lat' dir='ltr'>pars</span> <span class='ocrx_word' id='word_1_231' title='bbox 1288 3819 1362 3865; x_wconf 88' lang='lat' dir='ltr'>exe-</span> 
     </span>
     <span class='ocr_line' id='line_1_30' title="bbox 183 3921 1364 4013; baseline 0 -20"><span class='ocrx_word' id='word_1_232' title='bbox 183 3928 304 3993; x_wconf 91' lang='lat' dir='ltr'>cutioni</span> <span class='ocrx_word' id='word_1_233' title='bbox 338 3926 496 4004; x_wconf 90' lang='lat' dir='ltr'>obnoxia;</span> <span class='ocrx_word' id='word_1_234' title='bbox 527 3928 574 3994; x_wconf 89' lang='lat' dir='ltr'>ita</span> <span class='ocrx_word' id='word_1_235' title='bbox 604 3946 647 3991; x_wconf 88' lang='lat' dir='ltr'>ex</span> <span class='ocrx_word' id='word_1_236' title='bbox 677 3924 992 4009; x_wconf 72' lang='lat' dir='ltr'>cap.14.Desor.</span> <span class='ocrx_word' id='word_1_237' title='bbox 1018 3944 1101 3993; x_wconf 82' lang='lat' dir='ltr'>com.</span> <span class='ocrx_word' id='word_1_238' title='bbox 1125 3925 1167 3999; x_wconf 87' lang='lat' dir='ltr'>X,</span> <span class='ocrx_word' id='word_1_239' title='bbox 1192 3921 1250 4010; x_wconf 88' lang='lat'>(11,</span> <span class='ocrx_word' id='word_1_240' title='bbox 1273 3924 1307 4013; x_wconf 81' lang='lat'>2)</span> <span class='ocrx_word' id='word_1_241' title='bbox 1331 3930 1364 3993; x_wconf 87' lang='lat' dir='ltr'>et</span> 
     </span>
     <span class='ocr_line' id='line_1_31' title="bbox 182 4046 1362 4135; baseline -0.006 -16"><span class='ocrx_word' id='word_1_242' title='bbox 182 4070 260 4135; x_wconf 87' lang='lat' dir='ltr'>cap.</span> <span class='ocrx_word' id='word_1_243' title='bbox 276 4052 305 4127; x_wconf 90' lang='lat'>1,</span> <span class='ocrx_word' id='word_1_244' title='bbox 329 4050 400 4133; x_wconf 74' lang='lat'>§3-</span> <span class='ocrx_word' id='word_1_245' title='bbox 424 4050 543 4117; x_wconf 85' lang='lat' dir='ltr'>Eiusd.</span> <span class='ocrx_word' id='word_1_246' title='bbox 569 4049 615 4115; x_wconf 86' lang='lat' dir='ltr'>tit.</span> <span class='ocrx_word' id='word_1_247' title='bbox 630 4049 708 4115; x_wconf 77' lang='lat' dir='ltr'>ind</span> <span class='ocrx_word' id='word_1_248' title='bbox 731 4046 787 4132; x_wconf 88' lang='grc' dir='ltr'>(ΙΙ,</span> <span class='ocrx_word' id='word_1_249' title='bbox 805 4048 850 4133; x_wconf 84' lang='grc'>2).</span> <span class='ocrx_word' id='word_1_250' title='bbox 869 4082 888 4097; x_wconf 87' lang='grc'>-</span> <span class='ocrx_word' id='word_1_251' title='bbox 906 4047 1016 4122; x_wconf 82' lang='lat' dir='ltr'>Quare</span> <span class='ocrx_word' id='word_1_252' title='bbox 1039 4068 1139 4133; x_wconf 89' lang='lat' dir='ltr'>opera</span> <span class='ocrx_word' id='word_1_253' title='bbox 1161 4048 1295 4115; x_wconf 88' lang='lat' dir='ltr'>alterius</span> <span class='ocrx_word' id='word_1_254' title='bbox 1317 4049 1362 4113; x_wconf 91' lang='lat' dir='ltr'>iu·</span> 
     </span>
     <span class='ocr_line' id='line_1_32' title="bbox 182 4170 1361 4260; baseline 0.001 -20"><span class='ocrx_word' id='word_1_255' title='bbox 182 4174 265 4241; x_wconf 87' lang='lat' dir='ltr'>dicis</span> <span class='ocrx_word' id='word_1_256' title='bbox 288 4175 480 4260; x_wconf 86' lang='lat' dir='ltr'>imploratur</span> <span class='ocrx_word' id='word_1_257' title='bbox 508 4178 576 4240; x_wconf 91' lang='lat' dir='ltr'>tum</span> <span class='ocrx_word' id='word_1_258' title='bbox 600 4194 659 4258; x_wconf 93' lang='lat' dir='ltr'>pro</span> <span class='ocrx_word' id='word_1_259' title='bbox 684 4172 876 4257; x_wconf 88' lang='lat' dir='ltr'>exequenda</span> <span class='ocrx_word' id='word_1_260' title='bbox 898 4173 1059 4239; x_wconf 89' lang='lat' dir='ltr'>sententia</span> <span class='ocrx_word' id='word_1_261' title='bbox 1089 4170 1270 4255; x_wconf 87' lang='lat' dir='ltr'>definitiva,</span> <span class='ocrx_word' id='word_1_262' title='bbox 1294 4178 1361 4241; x_wconf 90' lang='lat' dir='ltr'>tum</span> 
     </span>
     <span class='ocr_line' id='line_1_33' title="bbox 184 4294 1363 4383; baseline 0 -22"><span class='ocrx_word' id='word_1_263' title='bbox 184 4297 382 4371; x_wconf 88' lang='lat' dir='ltr'>incidentali‚</span> <span class='ocrx_word' id='word_1_264' title='bbox 406 4316 469 4362; x_wconf 92' lang='lat' dir='ltr'>nec</span> <span class='ocrx_word' id='word_1_265' title='bbox 491 4317 557 4363; x_wconf 90' lang='lat' dir='ltr'>non</span> <span class='ocrx_word' id='word_1_266' title='bbox 579 4317 639 4383; x_wconf 93' lang='lat' dir='ltr'>pro</span> <span class='ocrx_word' id='word_1_267' title='bbox 662 4297 734 4362; x_wconf 85' lang='lat' dir='ltr'>aliis</span> <span class='ocrx_word' id='word_1_268' title='bbox 758 4295 934 4380; x_wconf 87' lang='lat' dir='ltr'>exquendis</span> <span class='ocrx_word' id='word_1_269' title='bbox 957 4294 1102 4382; x_wconf 89' lang='lat' dir='ltr'>partibus</span> <span class='ocrx_word' id='word_1_270' title='bbox 1124 4315 1295 4381; x_wconf 91' lang='lat' dir='ltr'>processus</span> <span class='ocrx_word' id='word_1_271' title='bbox 1318 4296 1363 4361; x_wconf 91' lang='lat' dir='ltr'>iu·</span> 
     </span>
     <span class='ocr_line' id='line_1_34' title="bbox 182 4415 1362 4505; baseline -0.001 -21"><span class='ocrx_word' id='word_1_272' title='bbox 182 4418 327 4495; x_wconf 85' lang='lat' dir='ltr'>dieialis;</span> <span class='ocrx_word' id='word_1_273' title='bbox 350 4422 463 4505; x_wconf 86' lang='lat' dir='ltr'>utputa</span> <span class='ocrx_word' id='word_1_274' title='bbox 485 4438 545 4504; x_wconf 91' lang='lat' dir='ltr'>pro</span> <span class='ocrx_word' id='word_1_275' title='bbox 569 4417 768 4504; x_wconf 85' lang='lat' dir='ltr'>excipiendis</span> <span class='ocrx_word' id='word_1_276' title='bbox 789 4415 1055 4500; x_wconf 86' lang='lat' dir='ltr'>attestationibus,</span> <span class='ocrx_word' id='word_1_277' title='bbox 1078 4436 1139 4503; x_wconf 90' lang='lat' dir='ltr'>pro</span> <span class='ocrx_word' id='word_1_278' title='bbox 1162 4416 1314 4483; x_wconf 89' lang='lat' dir='ltr'>remediis</span> <span class='ocrx_word' id='word_1_279' title='bbox 1328 4416 1362 4483; x_wconf 90' lang='lat' dir='ltr'>in</span> 
     </span>
    </p>
   </div>
   <div class='ocr_carea' id='block_1_8' title="bbox 0 0 1650 5109">
    <p class='ocr_par' dir='ltr' id='par_1_9' title="bbox 0 0 1650 5109">
     <span class='ocr_line' id='line_1_35' title="bbox 0 0 1650 5109; baseline 0 1"><span class='ocrx_word' id='word_1_280' title='bbox 0 0 1650 5109; x_wconf 95' lang='lat' dir='ltr'> </span> 
     </span>
    </p>
   </div>
  </div>
 </body>
</html>
