3292 5109
616 295 724 344 urunx
746 297 952 346 sruor‘rrcns
1306 279 1373 346 553

190 408 252 462 200.
272 408 416 470 Quaenam
444 409 531 479 (long.
559 411 597 464 sit
624 417 785 482 competens
813 413 854 468 ad*
880 414 1102 484 recognoscenda
1134 429 1249 484 corpora

299 516 474 584 Sanctorum,
493 535 542 574 sou
560 536 645 590 quum
664 521 808 592 quaeritur
827 520 861 576 de
873 522 1016 576 identitare
1035 523 1201 590 eorumdem.
1235 541 1302 595 pap.
1321 523 1374 578 240

191 623 253 679 201.
275 624 314 680 De
332 626 412 679 Motu
429 627 546 696 proprio
567 627 668 681 Leonis
686 627 752 681 xm
775 630 834 684 diei
851 629 889 681 31
912 628 967 683 Oct.
988 628 1071 682 1897
1089 630 1169 685 etde
1192 629 1249 702 syl·

299 734 364 788 lsbo
390 734 558 789 facultatum
582 735 646 791 inde
670 737 760 804 edito,
785 753 857 808 quae
885 737 1035 793 facultates
1061 736 1143 792 hodie
1168 737 1251 792 huius

300 841 400 912 Congr.
420 842 567 897 continent
585 845 801 914 competentiam
816 846 989 915 privativam
1020 885 1248 900 ......
1286 865 1303 904 »
1335 847 1373 902 ibi

191 949 253 1002 202.
273 949 326 1002 1116
345 949 473 1021 syllabus
491 951 612 1004 retertur
629 960 659 1005 et
679 952 830 1021 exponitur
837 991 1249 1009 ..........
1286 973 1303 1007 a
1322 955 1375 1009 242

664 1165 823 1222 TITULUS
843 1165 903 1222 Vll.

460 1324 497 1362 DE
515 1323 607 1364 SAGRA
627 1323 866 1364 conunuun'rronss
886 1325 1110 1365 uortffisroursur.

192 1486 254 1541 203.
273 1486 365 1547 Quare
383 1486 417 1541 de
436 1484 489 1540 hac
507 1486 731 1557 Congregatione
750 1485 796 1540 hic
814 1503 906 1542 sermo
925 1484 1070 1540 habeatur.
1108 1527 1114 1540 .
1152 1527 1158 1538 .
1196 1527 1203 1540 .
1238 1505 1303 1558 pap.
1323 1487 1377 1540 252

192 1591 254 1644 204.
274 1591 351 1645 Haec
368 1590 456 1659 cong.
474 1606 530 1644 non
551 1594 662 1645 tantum
687 1591 795 1645 ratione
820 1591 938 1660 originis
962 1591 1010 1645 sed
1034 1591 1119 1645 etism
1143 1591 1251 1644 ratione

301 1695 425 1752 muneris
442 1701 519 1751 arcte
539 1696 714 1751 connectitur
732 1713 795 1751 cum
814 1695 986 1752 Consistorio
1020 1735 1026 1748 .
1064 1737 1071 1749 .
1109 1737 1115 1748 .
1242 1737 1249 1749 .
1288 1713 1305 1752 »
1336 1696 1375 1751 ibi

193 1805 254 1860 205
274 1803 413 1858 Nimirum
431 1819 495 1857 oum
515 1802 685 1858 consistorio
705 1805 827 1860 Secreto.
855 1803 926 1858 Nam
952 1804 1152 1860 consistorium
1176 1805 1251 1859 aliud

303 1913 456 1976 Semelam,
475 1908 551 1964 aliud
570 1909 729 1974 Pantheum,
748 1910 825 1965 aliud
846 1911 1065 1982 Semipulrlioum
1067 1949 1251 1965 .....
1288 1928 1305 1967 >r
1324 1909 1376 1965 253

196 2019 257 2073 206.
277 2018 420 2072 Institutio
439 2021 468 2070 et
486 2016 676 2086 competentia
699 2015 782 2070 huius
806 2015 885 2086 Cong
887 2055 1250 2070 .........
1289 2035 1305 2069 a
1324 2017 1377 2070 255

193 2125 253 2180 207.
274 2123 395 2194 Negotia
413 2139 480 2178 vero
498 2123 556 2176 alia
568 2122 679 2192 expedit
697 2125 929 2190 administrativa,
948 2123 1005 2178 alia
1023 2125 1201 2180 iudicialiter.
1243 2163 1248 2176 .
1285 2125 1374 2180 »256

192 2231 254 2285 208.
274 2231 503 2284 Administratire
522 2227 591 2283 haec
609 2229 697 2298 cong.
715 2229 860 2298 cognoscit
879 2244 1023 2297 processus
1048 2229 1175 2298 praevios
1195 2229 1250 2285 616-

301 2337 388 2391 ctioni
416 2346 464 2391 aut
491 2336 696 2390 confirmationi
727 2336 927 2407 Episcoporum
954 2339 983 2390 et
1013 2337 1153 2390 Abbatum
1186 2352 1252 2389 vere

304 2442 417 2496 Nullius
445 2479 1119 2496 ................
1155 2467 1164 2494 ·.
1202 2481 1209 2496 .
1246 2482 1252 2494 .
1290 2457 1308 2499 >i
1337 2442 1376 2496 ibi

175 2550 256 2604 209.
276 2550 316 2604 116
335 2551 362 2603 8.
382 2549 468 2619 (long.
483 2566 539 2620 pro
558 2549 698 2622 elipandis
716 2549 863 2619 Episcopis
889 2587 895 2601 .
933 2587 940 2600 .
978 2589 984 2602 .
1022 2587 1058 2604 ..
1067 2586 1251 2602 .....
1289 2549 1376 2604 »257

193 2654 255 2709 210.
268 2635 299 2708 'A
318 2670 438 2725 quonam
457 2653 642 2708 conficiantur
661 2669 805 2723 processus
825 2653 989 2723 praescripti
1002 2669 1020 2706 a
1032 2651 1167 2722 Gregorio
1186 2652 1252 2706 XIV

301 2765 330 2815 61
348 2761 384 2813 ab
404 2759 520 2815 Urbano
539 2759 601 2813 Vlll
615 2798 1248 2814 ...............
1287 2760 1377 2818 »260

193 2867 256 2920 211.
275 2867 310 2920 Hi
330 2883 475 2936 processus
494 2867 613 2922 examini
634 2867 821 2921 subiiciuntur
841 2867 923 2921 huius
943 2865 1176 2936 Congregationis
1201 2905 1207 2918 .
1245 2906 1251 2919 .
1290 2867 1373 2922 »261

193 2971 255 3026 212.
275 2971 314 3024 De
334 2971 361 3024 S.
380 2971 466 3041 cong.
486 2987 536 3040 pro
555 2973 683 3026 examine
702 2973 903 3042 Episcoporum
932 3010 1252 3026 ........
1290 2989 1307 3027 »
1338 2971 1377 3024 ibi

194 3073 256 3129 213.
276 3074 316 3129 116
335 3075 457 3143 negotiis
474 3075 647 3128 iudicialiter
665 3075 787 3128 definitis
797 3114 1250 3128 ...........
1289 3092 1307 3131 r
1325 3075 1379 3130 262

107 3189 112 3197 “
193 3183 255 3235 211.
276 3183 316 3236 Ex
335 3183 444 3237 schedis
465 3183 711 3236 Consistorialibus
729 3182 914 3252 expediuntur
934 3183 1031 3238 bullae
1049 3183 1095 3238 vel
1115 3186 1209 3238 brevia
1232 3223 1248 3236 ¹.
1286 3197 1304 3241 »
1335 3184 1373 3237 ibi

193 3289 255 3342 215.
275 3288 314 3342 116
333 3287 420 3358 (long.
440 3289 466 3342 S.
486 3288 606 3358 Collegii
616 3327 1246 3345 ...............
1284 3287 1372 3346 »263

658 3500 818 3558 TITULUS
838 3501 911 3558 Vlll.

579 3660 616 3697 DE
636 3659 727 3699 SACRA
750 3660 992 3700 GONGREGATIONE

347 3765 480 3806 teneoras
498 3764 728 3804 nocuusrnsulcrs
747 3765 1015 3806 uxunsonutrtnmts
1036 3765 1220 3807 Punurosrrs.

192 3928 254 3982 216.
275 3928 350 3982 Haec
376 3926 462 3997 Gong.
487 3932 617 3982 naturam
643 3927 775 3997 exprimit
800 3925 1035 3998 congregationis
1060 3927 1156 3983 Status
1182 3945 1253 4000 quae

300 4035 456 4107 antiquitus
474 4035 606 4090 constitui
625 4033 735 4090 solebat
750 4073 1204 4089 ...........
1239 4053 1303 4106 pop.
1324 4035 1376 4088 261

192 4141 254 4196 217.
275 4141 314 4195 116
332 4156 415 4210 scopo
434 4145 463 4196 et
482 4145 584 4194 natura
602 4139 754 4196 hodiernae
772 4140 1007 4210 congregationis
1022 4179 1252 4195 ......
1289 4157 1307 4196 »
1325 4139 1379 4194 265

193 4248 254 4302 218.
274 4247 416 4308 Quomodo
434 4252 618 4317 componatur
619 4285 1074 4301 ...........
1101 4223 1118 4300 ’.
1157 4289 1163 4302 .
1201 4288 1207 4300 .
1246 4287 1252 4300 ,
1289 4247 1378 4304 »266

192 4353 253 4408 210.
274 4353 341 4408 liius
360 4353 548 4422 competentia
576 4390 1252 4408 ................
1290 4367 1308 4410 >r
1338 4352 1377 4406 ibi
