3292 5109
298 257 364 323 5155?
721 275 828 323 mors
851 275 1056 324 srsorrrcrs

297 399 358 450 342„
377 401 420 452 An
439 411 568 454 recusato
586 399 722 468 Episcopo
734 401 775 452 nti
788 410 927 468 senocto,
945 408 1092 452 cenentur
1104 409 1250 468 suspectos
1262 398 1350 452 ensa

402 507 463 560 eius
482 505 539 560 l'ic
560 507 720 569 Generalis;
740 515 769 562 et
789 508 851 561 rice
873 525 964 572 serra,
981 525 1017 559 an
1043 517 1172 560 recusato
1197 505 1257 558 Vre.
1280 505 1351 559 Gen.

403 613 628 684 intempestus
646 615 783 670 habentur
801 617 888 670 etiam
907 616 1080 684 Episcopus.
1116 656 1124 667 .
1161 655 1169 666 .
1205 656 1212 666 .
1249 655 1257 666 .
1293 655 1302 665 .
1335 631 1401 683 prae).
1421 613 1477 664 447

295 719 356 772 343.
375 721 475 773 Coram
502 737 557 792 quo
583 723 712 790 cognosci
740 721 841 776 debeat
867 723 997 790 exceptio
1026 721 1193 789 suspicionis
1218 719 1350 774 utrm

403 827 462 881 l'ic.
481 829 646 884 Generalem
664 832 774 884 obiecta
806 867 1346 882 .............
1385 843 1402 879 ι
1420 827 1476 877 ⁴43

294 937 355 990 344.
376 937 503 992 l'imrius
521 939 637 994 duarum
656 941 811 996 dioecesum
837 943 866 993 in
890 957 946 1011 qno
969 941 1033 994 loco
1056 955 1225 1009 cognescere
1246 939 1348 992 dehent

400 1063 498 1100 causas
540 1087 1348 1103 ...................
1383 1065 1400 1098 ι
1431 1049 1474 1101 ibi

294 1153 358 1206 345.
378 1155 419 1204 An
442 1152 568 1206 Vicarios
585 1153 730 1208 Generalis
749 1155 842 1210 rslcat
860 1157 914 1208 sibi
932 1155 999 1207 dare
1017 1154 1206 1208 substitutum
1223 1171 1273 1208 sen
1300 1154 1345 1205 tt·

401 1275 599 1330 serperentem,
624 1265 729 1334 absqne
752 1264 867 1332 speciali
893 1264 1025 1316 mandato
1047 1263 1191 1331 Episcopi:
1209 1270 1293 1316 etan
1317 1273 1346 1316 et

400 1367 536 1436 qrromoslo
549 1367 642 1422 relect
661 1369 712 1420 sibi
732 1369 906 1422 constituere
923 1368 1084 1437 delegatum
1115 1409 1344 1420 ......
1382 1383 1399 1418 n
1417 1369 1475 1420 4444

293 1473 353 1526 :tto
374 1477 415 1526 An
435 1481 464 1528 et
483 1475 604 1545 qualiter
623 1477 794 1546 requirentia
812 1475 934 1544 speciale
952 1475 1113 1529 mandatum
1131 1477 1192 1528 sine
1209 1492 1244 1528 eo
1265 1482 1346 1544 gezo

400 1597 416 1632 a
436 1579 556 1646 Vicario,
576 1583 630 1634 rati
650 1581 753 1636 habere
772 1583 858 1650 possit
880 1582 1034 1650 Episcopus
1069 1621 1344 1632 .......
1381 1599 1398 1632 e
1415 1581 1473 1630 45¹1

504 1816 522 1874 ,ξ
542 1813 567 1864 2.
587 1812 734 1866 Nonnulla
753 1813 933 1882 explicantur
949 1830 1022 1884 quae
1038 1811 1174 1882 specialia
1190 1823 1255 1864 eron

561 1925 589 1972 in
607 1926 788 1992 competentia
807 1933 867 1974 tum
894 1921 998 1974 vicarit
1017 1921 1198 1992 capereris.

525 2038 584 2079 tum
612 2027 714 2080 l'iccrr'i
730 2043 779 2079 seu
800 2028 1045 2080 ‚ldministratoris
1069 2025 1232 2096 Apostolid.

290 2219 351 2274 3⁴7.
371 2221 477 2276 Causae
495 2239 566 2293 ques
586 2223 614 2276 in
634 2223 721 2292 prima
745 2223 881 2274 instantia
905 2221 1112 2290 cognoscendae
1135 2228 1202 2272 sunt
1219 2221 1256 2274 ab
1274 2219 1343 2288 Epi·

397 2345 487 2398 scopn,
514 2329 576 2384 sede
603 2327 741 2394 Vacante,
765 2333 971 2396 cognoscuntur
992 2332 1022 2380 et
1045 2327 1215 2381 definiuntur
1239 2343 1257 2380 a
1281 2326 1341 2380 vie.

396 2437 549 2506 Capitnlari
576 2476 1293 2489 .................
1327 2455 1393 2505 pop.
1413 2437 1464 2487 451

290 2547 349 2596 :snt
371 2545 492 2598 Nullitas
511 2546 656 2598 electionis
676 2545 778 2598 Vicarii
799 2545 970 2614 Capitolaris
986 2544 1108 2616 qualitor
1126 2551 1155 2598 et
1173 2562 1266 2598 rorem
1285 2562 1341 2615 qno

395 2647 554 2701 deducenda
572 2647 608 2700 sit
627 2655 656 2702 et
674 2647 867 2718 cognoscenda
885 2687 1339 2700 ...........
1376 2664 1394 2702 n
1412 2650 1468 2700 452

289 2755 349 2810 349.
370 2759 391 2808 Α
412 2773 532 2826 quonam
551 2757 680 2824 cognosci
700 2757 799 2810 debeat
818 2757 946 2824 exceptio
969 2772 1025 2825 qua
1049 2755 1177 2808 Vioerius
1196 2761 1340 2810 recusetur

396 2865 436 2916 uti
455 2869 599 2932 suspectus
615 2902 1339 2916 .................
1376 2879 1393 2917 n
1411 2863 1466 2916 453

289 2969 348 3022 350.
371 2969 408 3024 ns
429 2987 477 3022 usu
504 2968 672 3023 muletarum
697 2985 765 3040 quas
790 2969 918 3036 infligere
940 2968 1018 3021 valet
1040 2967 1098 3021 Vic.
1118 2967 1287 3038 capitularis
1304 2969 1339 3021 ad

396 3075 520 3144 urgenda
538 3093 588 3130 sua
606 3076 719 3129 decreto
749 3115 1337 3128 ..............
1374 3093 1391 3127 s
1410 3079 1464 3128 454

288 3182 349 3236 351.
372 3183 428 3235 Vic.
442 3182 611 3250 Capitularis
623 3197 691 3234 suae
705 3181 955 3234 administrationis
966 3182 1103 3234 rationem
1123 3181 1237 3235 reddere
1255 3180 1339 3234 debet

394 3305 442 3340 seu
466 3289 561 3341 subest
586 3285 765 3356 syndncatui‚
792 3302 872 3340 secus
896 3303 928 3339 ac
955 3286 1082 3340 Vicsrius
1106 3287 1250 3342 Generalis
1274 3287 1338 3356 Epi·

395 3394 469 3462 scopi
488 3431 1338 3446 ....................
1375 3407 1393 3445 ›
1423 3393 1463 3444 ibi

288 3499 347 3551 45⁶2.
370 3499 495 3554 Potestas
516 3499 573 3553 Vic.
594 3499 905 3554 sen'Administratoris
929 3498 1084 3567 Apostoliei
1109 3503 1153 3551 est
1176 3500 1337 3565 ονάὑιανία,

394 3605 458 3660 hinc
483 3607 518 3660 ab
544 3605 699 3658 huiusmodi
727 3605 837 3658 Vicario
863 3605 991 3674 Episcopi
1019 3605 1102 3658 datur
1125 3605 1278 3674 appellatio
1301 3606 1337 3660 ad

393 3711 640 3781 Metropolitanum
657 3749 1336 3765 ................
1373 3731 1389 3764 s
1408 3715 1464 3766 455

286 3819 346 3871 353.
368 3819 518 3889 Episcopus
536 3836 565 3872 se
585 3819 740 3872 immiscere
758 3835 813 3872 non
832 3818 915 3872 debet
933 3817 962 3870 in
982 3818 1250 3874 administrationem
1269 3837 1336 3876 snae

393 3927 496 3980 Eccles.
521 3931 658 3996 quatenus
683 3925 751 3979 haec
773 3926 921 3978 commissa
945 3930 988 3978 est
1012 3925 1240 3981 Administratoii
1258 3929 1335 3998 Apo-

391 4033 491 4087 stolico
527 4073 754 4086 ......
777 4031 781 4038 ’
792 4073 1334 4089 .............
1371 4037 1462 4090 »456

285 4141 345 4192 354.
366 4145 407 4194 An
428 4145 517 4195 cesset
542 4158 642 4194 munus
661 4141 720 4194 Vic.
740 4141 885 4195 Generalis
904 4141 1031 4211 Episcopi
1057 4159 1107 4210 per
1124 4142 1334 4212 deputationem

393 4249 632 4304 Administratoris
652 4250 814 4318 Apostolici.
832 4279 870 4290 -
888 4253 933 4302 An
950 4251 995 4304 hic
1019 4251 1159 4305 vicarium
1180 4253 1248 4306 Gen.
1269 4270 1333 4305 con-

390 4355 507 4409 stituere
524 4357 609 4424 possit
613 4393 1332 4408 .................
1370 4369 1387 4411 p
1405 4355 1459 4408 457
