3292 5109
514 331 558 376 na
581 330 722 378 iuorcns
745 330 1011 378 noonss1nsr1c1s
1297 309 1364 375 325

182 453 471 523 eatroordinoriie
487 455 716 521 ecelesiasticis
727 455 973 538 praepositam.
991 453 1053 520 Sed
1066 452 1231 517 ordinaria
1245 451 1362 536 Officio

184 578 297 662 quibus
326 578 500 646 Pontifices
531 585 665 645 utuntur
693 581 725 643 in
755 577 1045 664 dispensationibus
1075 576 1363 644 matrimonialibus

183 705 397 770 concedendis
427 710 502 769 sunt
526 704 560 771 S.
585 703 731 769 Deturio
755 703 914 789 profero
938 708 1096 778 externo,
1123 702 1157 767 S.
1183 701 1363 767 Poeniten-

182 829 287 895 tiario
302 849 361 914 pro
376 829 455 912 soro
471 830 614 904 interno,
633 829 838 915 regulariter.
865 864 883 877 ·
910 829 1088 893 Praeterea
1110 827 1238 891 adverti
1257 826 1362 900 debet,

184 952 216 1018 S.
241 954 403 1019 Datariam
433 954 521 1018 nulla
551 952 706 1037 expedire
738 954 884 1038 negotia,
910 951 1108 1037 proindeque
1132 972 1173 1016 ne
1196 951 1363 1036 dispensa-

183 1080 288 1143 tiones
318 1077 447 1162 quidem
475 1078 743 1150 matrimoniales,
769 1078 881 1143 diebus
904 1077 1087 1151 dominicis,
1112 1078 1245 1160 aliisque
1273 1076 1364 1141 sestis

183 1208 217 1267 et
240 1223 337 1283 nunc,
361 1203 401 1268 ab
425 1205 515 1268 initio
537 1204 674 1269 labentis
696 1205 773 1269 anni
799 1203 895 1276 1898,
920 1206 1005 1270 feria
1019 1206 1051 1268 V
1071 1206 1224 1289 cuiusque
1247 1184 1365 1269 hebdo-

185 1324 308 1397 madae,
334 1325 461 1409 quando
485 1326 566 1391 alius
597 1346 661 1389 non
687 1326 808 1391 incidat
836 1325 904 1391 dies
930 1328 1032 1392 festus
1061 1329 1094 1392 in
1120 1326 1362 1392 hebdomadam.

185 1450 345 1534 Tempore
361 1450 564 1514 vacationum
581 1450 823 1530 autumnalium,
845 1454 941 1514 antea
956 1449 1139 1515 habitarum
1155 1469 1175 1513 a
1189 1449 1244 1514 die
1259 1450 1276 1514 1
1295 1448 1363 1516 Oct.

184 1572 233 1637 od
256 1571 406 1636 diem12
421 1571 631 1647 Nouembris,
649 1573 712 1636 iam
736 1592 756 1636 a
778 1572 882 1639 tribus
897 1574 991 1638 annis
1007 1572 1123 1640 Officia
1139 1574 1289 1637 Datariae
1312 1592 1366 1657 pa-

184 1698 266 1774 tent,
277 1692 475 1778 proindeque
493 1694 710 1789 expediuntur
722 1686 818 1758 etiam
833 1694 1084 1779 dispensationes
1097 1695 1364 1762 matrimoniales:

183 1839 219 1885 eu
243 1822 287 1885 ita
310 1820 495 1904 corrigendi
520 1821 690 1893 Auctores,
721 1821 817 1905 plane
849 1839 970 1891 omnes,
999 1819 1179 1885 relerentes
1202 1823 1365 1903 antiquam

184 1948 313 2031 praxim
337 1912 494 2010 feriarum
521 1945 765 2011 autumnalium.
782 1946 826 2010 nt
841 1944 872 2010 S.
891 1944 1040 2009 Datariae
1064 1942 1214 2011 Officium
1238 1946 1365 2029 penitus

184 2072 394 2153 conquiescit,
416 2070 498 2136 Sede
515 2070 667 2135 Vacante
691 2071 810 2155 quippe
829 2068 1010 2135 Cardinalis
1034 2069 1237 2135 Pro-Daiarii
1259 2073 1366 2134 aucto·

187 2195 267 2259 ritas
288 2200 367 2259 tunc
391 2195 606 2278 suspenditur.
625 2195 721 2261 Sede
739 2203 854 2261 contra
874 2196 1148 2278 quiaanimarum
1172 2196 1257 2260 salus
1280 2215 1364 2259 nun-

186 2338 282 2402 quam
307 2319 485 2403 periclitari
510 2318 613 2399 debet,
630 2318 662 2384 S.
682 2319 936 2383 Poenitentiaria
951 2318 1173 2384 vacationibus
1195 2324 1365 2383 autumna-

187 2445 271 2512 libus
287 2467 351 2510 non
368 2445 497 2521 fruitam
514 2450 547 2511 et
562 2447 638 2531 ipsis
657 2445 768 2511 diebus
789 2446 879 2510 iestis
898 2445 1011 2529 quibus
1027 2447 1089 2510 hoc
1109 2444 1192 2509 idem
1212 2443 1364 2511 Officium

186 2574 386 2655 conquiescit
403 2591 420 2635 t
438 2577 545 2636 tamen
565 2572 591 2635 si
616 2575 731 2656 urgeat
753 2572 889 2636 alicuius
912 2571 1155 2656 dispensationis
1178 2570 1364 2644 necessitas,

190 2692 355 2761 Officicles
379 2690 506 2777 (nempe
531 2691 724 2777 Secretorii)
746 2691 828 2756 adiri
846 2698 979 2777 possunt
995 2693 1144 2777 privatim
1169 2693 1202 2754 in
1225 2692 1291 2757 suis
1314 2691 1366 2754 do

188 2820 300 2893 mibus,
319 2822 371 2905 qui
388 2820 615 2905 postulantium
631 2838 745 2903 preces
762 2820 936 2903 excipiunt.
955 2818 1146 2902 eosdemque
1162 2818 1313 2903 dirigunt,
1330 2822 1366 2883 ut

188 2948 346 3029 quatenus
370 2965 448 3029 opus
472 2944 520 3015 sit,
541 2962 600 3026 pro
625 2944 864 3027 opportunitate
888 2944 1017 3027 negotia
1040 2942 1254 3028 expedientur
1270 2962 1300 3021 ›,
1321 2947 1366 3009 te·

190 3070 295 3131 statur
319 3066 476 3129 Avanzini
501 3064 587 3129 Aeto
611 3064 644 3128 S.
671 3063 777 3139 Sectis,
803 3065 831 3135 l,
857 3064 946 3146 App.
968 3065 1022 3143 Vl,
1044 3083 1080 3146 p.
1104 3064 1181 3128 126.
1207 3064 1367 3138 Quocirca

189 3188 242 3251 via
272 3192 351 3251 tunc
381 3190 468 3271 patet
497 3205 556 3270 per
584 3185 742 3249 Maiorem
774 3184 1064 3250 Poenitentiarium
1096 3185 1317 3271 expostulandi
1348 3206 1368 3250 a

190 3311 319 3377 Summo
351 3308 508 3374 Pontifice
540 3309 793 3393 dispensationes
824 3310 1009 3374 auctoritati
1038 3309 1134 3375 huius
1164 3308 1273 3377 Officii
1303 3303 1395 3375 non

189 3438 409 3519 competentes
425 3436 481 3499 aut
496 3433 527 3499 S.
546 3433 696 3497 Datariae
715 3434 875 3516 privative
897 3439 1125 3517 competentes,
1142 3434 1269 3518 quando
1284 3435 1368 3502 haec

190 3576 254 3620 uon
285 3560 369 3642 agat,
394 3555 454 3620 cir.
480 3556 566 3620 Acta
594 3554 628 3620 S.
655 3553 762 3630 Sedis
788 3555 834 3630 ll,
856 3575 938 3641 pop.
964 3555 1022 3620 62.
1047 3557 1127 3620 Item
1160 3562 1289 3620 cautum
1320 3562 1369 3621 est

190 3687 226 3747 ut
241 3681 272 3747 S.
291 3681 556 3755 Poenitentiaria,
581 3680 614 3743 in
638 3699 695 3745 suo
719 3700 865 3751 munere,
888 3679 970 3744 Sede
993 3680 1140 3745 Vacante
1163 3698 1228 3743 non
1250 3684 1367 3753 taceat

189 3811 222 3872 et
237 3808 265 3871 si
281 3808 433 3892 expirant
449 3807 517 3871 eius
533 3805 704 3870 facultates
719 3824 784 3888 pro
800 3804 879 3887 foro
897 3810 1046 3877 caterno,
1062 3806 1256 3870 econtrario
1270 3824 1370 3888 usque

189 3930 301 4015 vigent
328 3931 396 3994 eius
423 3928 596 3995 facultates
618 3946 686 4009 pro
713 3926 791 4009 foro
819 3926 970 4001 interno,
997 3928 1060 3991 imo
1088 3927 1306 3992 extenduntur
1329 3927 1370 3992 ad

190 4072 286 4117 casus
310 4054 406 4117 etiam
429 4058 601 4135 exceptos;
626 4071 668 4115 ex
692 4051 799 4116 Gonst.
824 4050 950 4116 Pastor
972 4051 1097 4123 Bonus,
1122 4049 1166 4131 ἓξ
1189 4051 1240 4126 51,
1265 4051 1325 4117 52.

282 4177 409 4262 Regula
438 4177 601 4262 generalis
632 4182 697 4248 est,
729 4194 846 4260 nempe
870 4174 1155 4239 Poenitentiariam
1183 4173 1371 4260 dispensare

191 4306 316 4370 tantum
332 4305 364 4367 in
382 4304 516 4369 occultis
539 4302 775 4388 impedimentis
798 4319 858 4385 pro
881 4300 954 4364 foro
978 4300 1203 4373 conscientiae,
1221 4303 1295 4384 quia
1313 4303 1372 4366 Da·

191 4428 276 4493 teria
299 4426 463 4512 dispensat
486 4446 545 4511 pro
569 4426 641 4490 soro
666 4430 817 4499 externo;
843 4428 876 4488 at
898 4425 969 4489 iure
993 4423 1149 4488 hodierno
1173 4426 1320 4511 exceptio
1335 4423 1373 4493 fit
