3292 5109
498 309 543 355 ns
566 308 706 355 1uu1c11s
729 306 995 355 nccnnsrusmms
1279 286 1346 353 419

256 432 290 515 b)
314 433 419 507 Quum
443 431 598 504 edicatur,
616 432 754 495 crimina
769 431 893 495 Vicarii
911 430 1082 497 Generalis
1106 448 1171 497 non
1195 452 1266 497 esse
1285 432 1346 495 im-

162 558 276 621 munia
291 576 311 621 a
326 557 444 623 iudicio
457 556 702 641 Archiepiscopi
716 555 967 639 Metropolitum,
982 560 1087 641 prouti
1102 559 1265 623 immunes
1272 562 1347 621 sunt

161 702 283 748 causae
296 684 529 769 Episcoporum
542 683 737 756 criminales,
751 685 959 778 consequitur
975 704 1039 748 non
1056 684 1168 749 eodem
1184 686 1256 749 iure
1272 704 1347 749 cen·

162 808 242 889 seri,
258 806 363 892 quoad
379 809 494 879 omnia,
508 826 695 890 paronam
711 808 862 893 Episcopi
879 812 911 871 et
927 826 1116 891 personam
1136 811 1204 875 eius
1220 809 1346 874 Vicarii

162 930 346 1011 Generalis,
364 930 509 1013 quamvis
532 949 630 994 unum
650 928 797 1013 idemque
813 932 855 995 sit
871 949 982 995 eorum
999 930 1154 1006 tribunal,
1170 930 1347 1015 eademque

161 1052 332 1119 ordinaria
354 1054 498 1139 polleant
521 1054 749 1119 iurisdictione.
775 1054 990 1129 Quamobrem
1016 1062 1120 1141 patet,
1145 1058 1191 1121 uti
1223 1056 1347 1143 paralo·
1372 1130 1375 1141 Ι

162 1180 304 1265 giemum
327 1178 509 1243 habendum
533 1198 603 1243 esse
626 1178 887 1244 adversariorum
913 1188 1139 1267 argumentum
1156 1203 1219 1267 quo
1236 1182 1347 1248 exclu-

162 1304 247 1369 dnnt
270 1304 418 1389 Episcopi
443 1304 592 1369 insnum
617 1305 784 1369 Vicarium
815 1307 1052 1379 auctoritatem,
1077 1308 1151 1391 quia
1179 1308 1347 1373 amborum

135 1450 138 1457 ·
162 1428 279 1494 eadem
296 1434 345 1494 est
360 1428 547 1510 iurisdictio,
565 1435 597 1493 et
613 1428 724 1493 eadem
741 1428 879 1493 iuridica
895 1450 1043 1513 persona.
1062 1431 1141 1496 Nam
1159 1439 1208 1496 est
1224 1432 1346 1505 eadem,

165 1574 232 1619 non
254 1555 342 1619 omni
365 1554 424 1619 sub
447 1559 594 1640 aspectu;
619 1574 691 1617 curu
708 1554 748 1617 sit
764 1552 876 1617 eadem
901 1560 1040 1636 potestas
1065 1554 1294 1621 iurisdictionis
1316 1560 1349 1621 et

163 1700 308 1767 persona
322 1680 436 1745 iudicis
452 1680 627 1757 Ordinarii,
644 1679 700 1745 sed
724 1682 757 1742 in
781 1700 839 1744 suo
863 1678 968 1744 officio
992 1681 1177 1745 exercendo
1194 1680 1350 1751 Vicarius

168 1806 264 1890 plane
287 1803 467 1889 dependeat
480 1802 521 1867 ab
537 1804 696 1889 Episcopo
720 1822 740 1866 a
763 1822 833 1885 quo·
848 1808 953 1885 potest
970 1804 1132 1867 removeri
1149 1808 1181 1869 et
1196 1824 1348 1869 reserva-

162 1929 273 1993 tiones
296 1927 380 2013 pati,
404 1932 437 1993 et
459 1927 522 1991 alia
545 1926 741 2000 huiusmodi;
766 1946 830 1990 non
855 1946 949 1990 secus
975 1946 1014 1989 ac
1038 1934 1087 1991 est
1117 1926 1228 1991 eadem
1261 1927 1349 1992 ordi·

165 2053 263 2117 naria
283 2053 424 2115 omnium
440 2052 673 2136 Episcoporum
697 2053 837 2133 potestas
854 2049 995 2120 Ordinis,
1021 2050 1076 2114 sed
1101 2054 1133 2114 in
1156 2050 1263 2115 alieno
1287 2058 1350 2115 ter·

167 2176 283 2242 litorio
306 2176 498 2240 exercitium
526 2175 621 2240 buius
652 2175 818 2259 potestatis
850 2173 968 2258 pendet
998 2172 1037 2237 ab
1062 2174 1237 2239 Ordinario
1265 2175 1350 2241 loci:

165 2301 211 2365 cl.
237 2300 384 2384 Pirhing,
411 2300 430 2363 l.
456 2300 508 2364 cit.
533 2320 567 2363 o.
593 2298 649 2364 65.

258 2422 288 2509 c)
313 2423 417 2497 Quum
442 2443 484 2486 ex
500 2421 609 2490 dictis,
633 2422 762 2493 sallem,
779 2419 948 2484 admodum
973 2419 1068 2485 dubia
1091 2419 1241 2486 videatur
1265 2423 1349 2488 haec

161 2545 340 2628 privativa
364 2546 578 2629 competentia
602 2543 847 2627 ,ereliiepiseopi
865 2546 895 2606 in
915 2544 1065 2607 Vicarios
1082 2544 1261 2609 Generales
1281 2545 1351 2611 Suf-

167 2668 417 2755 fraganeorum;
449 2674 481 2733 et
511 2667 640 2733 aliunde
671 2667 761 2732 nulla
784 2668 890 2732 obstet
921 2668 1098 2733 intrinseca
1122 2672 1347 2755 repugnantia,

164 2795 361 2877 quominus
389 2794 565 2878 Episcopus
590 2794 623 2855 in
646 2813 736 2856 suum
762 2793 930 2857 Vicarium
963 2791 1214 2865 animadvertat,
1240 2814 1351 2859 conse·

164 2918 287 3001 quitur,
306 2918 338 2979 iu
355 2916 449 2980 dubio
467 2915 630 3000 possidere
648 2916 795 2999 Episcopi
812 2920 1002 2999 potestatem
1019 2915 1226 3000 earndemqne
1243 2917 1350 3000 prohi-

168 3039 240 3105 beri
263 3059 327 3103 non
352 3060 444 3123 posse
468 3037 508 3102 ab
533 3038 797 3123 Arcbiepiscopo,
822 3038 876 3119 qui
900 3057 964 3101 non
988 3040 1205 3121 praesumitur
1228 3038 1351 3122 aliquid

167 3185 263 3250 posse
286 3167 318 3228 in
343 3161 580 3249 suffraganeos,
606 3164 666 3227 nisi
691 3183 848 3247 expresse
872 3182 1060 3228 concessum
1085 3164 1135 3228 sit.

260 3290 295 3375 d)
320 3289 463 3353 Tandem
492 3290 529 3379 si¹
550 3290 717 3354 contraria
746 3291 906 3354 sententia
935 3290 1139 3371 admittatur,
1164 3311 1227 3355 non
1257 3290 1352 3355 video

166 3415 330 3499 quomodo
353 3417 385 3479 in
411 3434 546 3499 poenam
571 3416 655 3478 male
679 3417 818 3480 exerciti
841 3414 947 3487 officii,
965 3421 1073 3500 posset
1095 3418 1273 3501 Episcopus
1298 3436 1352 3481 re-

171 3561 304 3606 movere
321 3540 490 3605 Vicarium
507 3540 712 3606 Generalem‚
731 3544 774 3604 At
789 3560 884 3603 nemo
909 3560 1005 3605 sanus
1031 3546 1135 3625 neget,
1156 3542 1353 3626 Episcopum

169 3682 276 3749 posse,
294 3665 376 3728 iusta
400 3663 440 3728 de
463 3684 569 3728 causa.
587 3664 734 3729 eumdem
760 3684 939 3736 removere,
958 3669 1069 3748 utputa
1086 3666 1161 3748 quia
1179 3668 1210 3729 in
1227 3666 1354 3731 iudiciis

167 3788 332 3874 agitandis
355 3808 419 3853 non
443 3792 493 3853 est
515 3789 665 3852 immunis
681 3786 720 3851 ab
737 3789 958 3871 acceptatione
982 3808 1195 3873 personarum
1212 3790 1263 3854 rel
1281 3810 1354 3875 gra-

172 3911 259 3974 viter
282 3910 451 3995 negligens
474 3911 507 3973 in
531 3910 636 3973 causis
661 3909 894 3973 examinandis.

261 4035 386 4099 Verum
403 4055 507 4118 neque
523 4036 701 4119 Episcopus
726 4055 817 4099 suum
835 4035 908 4099 Vic.
927 4035 1131 4114 Generalem‚
1149 4055 1254 4119 neque
1277 4055 1351 4100 suc-

169 4177 284 4222 cessor
295 4159 446 4243 Episcopi
459 4162 565 4242 potest
576 4177 695 4241 cogere
710 4157 873 4221 Vicarium
889 4159 969 4222 Gen,
983 4159 1031 4221 sui
1045 4156 1225 4222 decessoris
1238 4162 1272 4222 ut
1286 4157 1355 4222 red-

168 4280 227 4346 dat
250 4283 410 4347 rationem
426 4288 537 4368 gestae
560 4282 855 4357 administrationis,
873 4284 932 4347 etsi
953 4284 1065 4346 timeat
1080 4302 1152 4346 eum
1172 4281 1353 4365 deliquisse.

172 4405 254 4471 Nam
270 4409 448 4473 communis
472 4413 520 4473 est
535 4406 783 4473 canonistarum
799 4407 916 4491 opinio,
939 4406 1108 4471 Vicarium
1126 4406 1208 4472 Gen.
1225 4425 1289 4470 non
1306 4412 1355 4471 te·
