3292 5109
442 278 486 325 un
510 277 651 326 sonions
675 276 943 325 nocuus1ssr1c1s
1238 259 1282 326 63

102 400 223 482 primo·
237 400 352 487 produ
374 399 419 467 ob
441 399 638 471 ordinariis.
663 420 686 466 o
709 398 876 467 tribunati
904 398 1095 467 Vicoriotus
1118 396 1226 479 Urbis,
1250 403 1283 467 et

104 544 126 589 o
139 524 301 591 menn
324 523 491 591 Auditorc
510 524 675 591 Gamerae
681 543 697 608 ;
719 528 751 589 et
774 522 812 588 in
836 522 985 590 comoedo
1006 522 1122 607 produ
1144 520 1188 589 ob
1211 520 1282 588 otio

105 657 202 717 teano
226 650 342 719 Rotoii
356 670 388 726 »;
404 654 467 716 art.
483 648 559 717 379:
578 671 597 715 r
617 650 795 737 Coqooscit
811 654 842 714 et
858 647 988 715 iudicat
1002 648 1039 713 in
1053 648 1170 735 produ
1183 649 1282 716 resti·

103 774 240 841 ationis
255 774 292 839 in
314 774 486 861 iraeqrum
509 792 633 841 comos
647 772 684 838 in
700 770 825 857 quibus
847 772 930 839 boec
951 772 1064 839 tecum
1088 770 1212 839 babere
1223 790 1283 856 po

104 902 169 973 test,
188 898 243 963 uti
264 897 303 963 io
324 898 402 964 otiis
424 898 567 985 mpotiis
582 895 736 965 ciuilibus
752 916 783 972 »;
800 902 862 963 art
879 896 955 963 381:
976 897 1055 962 ‹Ia
1070 896 1183 964 conns
1203 898 1282 963 nut-

103 1026 203 1091 titotis
234 1024 537 1093 neotrimoniorum
560 1030 591 1091 et
618 1023 873 1111 professionum
902 1023 1146 1110 retiqiesorum
1168 1024 1283 1093 obser-

103 1154 202 1215 vetur
228 1150 485 1233 prcesniptum
522 1150 633 1217 Const.
669 1148 845 1216 Benedicti
867 1148 958 1213 XIV
984 1149 1017 1215 Si
1041 1149 1148 1215 datam
1170 1156 1201 1217 et
1225 1150 1282 1217 Dei

104 1274 311 1341 miseratione
326 1279 358 1339 et
380 1292 403 1338 a
423 1272 649 1359 parapropbo
673 1270 852 1339 Graviores
867 1271 976 1337 itidem
999 1292 1114 1338 causas
1141 1272 1283 1339 atterius

105 1394 358 1463 Constitutiouis
381 1394 525 1460 Iustitiae
548 1399 580 1459 et
602 1396 739 1479 pacis».

187 1518 246 1586 65.
272 1518 480 1606 Rescriptum
501 1519 673 1604 aliquando
689 1518 797 1605 prodit
813 1518 1068 1589 commissiones.
1085 1538 1148 1603 quo
1162 1538 1183 1582 a
1199 1520 1284 1584 Rota

103 1646 288 1730 exquiritur
309 1650 418 1711 votum
442 1664 542 1731 super
563 1650 656 1710 certa
679 1664 793 1720 causa;
817 1648 931 1730 utputa
953 1663 1052 1710 causa
1074 1645 1284 1710 committitur

103 1767 285 1836 definienda
315 1769 414 1847 alicui
436 1769 468 1835 S.
493 1768 743 1856 Congregationi
778 1790 857 1837 cum
878 1776 953 1837 voto
977 1767 1086 1837 Rotae
1107 1769 1161 1835 vel
1186 1768 1285 1835 alicui

101 1893 255 1961 tiburcii
280 1894 439 1975 interiori,
452 1894 507 1961 sed
523 1894 566 1961 de
587 1900 663 1962 voto
686 1895 740 1961 vel
757 1915 836 1961 cum
857 1900 934 1962 ooto
949 1892 1067 1961 Rotae.
1091 1932 1110 1943 -
1133 1896 1284 1961 Iamvero

102 2018 140 2083 ad
158 2018 225 2083 nm
242 2016 469 2083 dimetiendam
485 2018 647 2104 acquisiti
660 2018 728 2086 voti
744 2020 922 2103 quaeritur,
939 2038 983 2083 an
998 2016 1096 2095 iudex
1110 2022 1185 2083 voto
1205 2036 1284 2082 con·

102 2140 246 2205 formare
269 2137 385 2205 debeat
407 2142 592 2207 necessario
614 2160 705 2207 suam
725 2142 928 2213 sententiam,
945 2160 989 2204 au
1003 2159 1083 2205 vero
1105 2138 1146 2204 ab
1170 2138 1282 2205 eodem

102 2264 264 2330 senmntia
293 2261 481 2329 discordare
511 2264 621 2349 possit
654 2263 688 2329 Si
718 2264 879 2349 principia
902 2263 965 2329 hac
993 2262 1033 2329 de
1055 2263 1284 2348 regeneratis

103 2388 287 2455 recolemus
305 2387 360 2473 (ci.
376 2388 440 2453 vol.
457 2390 483 2470 1,
500 2408 532 2453 n.
550 2387 639 2476 496),
652 2388 877 2475 reponendum
897 2389 992 2469 foret,
1009 2386 1106 2453 iudici
1129 2387 1284 2453 eeclesia·

104 2514 181 2578 stico
201 2512 257 2578 ias
279 2532 350 2578 esse
370 2510 538 2578 discedere
552 2533 573 2578 a
587 2514 749 2578 sententia
772 2508 886 2598 periti‚'
903 2512 1057 2597 siquidem
1074 2513 1107 2577 in
1123 2512 1183 2577 isto
1207 2532 1284 2577 casu

104 2655 162 2719 quo
193 2636 302 2701 Rotae
332 2640 442 2703 votum
473 2638 664 2731 exquiritur,
697 2637 758 2701 ista
790 2637 886 2722 periti
916 2636 1063 2722 iungitur
1092 2654 1238 2701 munere.
1264 2670 1283 2686 ·

108 2760 319 2826 Nihilominus
343 2780 440 2844 quum
465 2761 554 2847 Papa
580 2782 709 2827 causam
737 2762 834 2828 alicui
857 2762 1028 2827 committit
1061 2760 1283 2835 iudicandam,

105 2902 195 2965 quam
219 2883 346 2949 mavult
367 2883 510 2949 adiicere
532 2888 638 2970 potest
660 2885 888 2957 conditionem,
913 2886 1010 2950 etiam
1035 2885 1095 2948 iuri
1111 2883 1284 2967 ‚communi

106 3008 312 3081 corbariam,
337 3012 370 3072 et
392 3006 470 3073 hinc
492 3012 596 3092 potest
621 3008 718 3075 iudici
741 3008 891 3095 delegato
915 3028 1045 3078 causam
1067 3007 1284 3073 tribuere-iu-

107 3129 274 3196 dicandam
297 3128 356 3195 sub
379 3129 561 3196 conditione
583 3131 736 3217 sequendi
757 3136 867 3198 votum
883 3132 997 3200 Rotae.
1022 3132 1114 3197 Haec
1136 3100 1285 3196 voluntas

106 3254 238 3339 aPapa
261 3254 465 3339 exprimitur.
479 3274 551 3320 cum
575 3255 726 3322 rescribit
749 3258 943 3323 sententiam
966 3276 986 3320 a
1008 3255 1113 3321 iudice
1137 3254 1284 3340 delegato

106 3377 273 3445 ferendam
297 3399 368 3445 esse
391 3380 433 3447 de
455 3386 531 3449 coto
555 3382 668 3447 Rotae.
688 3417 706 3430 -
731 3380 867 3456 Quando
890 3387 997 3447 autem
1020 3379 1180 3446 rescribat
1203 3379 1285 3445 iudi·

107 3504 242 3572 candum
266 3524 431 3573 esserum
453 3512 529 3575 coto
543 3504 661 3582 Rotae,
674 3512 753 3573 tunc
776 3506 875 3572 iudex
894 3512 1003 3572 votum
1026 3507 1172 3590 sequitur
1192 3504 1284 3570 dum·

106 3634 194 3694 anat
205 3630 234 3695 si
245 3630 377 3695 veritati
389 3629 557 3697 conforme
572 3630 631 3697 sibi
644 3630 805 3698 videatur.
820 3666 838 3679 -
854 3628 904 3696 Ob
916 3631 1148 3716 praestantiam
1161 3628 1192 3695 S.
1206 3627 1284 3695 Con·

106 3756 340 3840 gregationum,
365 3755 625 3841 quotiescumque
649 3756 695 3821 eis
718 3751 964 3840 praescribatur
986 3774 1104 3820 causae
1127 3752 1283 3830 definitio

107 3874 208 3942 Rotae
222 3880 300 3942 voto
323 3877 491 3961 exquisito,
508 3897 638 3964 semper
660 3877 806 3942 clausula
825 3877 956 3962 ponitur
972 3897 1050 3943 cum
1070 3883 1145 3944 ooto
1165 3876 1283 3959 Rotae,

108 3997 189 4064 uude
212 3999 367 4086 obligatio
390 4001 544 4085 sequendi
558 4007 668 4068 votum
692 4022 756 4068 non
781 4003 931 4067 exoritur
947 3998 1004 4086 (1).
1029 4003 1209 4067 Praeterea
1223 4003 1284 4087 ipsi

110 4121 296 4189 Cardineles
321 4125 357 4190 in
384 4124 414 4191 S.
440 4124 749 4212 congregationibus
780 4127 834 4192 vel
869 4126 1144 4193 Poeniteutiarius
1178 4129 1285 4195 Maior

195 4382 235 4455 (1)
249 4386 291 4441 cf.
301 4386 458 4456 Pallottinb
468 4386 601 4445 collectio
611 4390 735 4445 omnium
745 4388 838 4445 Conci.
850 4390 946 4445 etRes.
962 4391 991 4445 Τ.
1001 4390 1099 4458 XVII,
1108 4393 1168 4446 Art.
1180 4391 1220 4457 ΙΙ,
1229 4393 1285 4458 52.
