3292 5109
315 261 381 328 516
775 277 980 325 nausearum
1003 277 1052 324 vr.

321 416 340 459 c
361 390 489 472 resp'ectu
503 399 628 454 mulieris
643 398 801 465 defloratae,
815 399 874 452 sive
892 403 1020 468 respectu
1038 398 1124 468 prolis
1137 398 1319 453 enasciturae.
1332 397 1401 450 Cum
1415 393 1510 464 igitur

318 531 335 566 c
355 513 385 568 in
403 513 478 566 lacto
497 507 567 562 nihil
585 511 723 572 occurrat,
736 523 791 579 quo
809 507 930 561 dubitari
949 506 1050 562 debeat
1063 506 1096 561 de
1108 507 1230 562 eiusdem
1250 505 1332 560 caiae
1344 505 1511 578 honestate,

314 631 335 676 a
361 615 591 688 praesumendum
611 631 642 668 ac
662 614 837 668 inserendum
855 630 915 668 esse
934 613 1056 681 videtur,
1076 614 1190 668 eandem
1209 613 1317 668 illicitis
1340 613 1410 666 ‘litii
1429 613 1507 666 votis

312 737 333 782 c
353 723 516 790 indulsisse,
535 739 589 777 non
608 723 749 778 meretrici
767 723 861 776 animo
880 721 927 778 sed
945 722 1117 792 sponsalitio,
1136 727 1165 777 et
1181 721 1309 792 copulam
1325 722 1385 775 sine
1410 721 1506 774 dictae

313 850 331 887 c
352 832 512 888 iniustitiae
531 831 667 902 qualitate
687 831 762 886 inter
780 846 895 900 sponsos
913 830 1077 884 obtinuisse.
1096 831 1138 884 Ex
1157 831 1257 901 quibus
1275 829 1357 883 dictis
1379 828 1457 883 clare
1477 833 1508 883 et

313 955 331 990 c
351 939 501 992 manifeste
520 940 639 1004 constat,
652 937 726 991 inter
744 936 891 1007 litigantes
909 936 1029 991 adfuisse
1048 936 1257 1006 promissionem
1270 941 1300 990 et
1312 935 1508 1006 repromissio·

312 1060 331 1100 c
350 1063 414 1101 nem
433 1045 468 1100 dc
490 1047 585 1100 futuro
604 1045 782 1099 matrimonio
801 1045 1002 1111 contrahendo,
1021 1045 1093 1100 idest
1111 1062 1178 1101 rere
1195 1049 1225 1100 et
1243 1044 1372 1114 legitima
1389 1061 1510 1114 sponsa-

314 1170 331 1205 ε
351 1153 390 1207 lia
402 1150 606 1221 obligationem
617 1152 778 1228 inducentia
790 1151 980 1219 contrahendi,
990 1152 1024 1206 ad
1033 1152 1106 1222 quod
1117 1152 1324 1237 matrimonium
1335 1151 1507 1206 contraben-

313 1271 332 1316 (
350 1259 425 1326 dum,
437 1259 504 1313 totis
514 1260 620 1315 viribus
635 1261 739 1316 Titium
753 1261 858 1315 hortati
869 1278 964 1313 sumus
975 1265 1004 1314 et
1012 1259 1165 1314 hortamur.
1173 1259 1247 1314 Visis
1257 1259 1360 1313 idcirco
1366 1258 1509 1326 videndis,
1613 1248 1616 1257 ¹

316 1385 333 1420 c
352 1371 382 1422 et
392 1367 576 1422 consideratis
587 1369 799 1435 considerandis,
814 1369 863 1424 Dei
874 1368 986 1422 nomine
1000 1369 1138 1434 invocate,
1148 1372 1176 1423 et
1186 1385 1236 1438 pro
1248 1367 1392 1422 'l'ribunaii
1402 1368 1503 1423 seden-

313 1478 403 1539 ‹tes,
423 1475 480 1527 Nos
506 1474 557 1528 A...
578 1475 730 1544 Episcopus
755 1476 788 1529 N.
808 1475 940 1541 dicimus,
959 1474 1147 1542 decernimus,
1165 1479 1195 1529 et
1219 1475 1361 1528 definitive
1385 1479 1507 1529 senten·

315 1599 332 1634 «
351 1581 447 1636 tiendo
466 1582 650 1648 declaramus,
669 1581 750 1652 plene
768 1587 897 1636 constare
916 1583 951 1638 de
974 1582 1063 1635 libera
1087 1585 1116 1636 et
1134 1581 1293 1634 voluntaria
1318 1581 1508 1650 promisssione

313 1695 380 1747 <at
404 1691 622 1760 repromissione
648 1691 681 1745 de
705 1691 800 1744 futuro
825 1690 1003 1744 matrimonio
1026 1686 1216 1742 contrahendo
1240 1690 1314 1742 inter
1342 1687 1447 1741 Titium
1472 1693 1506 1742 et

312 1808 331 1848 c
350 1795 456 1862 Gaiam,
474 1795 545 1850 idest
563 1795 595 1850 de
615 1795 688 1849 veris
707 1799 736 1849 et
750 1795 885 1865 legitimis
902 1796 1086 1865 sponsalibus,
1099 1812 1132 1848 ac
1151 1794 1265 1864 proinde
1283 1794 1372 1863 ipsum
1393 1794 1505 1847 Titium

313 1909 332 1952 c
350 1898 380 1952 in
398 1897 451 1951 hac
471 1898 629 1968 Episcopali
643 1898 723 1952 Curia
747 1898 910 1968 impeditum
930 1915 1082 1962 remanere,
1096 1899 1241 1974 ipsumque
1261 1900 1356 1966 utpote
1369 1913 1504 1950 succum·

313 2009 465 2064 ‹bentem
486 2007 520 2062 ad
543 2025 679 2078 expensas
697 2024 795 2062 omnes
816 2007 844 2061 iu
864 2009 1004 2078 praesenti
1022 2025 1106 2062 causa
1124 2013 1270 2077 erogatas,
1293 2013 1321 2063 et
1346 2007 1506 2077 erogandas

314 2130 331 2165 c
351 2112 582 2166 condemnamus:
603 2129 720 2182 quarum
740 2111 912 2166 taxationem
931 2116 1026 2166 nostro
1046 2110 1219 2167 Cancellario
1238 2116 1267 2166 et
1285 2111 1329 2165 cui
1343 2112 1378 2166 de
1395 2111 1459 2165 iure
1471 2112 1501 2165 in

314 2236 331 2271 c
351 2222 493 2288 posterum
507 2217 722 2295 condemnamus
736 2223 764 2272 et
777 2217 920 2272 definitive
937 2219 1147 2285 seutentiamus,
1160 2235 1216 2272 non
1233 2217 1323 2272 solum
1336 2220 1505 2289 praemisso,

313 2322 398 2378 (sed
424 2322 480 2376 alio
500 2323 608 2378 meliori
636 2324 724 2377 modo.
745 2323 846 2377 Datum
868 2322 901 2376 N.
921 2339 955 2377 ex
979 2323 1140 2378 Residentia
1165 2324 1321 2394 Episcopali
1347 2324 1429 2380 bodie
1454 2326 1504 2382 die

314 2445 331 2480 c
351 2431 451 2498 quarta
470 2429 572 2482 mensis
592 2429 710 2497 Augusti
727 2429 833 2484 anni...
846 2428 889 2484 lta
902 2446 954 2483 nos
966 2431 1213 2499 pronuntiavimus.
1224 2433 1256 2485 A.
1271 2432 1424 2502 Episcopus
1433 2431 1467 2485 N.
1482 2451 1503 2484 s

405 2557 421 2591 s
442 2539 528 2594 Lecta
552 2541 606 2594 fuit
631 2545 659 2596 et
688 2540 745 2594 lata
772 2557 903 2610 praeseus
927 2541 1072 2596 definitiva
1096 2543 1237 2596 sententia
1261 2558 1310 2611 per
1334 2539 1447 2596 lllriium
1471 2547 1502 2596 et

313 2655 332 2700 a
353 2641 454 2698 Rr'rium
475 2644 622 2698 Dominum
643 2645 811 2714 Episcopum
831 2644 864 2697 N.
883 2645 1003 2700 Iudicem
1023 2646 1052 2698 in
1071 2645 1133 2699 loco
1146 2646 1312 2701 Audientiae
1325 2645 1506 2717 Episcopalis

313 2749 453 2804 «Curiae
478 2749 511 2806 N.
533 2749 674 2805 sedentem
700 2767 749 2820 pro
775 2749 937 2816 Tribunali,
957 2750 1038 2806 bodie
1056 2750 1102 2806 die
1120 2751 1137 2804 4
1155 2752 1257 2806 mensis
1280 2754 1499 2820 Augusti......

314 2874 331 2909 c
350 2856 420 2913 hora
438 2873 505 2913 vero
523 2858 656 2912 vicesima
675 2857 809 2924 secunda,
831 2858 1007 2911 adstantibus
1025 2873 1076 2927 pro
1094 2859 1213 2914 testibus
1234 2864 1286 2913 etc.
1306 2860 1504 2928 (nominantur

313 2975 332 3017 c
350 2962 405 3018 duo
425 2963 529 3033 testes).
551 2963 587 3018 Et
605 2964 635 3017 in
653 2963 733 3017 tidem
755 2964 784 3016 B.
807 2961 1003 3018 Cancellarius.
1024 2979 1040 3015 a
