3292 5109
796 271 881 319 PARS
905 272 942 318 11.

410 500 433 585 ἓ
456 500 487 567 2.
511 499 563 567 Dc
576 500 768 583 Advocatio,
792 499 1081 569 humaretur
1102 504 1135 567 et
1156 496 1319 567 Notariir.
1428 473 1433 483 ’

274 706 490 766 Summerlnm.
502 737 540 751 -
550 708 595 763 54.
605 707 763 765 Necessitas
775 707 877 779 mendi
889 712 919 765 et
931 707 1114 779 respondendi
1125 707 1155 762 in
1166 706 1240 761 Rota
1249 721 1298 776 per
1307 704 1457 759 advocatos

365 818 415 868 sut
432 820 627 883 procuratores
644 813 823 883 approbatos.
841 841 881 856 -
898 813 943 868 55
961 812 1032 869 item
1050 818 1115 867 acta
1133 810 1305 866 conficienda
1323 813 1389 864 suut
1407 824 1459 878 per

363 918 489 973 notarios
506 918 682 989 approbatos
702 946 736 961 -
755 918 798 974 sc
816 918 979 973 Differentia
991 918 1066 972 inter
1084 915 1241 981 advocatos,
1255 919 1457 985 procuratores,

364 1043 413 1082 seu
431 1031 571 1096 patronos,
590 1025 803 1094 sollicitatores,
823 1031 852 1081 et
870 1031 995 1097 agenta
1014 1054 1048 1067 -
1066 1024 1110 1080 57.
1130 1022 1173 1077 Ex
1191 1021 1235 1076 his
1252 1021 1380 1077 nonnulli
1399 1021 1460 1079 ccl·

364 1134 470 1205 legium
483 1134 636 1191 efformant.
649 1163 664 1178 ·
677 1134 888 1191 Nobilissimum
900 1134 1052 1205 collegium
1064 1133 1262 1189 advocatorum
1274 1130 1458 1185 Consistoria·

364 1238 442 1297 lium.
470 1241 510 1297 De
536 1240 657 1311 collegio
684 1240 906 1298 solleritatorum
932 1241 1064 1297 Datariae
1087 1246 1118 1298 et
1142 1238 1346 1306 Garrcellariae‚
1370 1238 1456 1309 vulgo

365 1346 577 1417 Spedisionicri.
604 1374 643 1388 -
668 1346 711 1401 58.
735 1345 870 1401 Nonnulli
894 1346 1052 1401 huiusmodi
1069 1362 1186 1402 munera
1204 1350 1337 1400 exercent
1354 1345 1384 1398 in
1404 1362 1457 1415 pu-

363 1451 468 1507 blicum
492 1452 622 1507 officium.
645 1481 680 1493 -
701 1450 746 1507 59.
757 1451 805 1507 lle
823 1452 905 1507 modo
923 1468 979 1524 quo
997 1452 1125 1507 advocati
1144 1455 1174 1507 et
1192 1452 1303 1522 patroni
1322 1468 1370 1508 seu
1390 1467 1457 1521 pro·

363 1564 506 1614 curatores
529 1576 609 1614 suum
628 1560 811 1629 interponunt
828 1558 966 1625 officium3
984 1563 1014 1615 et
1031 1559 1181 1630 praecipue
1198 1558 1233 1614 ds
1252 1559 1362 1613 radone
1386 1558 1457 1613 scri-

362 1664 444 1721 bendi
463 1669 493 1721 et
511 1664 545 1720 de
563 1664 761 1720 informatione
779 1669 912 1720 oretenus
929 1666 1014 1719 tacta

363 1882 416 1948 54.
442 1882 516 1946 Huc
535 1900 608 1947 cum
632 1882 752 1967 primis.
771 1901 812 1949 ne
827 1887 936 1948 actum
951 1901 1051 1969 agere
1067 1881 1244 1954 videamur,
1262 1900 1453 1947 revocamus

273 2004 434 2091 principia
456 2006 488 2069 in
515 2005 645 2091 Proleg.
670 2004 712 2071 V.
730 2006 745 2072 I
770 2005 933 2093 explicata
954 2024 987 2070 n.
1012 2005 1056 2070 98
1076 2024 1122 2089 sq.
1148 2006 1238 2071 circa
1260 2024 1375 2071 munus
1397 2002 1454 2068 ad·

274 2129 381 2203 vocati
404 2133 437 2195 et
459 2131 700 2215 procuratoris;
728 2135 909 2197 attentum
933 2129 1107 2196 recolimus
1137 2150 1236 2195 uuum
1262 2134 1295 2193 et
1317 2128 1456 2194 alterum
1496 2215 1501 2227 Ι

274 2251 346 2319 ideo
369 2254 480 2318 vocari
504 2254 537 2319 in
561 2251 713 2319 iudicium
736 2257 773 2318 ut
795 2259 907 2340 partes
937 2258 1037 2340 agant
1061 2254 1257 2341 litigantium
1281 2272 1457 2336 eorumque

273 2380 347 2443 iura
380 2396 526 2463 congrue
560 2379 736 2445 defendant
770 2385 803 2446 et
837 2385 999 2446 tueantur.
1033 2414 1052 2429 ·
1086 2380 1165 2446 Nam
1195 2379 1275 2445 ordo
1299 2378 1456 2445 iudicialis

275 2508 384 2569 certas
418 2503 584 2568 constituit
620 2502 749 2588 regulas
785 2503 963 2569 servandas
986 2504 1019 2567 in
1043 2503 1199 2588 ponendis
1228 2502 1352 2568 actibus
1379 2521 1455 2587 pro·

275 2646 398 2703 cessus;
422 2632 454 2691 et
478 2626 537 2692 has
560 2646 619 2711 pro
643 2647 700 2693 suo
724 2647 861 2692 munere
884 2628 1038 2713 apprime
1053 2629 1176 2693 callere
1199 2626 1318 2693 debent
1341 2646 1455 2711 procu·

275 2757 403 2817 ratores
427 2756 461 2815 ut
482 2750 533 2815 his
557 2740 757 2818 satisfaciant
776 2752 907 2815 nomine
923 2751 1127 2837 litigantium.
1146 2790 1161 2798 -
1179 2754 1217 2831 ln
1234 2751 1361 2816 iudiciis
1375 2768 1457 2815 vero

276 2872 372 2936 etiam
396 2870 514 2956 optime
538 2870 694 2935 ordinatis
718 2889 865 2957 congrua
886 2890 952 2936 non
975 2870 1138 2936 obtinetur
1160 2872 1278 2937 ius-ium
1311 2870 1456 2937 defensio

276 2996 337 3062 nisi
360 2998 410 3062 ius
432 2998 602 3083 positivum
626 2998 713 3063 facto
737 3003 949 3064 controverso
972 2997 1142 3063 relativum
1167 3000 1308 3063 intimius
1335 3016 1457 3083 cogno·

277 3126 403 3197 scatur;
428 3119 510 3204 quod
546 3122 679 3207 singulis
713 3120 838 3188 civibus
868 3142 946 3187 raro
980 3123 1154 3207 contingit3
1190 3119 1399 3205 quamobrem
1421 3125 1458 3186 ut

277 3244 395 3311 iudicia
417 3265 510 3311 suum
533 3246 711 3310 sortiantur
742 3242 902 3318 effectum,
927 3246 1075 3312 advocati
1105 3266 1126 3310 a
1153 3244 1353 3332 litigantibus
1382 3251 1457 3310 sunt

277 3367 415 3455 eligendi
440 3370 494 3453 qui
517 3388 660 3455 congrue
684 3368 806 3435 iudices
830 3370 967 3436 doceant
989 3372 1069 3436 iuris
1091 3375 1284 3456 argumenta
1314 3369 1347 3433 in
1378 3390 1456 3436 casu

277 3496 498 3557 controverso.
526 3492 731 3567 -Quocirca
764 3493 850 3579 apud
883 3493 1057 3570 tribunalia
1088 3494 1212 3559 altioris
1234 3491 1357 3558 ordinis
1380 3512 1457 3558 con·

277 3616 387 3682 stituta
409 3615 449 3681 ad
472 3619 641 3703 graviores
665 3638 779 3693 causas
802 3619 1021 3705 expediendas
1039 3618 1229 3706 iampridem
1245 3620 1279 3684 in
1295 3620 1387 3685 curia
1401 3638 1457 3685 ex·

277 3741 427 3825 quisitum
443 3740 506 3808 luit
529 3748 563 3805 ut
585 3741 748 3828 litigantes
772 3749 911 3828 agerent
926 3750 958 3808 et
975 3743 1210 3829 responderent
1232 3762 1291 3828 per
1312 3743 1457 3828 legitime
1492 3820 1497 3829 p

277 3863 462 3949 deputatum
489 3864 679 3930 advocatum
705 3870 737 3931 et
758 3869 1015 3951 procuratorem.
1041 3866 1113 3932 Hoc
1144 3867 1284 3932 maxims
1312 3866 1455 3952 praecipi

278 3988 415 4055 debebat
428 4008 487 4073 pro
502 3987 656 4053 tribunali
671 3988 702 4055 S.
721 3988 841 4065 Rotae;
866 3988 922 4054 sed
946 3996 1118 4076 praeterea
1139 4011 1180 4056 ne
1196 3990 1316 4057 indocti
1332 3996 1365 4057 et
1380 3990 1458 4056 mali

278 4112 426 4179 advocati
450 4118 483 4177 et
504 4118 734 4198 procuratores
764 4115 904 4199 partium
927 4114 1105 4201 proderent
1135 4116 1224 4189 iura.
1250 4116 1457 4182 constitutum

278 4236 356 4311 fuit,
380 4236 443 4301 hoc
466 4256 600 4302 munere
623 4236 715 4323 fungi
739 4256 803 4302 non
827 4238 939 4303 valere
969 4237 1141 4304 advocatos
1164 4244 1197 4304 et
1226 4245 1457 4327 procuratores

278 4358 340 4424 nisi
364 4364 455 4425 certo
489 4361 712 4446 experimento
746 4361 940 4448 approbatos
970 4362 1011 4429 ab
1041 4363 1109 4448 ipso
1142 4362 1246 4429 Rotae
1277 4362 1456 4430 Auditorio.
