3292 5109
235 277 304 343 348
766 292 851 340 runs
875 294 911 339 11.

233 419 441 505 amplectitur
465 417 619 483 Pontifex
643 420 680 482 ut
700 436 774 481 suas
797 417 898 481 faciat
920 421 954 482 et
976 434 1033 481 suo
1056 414 1187 480 nomine
1218 418 1252 477 et
1282 412 1322 478 de
1345 413 1417 498 ple-

236 544 381 609 nitudine
404 563 481 608 suae
513 542 678 629 potestatis
709 539 893 627 promulget
913 558 979 629 non
1003 557 1097 604 secus
1126 556 1167 602 ac
1199 535 1417 601 conciliorum

234 667 527 735 Oeoumenicorum
552 664 753 732 definitiones
777 666 852 749 lpse
875 662 940 729 Sua
966 662 1160 727 auctoritate
1190 656 1361 725 confirmat
1384 665 1417 725 et

235 792 386 877 publicat.
412 792 573 867 Quocirca
596 792 630 855 in
652 790 703 855 his
725 787 867 853 decretis
897 806 962 851 non
986 785 1179 869 inquirenda
1200 788 1251 849 est
1275 785 1418 870 congre·-

235 916 399 1000 gationum
423 919 564 999 potestas
580 912 637 978 sed
660 913 797 998 ipsamet
813 911 935 977 Summi
952 905 1117 973 Pontificis
1132 907 1309 972 auctoritas
1329 925 1418 990 quae

235 1043 269 1106 in
300 1042 459 1127 regimine
488 1040 585 1107 Orbis
616 1038 790 1105 Christiani
821 1036 956 1101 consilio
986 1035 1089 1099 utitur
1119 1034 1414 1119 congregationum

237 1169 472 1249 cardinalium,
497 1171 530 1234 et
554 1165 780 1233 Conciliornm.
806 1164 933 1229 Verum
963 1163 1054 1228 circa
1076 1163 1256 1228 huiusmodi
1284 1161 1418 1229 decreta

235 1294 318 1360 haec
341 1296 473 1359 maximi
497 1292 647 1377 ponderis
664 1288 719 1355 fiat
734 1288 981 1360 animadversio.
999 1308 1115 1374 nempe
1130 1289 1217 1354 hanc
1232 1310 1417 1373 supremam

237 1418 403 1484 Pontificis
427 1422 616 1503 potestatem
633 1435 695 1479 non
710 1435 780 1480 esse
796 1414 1018 1501 delegabilem,
1035 1413 1092 1479 sed
1108 1416 1293 1479 necessario
1310 1415 1418 1480 inesse

233 1546 269 1607 et
291 1540 473 1605 adhaerere
496 1558 655 1625 personae
679 1538 815 1603 Romani
841 1534 1017 1608 Pontificis,
1043 1537 1175 1619 eiusque
1197 1536 1263 1600 vim
1288 1542 1321 1603 et
1344 1533 1417 1602 effi-

236 1666 358 1731 caciam
381 1669 505 1730 tantum
528 1662 642 1727 haberi
666 1681 760 1746 posse
779 1663 813 1725 in
829 1663 910 1726 actis
932 1662 986 1725 vel
1008 1658 1203 1725 immediate
1226 1680 1418 1745 promanan-

233 1793 319 1858 tlbus
342 1814 362 1857 a
386 1794 531 1857 Romano
556 1786 721 1862 Pontifice,
746 1788 809 1870 vel,
835 1786 1025 1874 praehabita
1047 1788 1185 1852 aliorum
1208 1786 1415 1854 deliberatio·

237 1935 328 1996 nem,
353 1916 524 1999 assumptis
547 1914 580 1979 in
604 1913 730 1997 plenam
756 1917 788 1977 et
811 1931 995 1996 supremam
1020 1906 1185 1975 Pontificis
1215 1914 1416 1995 potestatem.

325 2038 402 2103 285.
428 2034 576 2103 Secundi
598 2036 732 2122 generis
755 2040 829 2101 acta
850 2039 926 2101 sunt
948 2053 1031 2118 quae
1055 2033 1270 2117 expediuntur
1293 2054 1313 2097 a
1337 2033 1419 2100 con·

235 2158 478 2245 gregationibus
501 2178 559 2243 per
583 2162 772 2243 potestatem
797 2156 857 2220 sibi
880 2156 1055 2241 propriam.
1073 2156 1142 2220 sive
1161 2154 1333 2220 antecedat
1356 2156 1418 2219 ius-

234 2302 306 2347 sum
331 2278 496 2345 Pontificis
519 2279 725 2345 decernentis
755 2286 790 2343 ut
820 2276 938 2342 edatur
960 2277 1117 2361 quaedam
1145 2276 1322 2361 dispositio;
1348 2279 1418 2342 sive

236 2405 450 2489 subsequatur
472 2404 541 2469 sola
568 2400 770 2468 confirmatio
801 2407 858 2466 aut
886 2400 1075 2487 approbatio
1107 2400 1279 2467 decisionis
1310 2400 1420 2466 editae

130 2576 134 2585 .
236 2529 290 2593 vel
313 2548 358 2595 ecc
381 2527 489 2613 officio
506 2548 525 2591 a
541 2526 799 2613 congregatione
815 2525 868 2591 vel
892 2525 1154 2591 adiuuantium
1170 2525 1282 2609 partis.
1300 2525 1418 2589 Huius·

236 2650 321 2717 modi
352 2652 487 2717 decreta
508 2650 563 2715 vel
586 2650 763 2714 decisiones
793 2669 874 2713 vere
904 2653 979 2713 sunt
1001 2648 1297 2733 congregationum
1324 2654 1447 2729 acta,·

234 2774 379 2857 quamvis
412 2773 530 2857 possim
559 2771 764 2856 appellentur
795 2771 931 2836 decretu
953 2768 1092 2853 Papae,
1117 2775 1194 2835 actu
1217 2769 1418 2855 Pontificio,

234 2904 316 2965 octa
348 2900 398 2965 vel
422 2899 558 2965 decretu
582 2895 616 2961 S.
642 2896 755 2971 Sedis,
785 2902 817 2962 et
847 2898 943 2962 etiam
975 2895 1124 2962 dicantur
1154 2894 1240 2959 edita
1266 2916 1287 2959 a
1317 2892 1417 2980 Papa.

240 3022 447 3090 confirmatio
470 3028 577 3090 autem
604 3024 711 3109 Papae
734 3023 893 3090 accedens
916 3021 1098 3087 huiusmodi
1122 3022 1419 3107 congregationum

238 3146 379 3214 decretis
403 3148 512 3213 est-in
533 3146 650 3229 formo
674 3146 847 3213 communi
870 3166 953 3231 quae
983 3146 1108 3211 scilicet
1131 3150 1239 3211 actum
1266 3145 1420 3228 relinquit

236 3270 274 3335 tu
297 3290 358 3337 suo
384 3270 593 3356 primigenio
617 3270 734 3336 calore
765 3272 825 3335 etsi
856 3267 1057 3336 confirmatio
1088 3269 1185 3336 detur
1214 3289 1275 3353 per
1303 3268 1418 3333 literas

239 3393 449 3477 Apostolicas.
475 3394 567 3457 Haec
597 3390 852 3458 confirmationis
882 3394 1006 3478 species
1029 3389 1255 3477 distinguenda
1284 3396 1334 3457 est
1361 3410 1419 3475 ap-

238 3519 340 3603 prime
364 3538 384 3582 a
410 3516 653 3583 confirmatione
682 3517 719 3582 iu
746 3516 863 3600 formu
893 3517 1052 3603 specifico
1082 3537 1126 3583 ex
1157 3537 1221 3601 qua
1250 3516 1419 3582 decretum

235 3645 379 3711 secundi
401 3646 537 3731 generat
566 3646 745 3729 pertransit
768 3645 979 3726 inprimunt
1009 3650 1156 3709 actorum
1180 3664 1300 3729 genus,
1324 3641 1419 3707 modo

236 3769 444 3853 explicatum.
461 3766 704 3835 Confirmationi
728 3768 814 3832 enim
836 3768 1012 3853 specificae
1034 3765 1071 3833 fit
1085 3768 1176 3834 locus
1200 3787 1296 3852 quum
1320 3766 1421 3853 ipsius

239 3888 348 3973 Papae
371 3888 503 3973 speciali
527 3888 666 3953 examini
690 3887 854 3954 subiectus
877 3888 918 3953 sit
941 3893 1033 3952 actus
1056 3907 1119 3971 quo
1142 3887 1182 3952 de
1205 3889 1322 3973 agitur,
1339 3883 1422 3950 adeo

238 4015 273 4074 ut
297 4010 459 4083 Pontifex,
485 4012 604 4095 negotii
632 4010 729 4095 plena
750 4009 862 4076 habita
884 4012 1008 4083 notitia,
1033 4011 1067 4074 in
1091 4010 1188 4075 Suam
1212 3988 1421 4074 deliberatio·

239 4155 313 4201 nem
344 4142 377 4201 et
406 4135 534 4220 plenam
562 4140 755 4222 potestatem
786 4134 953 4201 inferioris
979 4140 1087 4201 actum
1112 4136 1291 4220 pertrahat.
1317 4134 1424 4199 Huius

236 4258 450 4335 distinctionis
480 4261 677 4325 mentionem
708 4258 865 4326 habemus
888 4258 1052 4328 inconst
1076 4260 1291 4342 Apostolicae
1321 4256 1424 4325 cervi·

236 4382 318 4449 tutis
341 4382 460 4448 Bened.
486 4384 571 4449 XIV
593 4383 668 4449 data
691 4384 724 4448 in
748 4402 847 4448 causa
865 4382 1094 4448 iurisdictionis
1118 4384 1204 4449 inter
1226 4383 1422 4468 Episcopum
