3292 5109
528 324 572 371 ue
595 322 735 371 runicus
758 322 1026 371 sccussmsmors
1218 315 1223 326 ·
1303 301 1364 366 181

126 480 129 485 ·
184 448 377 529 potestatem
393 449 596 513 executivam
612 445 890 513 extraiudicialem
906 466 964 512 seu
980 446 1180 533 vigilantiam
1197 446 1230 509 in
1247 444 1282 512 O.
1300 446 1370 509 Tri·

183 571 310 637 dentini
334 575 506 659 genuinam
531 575 765 641 executionem.
790 573 854 640 Sed
869 575 945 658 quia
960 574 1087 657 saepius
1103 572 1294 638 Tridentina
1309 578 1371 638 sta·

183 700 257 759 tuta
280 717 300 759 a
323 716 381 760 sua
404 697 618 783 applicatione
640 696 899 782 impediebantur
921 697 961 763 ob
985 697 1082 763 dubia
1104 703 1261 783 promota,
1278 718 1321 762 an
1337 699 1369 763 in

186 818 262 905 lege
296 822 443 905 generali
476 823 653 908 peculiaris
677 843 770 889 casus
800 822 1152 909 comprehenderetur,
1177 823 1372 888 factumest

187 950 223 1010 ut
247 946 329 1011 baec
345 946 562 1033 congregatio
585 947 754 1013 videretur
776 968 835 1013 suo
858 950 986 1014 muneri
1010 950 1123 1034 impar,
1147 950 1210 1013 nisi
1233 948 1372 1033 polleret
1440 974 1445 991 =

185 1093 316 1157 quoque
339 1078 496 1159 potestate
519 1074 754 1161 interpretandi
777 1076 968 1152 authentice
989 1075 1136 1141 Ganones
1153 1074 1370 1141 Tridentinos.

188 1199 406 1272 Quamobrem
435 1200 512 1265 Pius
539 1200 570 1265 V
602 1199 734 1267 indulsit
768 1200 889 1272 eidem,
914 1206 950 1265 ut
977 1206 1102 1285 posset,
1128 1202 1234 1285 prouti
1266 1200 1373 1265 refert

188 1325 364 1409 Fagnanus
387 1324 423 1388 in
447 1344 520 1407 cap.
544 1325 712 1397 Quoniam
733 1326 783 1391 De
803 1323 912 1391 Const.
938 1345 971 1391 n.
990 1326 1023 1400 7,
1051 1326 1248 1391 ‹Decidere
1272 1346 1373 1392 casus

187 1464 276 1529 quos
289 1452 466 1531 tamquam
481 1448 593 1513 ctaros
604 1446 752 1530 putabat
768 1447 983 1515 decidendos:
998 1468 1083 1533 quos
1103 1467 1181 1514 aero
1195 1454 1373 1533 tamquam

186 1568 311 1636 dubias
345 1570 558 1637 existimaret
590 1570 790 1653 referendos
826 1570 1005 1638 Sanctitati
1036 1572 1145 1646 Suae,
1181 1572 1370 1655 referret...

188 1714 341 1779 unamque
368 1695 471 1781 (idem
495 1696 581 1762 Pius
610 1678 823 1783 Vattribuit)
848 1697 1034 1781 ampliores
1063 1698 1166 1762 ctiam
1191 1696 1373 1780 facultates

184 1837 254 1900 pro
290 1818 485 1883 decidendis
521 1817 632 1883 causis
667 1822 698 1883 et
728 1819 966 1884 controuersiis
995 1817 1137 1885 Caecilii
1164 1818 1370 1901 interpreta-

190 1947 317 2013 tionem
337 1942 615 2009 concernentibus
630 1965 660 2007 s.
680 1942 784 2017 Quam
800 1943 1036 2028 interpretandi
1052 1943 1240 2009 facultatem
1256 1943 1373 2009 melius

188 2068 419 2134 determinavit
431 2067 539 2131 Status
552 2067 584 2127 V
597 2067 630 2131 in
643 2065 750 2133 Const.
765 2068 949 2139 immensa,
963 2068 1063 2132 aiens:
1079 2089 1097 2129 ι
1111 2068 1232 2133 Eorum
1246 2067 1374 2153 quidem

189 2193 414 2264 decretorum,
439 2211 521 2275 quae
545 2190 585 2255 ad
609 2190 682 2255 fidei
707 2189 858 2276 dogmata
880 2193 1054 2276 pertinent,
1072 2193 1373 2278 interpretationem

192 2315 291 2381 b'obis
326 2315 402 2398 ipsis
436 2333 658 2386 reservamus,
697 2313 920 2379 cardinalibus
950 2334 1030 2379 vero
1061 2315 1237 2400 praefectis
1271 2318 1375 2382 inter-

190 2437 366 2525 pretationi
397 2442 429 2501 et
460 2437 642 2502 executioni
669 2436 803 2501 Concilii
827 2414 1031 2519 TridentiniJ
1058 2439 1085 2503 si
1115 2437 1242 2522 quando
1265 2440 1299 2504 in
1323 2440 1375 2505 his

188 2562 330 2648 quaeda
354 2582 478 2625 morum
503 2560 745 2643 reformatione,
762 2560 932 2647 disciplina
956 2567 988 2626 et
1011 2562 1231 2630 moderatione
1254 2571 1287 2631 et
1310 2567 1374 2631 Ec-

188 2689 380 2754 clesiasticis
416 2688 539 2752 iudiciis
573 2688 708 2772 aliisque
743 2687 923 2753 huiusmodi
951 2693 1072 2755 statuta
1103 2695 1197 2771 sunt,
1229 2690 1376 2757 dubietas

190 2819 248 2877 aut
272 2810 442 2877 difficultas
465 2814 645 2885 emerserit,
663 2812 897 2899 interpretandi
913 2813 1112 2896 facultatem,
1130 2814 1237 2881 Nobis
1261 2821 1374 2882 tantan

189 2940 364 3013 consultis,
390 2940 592 3023 impertimur
615 2959 646 3003 a.
677 2938 846 3005 Hactenus
876 2939 916 3004 de
949 2945 1104 3026 potestate
1128 2942 1320 3026 exequendi
1344 2948 1377 3009 et

190 3063 444 3147 interpretandi
468 3061 656 3125 Tridentina
680 3062 823 3129 decreta.

285 3188 464 3251 Praeterea
480 3186 632 3251 Pontifex
648 3186 728 3251 alias
744 3187 892 3253 attribuit
914 3187 1086 3255 facultates
1110 3191 1213 3273 quoad
1238 3191 1377 3257 concilia

193 3310 408 3395 provincialia
423 3314 456 3374 et
472 3308 672 3383 dioecesana,
690 3312 901 3376 Visitationes
924 3312 979 3377 SS.
1006 3312 1164 3377 Liminum
1188 3318 1221 3380 et
1239 3333 1376 3380 morum

191 3434 486 3518 reformationem,
512 3434 563 3498 his
586 3434 709 3499 verbis:
737 3436 986 3520 «aequoniam
1012 3436 1123 3501 eodem
1148 3438 1292 3503 Concilio
1309 3440 1378 3503 Tri-

192 3560 327 3625 dentino
351 3531 515 3624 decretum
533 3566 589 3629 cst,
608 3558 755 3645 Synodos
775 3560 1000 3624 Provinciales
1016 3561 1113 3625 tertio
1129 3580 1256 3646 quoque
1280 3583 1378 3645 anno,

195 3682 411 3747 Dioecesanas
441 3680 575 3765 singulis
598 3682 692 3745 annis
716 3680 877 3746 celebrari
900 3680 1038 3753 debere,
1064 3681 1095 3746 id
1120 3684 1152 3746 in
1177 3685 1379 3750 executionis

194 3826 288 3869 usum
312 3806 353 3869 ab
375 3807 422 3875 iis,
440 3792 576 3888 quorum
600 3806 743 3877 interest,
768 3804 878 3870 induci
901 3803 1013 3868 eadem
1035 3806 1250 3891 congregatio
1275 3810 1381 3893 provi-

195 3927 292 3992 debit.
316 3928 571 3993 Prouincialium
603 3948 700 4001 vere,
725 3926 829 3992 ubivis
856 3934 1020 3992 terrarum
1053 3928 1128 3993 illae
1159 3929 1380 4006 celebrentur,

194 4050 330 4117 decreta
354 4050 394 4115 ad
417 4072 452 4115 se
476 4052 557 4115 mitti
580 4051 758 4136 praecipiet
781 4070 883 4135 eaque
906 4050 1036 4135 singula
1060 4052 1221 4138 expendet
1237 4060 1270 4119 et
1285 4074 1380 4119 reco-

196 4184 341 4264 gnoscet.
367 4178 636 4243 Patriarcbarum
667 4182 858 4261 praeterea,
884 4177 1083 4250 Primatum,
1108 4178 1380 4265 archiepiscopo-

198 4320 269 4365 rum
286 4305 318 4365 et
335 4300 568 4385 Episcoporum
586 4296 710 4383 (quibus
728 4301 901 4365 Beatorum
918 4299 1146 4385 Apostolorum
1163 4302 1275 4365 limina
1290 4307 1382 4368 certo

196 4429 345 4509 tempore
376 4425 509 4488 visitare
538 4424 603 4488 alia
633 4428 745 4487 nostra
775 4426 942 4489 sanctione
977 4426 1097 4489 iussum
1130 4427 1191 4513 est)
1223 4427 1385 4512 postulata
