3292 5109
621 303 827 353 nnrnenrun
851 304 874 352 1.
1270 284 1335 352 469

132 485 135 491 ,
156 431 303 485 necessarii
329 430 411 501 plane
434 431 566 485 tuissent:
592 435 621 483 at
646 446 712 485 vero
737 430 810 483 vires
835 428 1039 483 haereditariae
1061 427 1127 481 huic
1146 428 1335 498 impensarum

155 536 223 591 moli
241 523 418 594 sustinendae
436 538 505 592 satis
524 555 584 593 esse
603 554 657 591 non
678 536 841 605 potuissent.
860 534 1028 607 Ceteroqnin
1047 536 1178 590 liberatio
1193 536 1293 591 vineae
1306 536 1335 589 in

156 643 261 700 domini
279 646 358 701 utilis
376 647 616 711 commoditatem,
641 644 823 699 haereditatis
842 644 1029 699 conditionem
1048 645 1148 699 nedum
1169 660 1223 698 non
1242 645 1335 698 immi-

156 751 269 821 nuisset,
288 754 336 809 sed
355 757 383 808 et
401 753 491 808 multo
509 752 653 807 meliorem
672 751 821 806 effecisset:
836 750 942 805 reditus
954 750 1038 818 enim,
1052 750 1099 821 qui
1113 752 1262 821 quotannis
1275 768 1337 821 per-

157 861 300 943 cipiendus
318 865 387 925 erat,
406 876 461 913 non
481 860 601 929 amplius
619 862 792 912 scutatorum
811 858 930 926 triginta
948 862 1076 928 quatuor,
1095 858 1142 913 sed
1156 861 1185 913 et
1197 860 1336 930 qninqua-

157 970 236 1038 ginta
255 985 390 1021 summam
409 966 564 1036 attigisset3
583 965 648 1019 hinc
667 970 718 1030 est,
732 965 805 1036 qnod
818 965 845 1019 S.
859 964 887 1017 C.
903 966 931 1018 C.
945 966 1108 1020 facillimam
1128 984 1188 1023 sese
1207 969 1337 1038 praebuit

157 1074 186 1125 in
205 1073 394 1142 beneplacit0,
419 1072 491 1143 quod
516 1072 550 1124 ad
575 1089 632 1127 rem
658 1072 777 1140 petitum
795 1071 901 1137 fuerat,
921 1071 1067 1125 confestim
1087 1070 1256 1141 elargiendo.
1277 1072 1337 1133 Qun

157 1180 247 1249 posita
260 1179 434 1245 necessitate,
450 1177 518 1232 illud
530 1179 707 1249 sequebatur,
722 1181 761 1243 ut,
775 1178 798 1230 si
813 1176 902 1231 eidem
921 1178 1085 1233 submittere
1104 1194 1164 1233 sese
1183 1178 1337 1234 debuerant

158 1286 290 1341 haeredes
309 1285 456 1341 alienando
469 1285 587 1350 vineam,
602 1284 698 1339 eadem
711 1284 744 1339 de
757 1301 842 1337 causa
855 1286 943 1339 fasces
955 1285 1092 1339 subiicere
1106 1284 1205 1341 debeat
1219 1287 1337 1342 ecclesia

157 1397 295 1467 legataria
314 1414 477 1451 consensum
496 1394 644 1450 deletionis
661 1392 838 1465 hypothecae
857 1410 912 1448 non
932 1394 1101 1464 denegando.

247 1505 393 1560 Addebant
411 1503 530 1573 insuper,
544 1520 606 1558 eam
617 1503 704 1557 fuisse
723 1506 844 1557 mentem
864 1504 1015 1570 tentatorie,
1034 1508 1066 1558 ut
1086 1468 1215 1575 Capitulo
1227 1509 1337 1560 scutata

158 1616 260 1686 viginti
280 1617 308 1670 in
328 1614 452 1685 singulos
471 1630 558 1668 annos
576 1613 655 1667 salva
673 1618 805 1683 certaque
823 1615 923 1667 forent.
938 1613 1026 1667 Simul
1046 1632 1078 1668 ac
1097 1616 1186 1685 igitur
1204 1616 1337 1672 haeredes

157 1724 258 1779 reditui
278 1701 450 1777 scutatorum
468 1722 569 1790 viginti
589 1722 738 1791 quotannis
758 1720 954 1791 respondentes
966 1721 1103 1791 ¹Capitulo
1116 1723 1256 1793 legatario
1269 1726 1338 1779 assi·

158 1833 291 1899 gnassent
300 1835 384 1900 atque
393 1829 579 1893 tradidissent,
589 1829 663 1881 omni
677 1828 849 1899 obligatione
863 1846 912 1898 per
926 1832 1087 1884 testatorem
1098 1830 1228 1899 imposita
1238 1831 1338 1887 deone·

158 1937 300 2001 rebantur,
318 1936 385 2005 quin
404 1933 479 1988 aliud
499 1933 616 1988 ulterius
635 1936 669 1988 ab
688 1933 861 1989 haereditate
881 1934 992 2003 exigere
1011 1934 1149 2004 legatario
1167 1936 1274 1991 liceret.

249 2040 372 2111 Denique
391 2041 470 2093 iuxta
488 2056 633 2095 commune
652 2016 777 2094 axiomata
797 2042 871 2111 quod
884 2042 932 2094 tibi
944 2058 999 2095 non
1013 2052 1101 2107 nocet,
1115 2043 1201 2097 alieri
1211 2045 1334 2113 modest,

158 2150 209 2202 hoc
227 2149 389 2220 faciendum
408 2158 462 2211 cst,
482 2148 753 2213 animadvertebant,
773 2146 843 2200 nihil
863 2149 959 2202 obesse
984 2148 1127 2218 capitulo,
1150 2150 1172 2203 si
1191 2150 1337 2205 schedulas

158 2256 268 2311 oblatas
287 2256 436 2325 exciperet,
455 2259 484 2310 et
502 2259 612 2309 scutata
630 2255 731 2325 viginti
744 2256 779 2308 ab
793 2256 902 2309 aerario
921 2256 1031 2325 publico
1051 2263 1258 2329 assequeretur:
1278 2260 1337 2315 sive

159 2360 233 2414 enim
258 2360 356 2423 sortis,
379 2360 438 2413 sive
463 2361 570 2413 fructus
594 2360 729 2414 securitas
754 2360 953 2428 inspiceretur,
973 2360 1043 2415 nihil
1064 2364 1152 2417 tutius
1171 2381 1204 2418 ac
1223 2364 1338 2419 solidius

159 2468 334 2531 occurrisset,
345 2467 446 2537 quippe
460 2467 567 2521 nullum
580 2466 659 2521 adest
672 2468 846 2536 gubernium,
861 2468 904 2521 cui
918 2468 1007 2521 maior
1020 2470 1152 2525 debeator
1166 2472 1242 2539 fides,
1255 2490 1337 2543 quarn

160 2571 250 2625 civilis
270 2573 447 2641 Apostolicae
470 2571 547 2626 Sedis
565 2571 745 2640 principatus.
766 2571 868 2625 Deinde
888 2571 1013 2641 quolibet
1032 2576 1192 2643 exspirante
1211 2578 1338 2633 semestri

159 2678 274 2731 dimidia
296 2680 436 2733 fructuum
461 2678 617 2732 debitorum
637 2695 700 2747 pars
718 2679 822 2748 absque
842 2677 901 2731 nlla
923 2678 1156 2748 tergiversatione
1175 2684 1209 2737 ab
1229 2683 1337 2737 aerario

160 2784 287 2850 solvitur,
306 2790 335 2840 et
353 2803 370 2839 a
388 2785 525 2839 creditore
544 2784 705 2853 percipitur.

247 2890 273 2944 3.
292 2892 426 2944 lllonebat
444 2889 603 2960 Capitulum
622 2895 687 2945 ante
706 2891 800 2944 omnia
812 2891 920 2946 nullum
933 2908 993 2947 sese
1006 2894 1121 2947 verbum
1135 2894 1227 2949 facere
1241 2899 1339 2948 contra

159 2998 331 3053 celebratum
356 2997 563 3053 attrancationis
587 3002 775 3053 contractum:
802 2999 855 3053 hac
874 3000 948 3054 enirn
967 3000 995 3053 in
1015 3018 1045 3055 re
1064 3018 1114 3055 sno
1133 3001 1185 3071 ipsi
1204 3000 1338 3057 haeredes

159 3106 295 3160 fiduciarii
315 3108 375 3162 iure
395 3108 436 3160 nsi
455 3108 576 3172 fuerant,
596 3124 684 3178 eoque
709 3107 807 3177 magis,
827 3107 899 3177 quod
918 3107 1124 3177 beneplacitum
1145 3107 1171 3161 S.
1191 3108 1268 3163 Sedis
1290 3125 1338 3162 ac-

160 3217 289 3266 cesserat.
304 3212 375 3273 Quin
388 3213 474 3267 etiam
488 3213 599 3266 tametsi
613 3214 711 3267 stricto
723 3212 793 3277 iure,
806 3214 878 3281 quod
891 3212 925 3265 ad
938 3210 1167 3283 hypothecariam
1183 3212 1338 3281 inscriptio-

160 3340 223 3377 nem
242 3322 352 3384 attinet,
374 3321 463 3375 eidem
482 3321 636 3375 contractui
656 3319 858 3389 oppositionem
876 3320 969 3373 facere
987 3319 1152 3388 potuissent,
1165 3336 1199 3373 ac
1218 3324 1338 3387 possent,

160 3427 342 3481 nihilominus
360 3444 414 3480 non
432 3443 467 3481 ea
485 3425 614 3495 Capitulo
632 3441 710 3479 mens
728 3428 797 3489 erat,
812 3422 884 3477 hanc
903 3423 970 3492 ipsis
989 3424 1117 3493 ingerere
1137 3421 1337 3487 difficultatem,

160 3535 213 3589 hoc
233 3534 426 3589 inextricabile
444 3535 581 3587 facessere
600 3532 753 3601 negotium.
766 3531 795 3585 ld
808 3531 1001 3586 tantummodo
1022 3548 1070 3600 pro
1084 3548 1125 3597 eo,
1139 3548 1194 3602 quo
1208 3536 1338 3586 tenentur

161 3641 251 3694 officio
270 3642 389 3695 tuendae
408 3657 507 3694 causae
533 3640 609 3709 piae,
628 3639 699 3693 idest
718 3639 867 3705 acclesiae,
887 3638 940 3691 sibi
960 3638 1160 3707 proponebant,
1179 3642 1211 3691 ut
1230 3638 1337 3691 nullum

59 3786 64 3797 .
161 3748 249 3802 eidem
269 3748 464 3802 detrimentum
477 3747 570 3801 afferri
584 3749 761 3815 paterentnr3
774 3744 898 3817 adeoque
911 3761 941 3799 se
954 3745 1082 3799 insistere
1101 3744 1223 3808 aiebant,
1237 3742 1339 3797 utalia

161 3855 358 3927 aequipollenti
380 3857 488 3909 ratione
507 3854 641 3909 ecclesiae
660 3835 836 3909 indemnitati
856 3853 1056 3909 consuleretur.

250 3959 398 4028 Perperam
417 3974 483 4014 vero
496 3957 683 4030 (subiiciebat)
698 3957 831 4012 haeredes
849 3958 980 4028 inquiunt
998 3975 1058 4013 sese
1077 3958 1151 4010 omni
1166 3956 1338 4026 obligatione

161 4068 276 4135 solutos,
295 4086 358 4123 cnm
376 4068 523 4122 schedulas
541 4067 644 4138 publici
664 4067 750 4121 debiti
770 4083 820 4136 pro
840 4066 931 4121 reditu
949 4071 1120 4121 scutatorum
1141 4066 1242 4135 viginti
1255 4064 1338 4133 Capi·

162 4172 223 4227 tulo
240 4173 379 4243 legatario
404 4174 596 4228 tradidissent:
622 4173 662 4225 ita
686 4173 761 4227 euim
783 4174 913 4242 gerentes
932 4173 1036 4242 absque
1054 4171 1229 4225 dubitatione
1248 4170 1339 4223 minus

162 4282 359 4352 persolverent,
379 4297 464 4351 quam
482 4281 555 4352 quod
567 4283 685 4335 testator
696 4251 800 4334 eisdem
812 4278 986 4333 iniunxisset.
1000 4277 1144 4347 Duplicem
1158 4292 1240 4346 porro
1252 4276 1339 4332 habet

163 4397 270 4464 partem
295 4392 458 4460 benficium,
482 4390 555 4461 quod
573 4390 602 4444 in
621 4389 716 4460 legato
734 4388 916 4460 relinquendo
935 4392 1054 4444 testator
1073 4388 1207 4443 ecclesiae
1227 4386 1338 4455 attulit,
