3292 5109
475 307 520 354 nn
548 307 688 359 runrons
719 309 984 357 nocuusrssrrcrs
1252 290 1320 359 253

141 431 267 517 quando
285 437 318 498 et
333 433 489 517 quomodo
513 434 595 501 haec
619 434 836 521 congregatio
858 440 934 522 agat
955 435 996 501 ad
1019 436 1244 523 praeparanda
1261 456 1319 501 ne-

140 555 227 639 gotia
249 575 311 641 pro
334 556 523 623 consistorii
547 557 775 634 celebratione,
800 560 982 626 incidenter
1000 565 1034 628 et
1056 579 1153 644 quarn
1175 559 1321 626 breviter

142 682 181 747 de
205 684 307 748 variis
331 683 519 751 consistorii
542 686 711 771 speciebus
733 685 853 771 aliquid
877 687 1103 772 explicandum
1127 693 1185 753 est.
1286 748 1291 761 ,

229 806 308 873 205.
333 806 531 889 Hodiefere
556 830 685 897 semper
708 810 814 877 torma
836 812 1056 878 caerimoniali
1079 810 1218 876 habetur
1240 808 1320 877 con·

141 931 302 996 sistorium
334 934 432 999 etiam
461 933 645 1000 Secretum.
676 934 758 999 Nam
788 926 891 1000 tribus
922 935 1023 1001 modis
1054 935 1215 1001 celebrari
1238 934 1323 1000 solet

141 1054 383 1128 Consistorium
407 1074 464 1122 eeu
487 1056 707 1143 distinguitur:

278 1177 310 1264 1)
335 1178 567 1246 consistorium
593 1181 767 1248 Socratem
790 1200 849 1247 eeu
870 1181 1085 1257 ordinarium;

277 1302 312 1388 2)
335 1302 517 1371 Publicium
541 1326 598 1371 seu
622 1305 917 1372 extraordinarium
939 1312 995 1372 aut
1017 1306 1174 1382 solemne;

275 1428 309 1513 3)
333 1433 366 1495 et
388 1429 476 1494 anm
499 1398 775 1513 semipuellam.

234 1552 466 1621 consistorium
492 1554 665 1623 Semelam
692 1563 741 1622 est
774 1558 984 1643 praecipuum
1007 1556 1177 1643 vestigium
1208 1558 1322 1623 Consi-

145 1680 236 1744 storii
260 1679 337 1745 olim
361 1679 471 1753 habiti,
490 1682 523 1746 in
543 1702 605 1766 quo
628 1684 758 1769 negotia
780 1684 904 1749 maiora
926 1683 1041 1749 discuti
1064 1689 1097 1749 et
1118 1680 1246 1749 definiri
1268 1703 1321 1748 so-

143 1806 265 1875 lebant.
297 1809 390 1875 Nunc
414 1810 500 1875 enim
531 1810 660 1895 negotia
682 1809 873 1876 referuntur
895 1811 929 1873 iu
952 1809 1015 1874 boc
1039 1809 1234 1875 Consistorio
1256 1810 1321 1875 iam

147 1929 293 2008 definita;
317 1936 350 1998 in
375 1933 481 1999 debita
503 1954 583 1999 vero
606 1933 713 1999 torma
735 1938 959 2021 proponuntur
979 1934 1045 1999 aS.
1063 1933 1324 2019 Congregatione

147 2054 379 2122 Consistoriali.
416 2056 524 2131 Quare
550 2058 584 2122 in
609 2058 804 2124 consistorio
838 2057 934 2122 hodie
968 2058 1089 2143 agitur,
1113 2056 1171 2122 sub
1194 2058 1323 2122 ratione

146 2180 253 2264 potius
279 2180 570 2266 promulgationis
584 2146 626 2246 'et
649 2181 933 2267 confirmationis,
957 2181 997 2247 de
1020 2182 1185 2246 creatione
1208 2180 1321 2248 cardi-

141 2302 274 2385 nalium,
290 2303 331 2369 de
346 2304 535 2370 Dioecesum
557 2307 732 2387 erectione,
752 2306 881 2386 unione,
901 2305 1185 2371 dismembratione
1200 2308 1234 2369 et
1248 2323 1321 2370 con·

141 2428 311 2492 troversiis
334 2426 408 2492 inde
432 2430 566 2509 exortis,
590 2449 630 2494 ac
652 2429 692 2495 de
716 2429 926 2516 electionibus
949 2434 982 2496 et
1003 2428 1257 2514 promotionibus
1281 2428 1322 2493 ad

144 2549 304 2617 beneficia
326 2552 465 2633 maiora,
490 2554 534 2617 ita
549 2558 584 2619 ut
603 2554 722 2620 Bened.
739 2555 823 2620 XIV
839 2556 872 2619 in
888 2553 996 2620 const.
1015 2555 1102 2620 Cum
1118 2573 1141 2618 a
1155 2552 1261 2628 nobie,
1278 2552 1322 2619 di·

141 2676 243 2741 xerit:
268 2677 454 2743 ‹Provisio
479 2677 716 2744 consistorialis
739 2677 787 2764 (ut
813 2678 917 2763 inquit
942 2678 1116 2763 Fagnanus
1139 2697 1208 2763 cap.
1234 2676 1321 2741 Nihil

144 2816 175 2861 n.
191 2796 248 2879 29,
273 2800 320 2864 De
336 2798 517 2887 Electione)
542 2799 640 2867 habet
654 2800 719 2864 vim
735 2800 901 2865 electionis
916 2803 949 2865 et
964 2796 1217 2863 confirmationis
1232 2796 1320 2881 »(l).

143 2922 224 2987 Item
255 2930 328 3009 post
357 2924 509 2991 iudicium
540 2924 720 2990 absolutum
744 2944 764 2988 a
787 2925 818 2991 S.
843 2923 1102 3009 congregatione
1126 2923 1259 2988 Rituum
1282 2919 1324 2984 de

144 3050 237 3115 novis
261 3049 426 3115 miraculis
444 3068 465 3113 a
480 3045 547 3115 Deo
570 3051 706 3137 patratis
729 3070 789 3137 per
810 3050 1076 3118 intercessionem
1099 3049 1236 3115 alicuius
1258 3049 1322 3112 iam

142 3174 230 3239 inter
254 3174 372 3238 Beatos
395 3174 548 3240 recensiti
565 3180 597 3240 et
611 3180 780 3260 postquam
803 3177 867 3241 iam
890 3176 1138 3261 pronunciatum
1156 3178 1207 3241 est
1228 3192 1324 3259 posse

143 3303 212 3365 luto
236 3298 368 3384 procedi
392 3297 432 3363 ad
456 3304 563 3365 actum
586 3301 761 3368 solemnem
784 3300 1051 3375 canonizationis,
1075 3304 1249 3386 praeterea
1262 3318 1322 3364 ex-

143 3426 289 3510 quiritur
316 3427 484 3492 consilium
508 3425 549 3492 ab
573 3425 718 3493 omnibus
743 3426 965 3493 cardinalibus
986 3428 1022 3492 in
1050 3425 1246 3492 Consistorio
1268 3420 1324 3490 Se·

145 3554 254 3623 creto,
278 3554 387 3615 utrum
411 3550 616 3617 Canonizatio
641 3550 714 3616 dato
737 3555 883 3637 ternpore
906 3551 948 3615 sit
969 3548 1164 3636 peragenda.
1190 3545 1240 3614 Ob
1264 3566 1322 3611 ne·

144 3675 232 3760 gotia
254 3675 289 3739 in
311 3674 375 3739 hoc
398 3673 595 3741 consistorio
625 3675 743 3756 relata,
768 3693 904 3759 quorum
933 3672 1091 3738 nonnulla
1113 3675 1188 3737 sunt
1210 3674 1325 3756 suapte

235 3905 275 3973 (l)
294 3904 384 3959 Hodie
402 3904 476 3961 enim
495 3904 555 3960 fere
573 3902 674 3957 nullibi
696 3903 788 3957 locum
806 3902 913 3958 habent
930 3901 1082 3958 electiones
1100 3899 1244 3955 ordinatae
1261 3899 1324 3955 iure

148 4006 336 4063 Decretalium
355 4009 503 4079 praecipue
523 4026 571 4079 per
590 4011 674 4078 caput
695 4010 764 4069 Quia
779 4018 899 4079 propter
918 4008 953 4061 42
966 4036 980 4048 -
996 4008 1039 4062 De
1057 4007 1194 4062 electione
1205 4005 1234 4059 X
1249 4004 1280 4075 (1,
1292 4004 1326 4075 6)

146 4115 193 4169 sed
212 4114 313 4170 electio
331 4116 365 4169 fit
378 4133 395 4169 a
408 4115 533 4169 Romano
552 4116 697 4183 Pontifice,
715 4116 743 4170 vi
762 4115 982 4170 reservationum
1001 4113 1137 4169 editarum
1156 4113 1185 4167 in
1204 4111 1325 4182 Regalis

148 4218 353 4289 Cancellaria03
379 4226 423 4276 ast
448 4222 599 4292 provisioni
619 4221 811 4278 consistoriali
837 4238 980 4292 processus
999 4221 1187 4293 inquisitionis
1206 4218 1323 4290 praeha-

149 4324 228 4380 betur
241 4332 270 4382 et
288 4328 317 4383 in
331 4328 482 4400 qualitates
501 4328 679 4399 promovendi
693 4334 722 4385 et
740 4330 886 4384 instalum
906 4328 1047 4384 Ecclesiae
1060 4328 1104 4382 cui
1120 4324 1325 4398 promovendus

149 4432 308 4490 destinatur.
