3292 5109
497 309 541 357 99
570 308 709 357 runicus
741 308 1007 357 somasmsrsors
1273 289 1341 357 207

616 697 798 767 TITULUS
826 697 886 765 VI.

309 966 353 1016 DE
376 964 659 1015 concatenatum
683 967 798 1017 seems
822 966 958 1016 luamus
981 968 1191 1015 varunnam

340 1127 383 1177 ΕΤ
400 1128 444 1175 DE
460 1126 548 1177 ALllS
564 1127 903 1176 coneauenutorttaus
919 1128 954 1175 El
970 1128 1157 1177 narramus.

152 1406 377 1465 summarium.
388 1437 426 1450 -
440 1406 498 1462 173.
513 1408 542 1461 19
562 1407 688 1463 Ecclesia
706 1423 793 1481 usque
811 1406 933 1461 maxima
951 1406 1049 1462 habita
1066 1412 1109 1463 991
1127 1408 1285 1464 sollicitudo
1304 1409 1337 1465 de

246 1516 334 1571 sacris
347 1516 455 1582 ritibus,
468 1516 515 1571 sed
534 1531 630 1571 eorum
649 1528 714 1570 utus
733 1533 788 1571 non
801 1532 911 1586 semper
923 1518 977 1570 luit
989 1518 1138 1572 conformis
1151 1517 1223 1586 apud
1241 1534 1337 1574 omnes

247 1620 395 1677 Ecclesiae
404 1650 441 1663 -
452 1620 512 1675 171.
527 1620 613 1691 Origo
625 1620 858 1691 Congregatiouis
871 1621 1018 1676 Sacrorum
1029 1622 1153 1677 Rituum.
1164 1651 1203 1664 -
1214 1622 1272 1678 175.
1282 1623 1338 1678 Du·

246 1726 313 1797 plex
331 1743 439 1792 munus,
452 1728 577 1781 altanum
595 1726 670 1781 circs
688 1726 767 1793 ritus,
780 1727 842 1780 iure
860 1726 1065 1797 praelationum
1084 1740 1113 1783 et
1131 1730 1188 1783 slia
1206 1730 1233 1783 id
1249 1747 1337 1801 genus

248 1835 277 1889 in
297 1853 318 1889 s.
336 1834 536 1901 functionibus,
554 1836 677 1892 alterum
701 1836 776 1891 circa
801 1853 899 1891 caueae
917 1838 1154 1892 beatificationum
1176 1844 1206 1894 et
1223 1840 1338 1895 canoni·

246 1943 397 1999 rationum.
414 1971 452 1985 -
471 1942 531 1998 176.
553 1942 592 1999 De
610 1942 777 1999 officialibus
795 1944 843 2015 qui
862 1944 892 1999 in
910 1962 995 1999 unum
1014 1950 1064 1999 aut
1082 1946 1230 2017 praecipue
1248 1948 1278 2003 in
1296 1949 1336 2003 al·

246 2050 340 2103 terum
359 2064 459 2103 munus
477 2046 632 2103 intendunt.
646 2076 685 2089 —
706 2048 763 2102 177.
783 2047 976 2119 competentia
994 2047 1077 2103 buius
1095 2049 1334 2121 Congregationia

245 2186 280 2200 -
297 2157 356 2211 178.
368 2156 539 2213 Procedendi
559 2157 632 2213 ratio
650 2158 679 2211 in
699 2173 809 2227 genere.
822 2186 860 2199 -
875 2156 931 2211 179.
946 2156 986 2211 De
1003 2159 1090 2212 variis
1107 2160 1253 2229 speciebus
1270 2176 1336 2217 con·

244 2263 378 2315 cantuum
398 2275 447 2314 seu
467 2260 724 2330 congregationum.
743 2288 778 2302 -
801 2260 858 2315 180.
876 2260 915 2317 De
933 2261 1146 2318 collectionibus
1163 2264 1335 2320 decisionum

244 2363 328 2420 huius
346 2364 373 2421 S.
391 2364 632 2435 congregationis.

245 2665 320 2732 173.
345 2666 436 2733 Sacri
460 2668 541 2733 ritus
564 2665 703 2733 ordinati
726 2666 767 2733 ad
791 2668 966 2734 solemnem
989 2668 1256 2757 significationem
1279 2694 1333 2741 re·

153 2790 293 2877 ligionis,
310 2811 406 2877 quam
425 2792 536 2858 intime
559 2793 592 2857 19
616 2792 716 2879 Deum
741 2795 831 2861 9119
854 2793 989 2861 Sanctus
1018 2795 1171 2878 fovemus
1196 2796 1333 2864 Summis

155 2915 366 2983 Pontificibus
388 2922 421 2983 et
443 2920 664 2985 Ecclesiarum
688 2919 899 2986 Praesulibus
921 2942 1050 3007 semper
1072 2924 1212 2988 maxime
1243 2924 1332 2989 cordi

152 3042 297 3114 fuerunt,
320 3041 404 3127 quod
427 3062 470 3109 ex
492 3044 667 3111 remotiore
689 3044 880 3129 antiquitate
910 3045 1005 3113 docet
1028 3046 1241 3112 celeberrima
1268 3049 1332 3113 Pa-

151 3164 275 3231 scbatis
291 3168 515 3233 controversia
529 3187 550 3232 a
564 3168 700 3235 Victore
717 3169 807 3255 Papa
831 3168 986 3235 adversus
1000 3170 1177 3256 Episcopus
1192 3172 1332 3239 Arianos

152 3290 291 3375 agitem
316 3292 405 3356 9119
429 3294 611 3357 recentiore
633 3298 741 3359 aetate
765 3314 850 3381 peno
873 3296 1044 3361 innumera
1062 3302 1222 3365 testantur
1239 3302 1332 3369 docu·
1358 3272 1364 3285 ⁸

153 3416 272 3480 menta.
296 3414 421 3481 Verum
445 3416 539 3481 sicuti
561 3417 668 3483 991199
691 3420 820 3483 externi
843 3420 1009 3506 regiminis
1036 3424 1069 3486 in
1091 3424 1240 3489 Ecclesia
1262 3446 1333 3511 per·

153 3538 272 3605 tectior
294 3544 327 3607 et
349 3540 565 3607 universalior
587 3542 701 3609 haberi
724 3562 798 3611 non·
813 3547 923 3630 potuit,
947 3547 1009 3613 nisi
1032 3550 1158 3632 quando
1181 3552 1332 3632 christia-

153 3682 269 3728 norum
285 3683 393 3737 mores
408 3666 510 3751 magis
534 3668 640 3731 exacti
664 3666 797 3733 luerunt
820 3669 853 3733 in
877 3671 1031 3738 unitatem
1055 3671 1252 3759 disciplinae,
1269 3693 1331 3760 quo

152 3788 281 3856 facilius
296 3794 556 3857 conservaretur
579 3789 653 3857 fidei
676 3792 798 3868 unitas,
824 3796 869 3859 119
892 3796 988 3861 etiam
1020 3798 1138 3863 rituum
1162 3800 1332 3867 uniformis

152 3935 230 3981 usus
253 3920 375 3980 tantum
400 3915 549 4000 sequiore
572 3921 678 3982 aetate
701 3886 839 3983 obtineri
863 3922 975 4005 potuit.
1001 3922 1130 3988 Revera
1156 3927 1331 4011 antiquitus

152 4040 287 4124 quisque
304 4039 480 4125 Episcopus
497 4058 608 4103 ourani
625 4039 777 4127 liturgiae
793 4044 827 4107 in
847 4064 905 4109 sua
916 4046 1065 4113 Ecclesia
1080 4049 1228 4125 habebat,
1246 4052 1330 4119 unde

152 4158 283 4223 habitae
303 4164 377 4225 sunt
392 4158 423 4225 S.
441 4160 562 4235 Basilii,
587 4160 618 4227 S.
637 4162 682 4228 10.
700 4160 934 4250 chrysostomi,
952 4166 982 4233 S.
1001 4168 1162 4241 Ambrosii
1179 4173 1330 4260 liturgiae

152 4288 187 4349 et
207 4284 292 4349 aliae
314 4285 513 4352 innumerae.
539 4287 657 4353 Postea
672 4310 751 4355 vero
768 4290 798 4357 S.
818 4292 895 4358 Pius
911 4294 944 4361 V
961 4294 1067 4362 Const.
1085 4295 1180 4367 Quod
1195 4318 1218 4363 9
1233 4299 1330 4366 nobie

153 4408 299 4475 decrevit
313 4414 348 4477 ut
363 4410 448 4475 idem
458 4410 548 4479 Ordo
561 4414 724 4482 Romanus
748 4425 938 4484 servaretur
953 4418 993 4485 ab
1010 4420 1166 4496 omnibus,
1184 4426 1329 4511 exceptis
