3292 5109
327 251 372 318 60
587 318 589 339 ,
846 270 932 319 raas
955 270 992 318 11.

328 390 489 458 Praelatis
520 396 616 475 extra
647 392 763 457 Rotam
786 392 839 457 vel
873 391 1083 459 auditoribus
1113 394 1217 458 Rotae
1246 393 1292 459 uti
1323 390 1488 457 Praelatis
1501 438 1515 467 ,

326 513 440 599 quibus
463 513 598 601 proinde
617 513 668 579 fas
691 519 763 579 erat
786 513 944 581 recedere
966 534 987 580 a
1008 515 1095 602 stylo
1117 515 1215 583 huius
1236 515 1418 582 tribunalis.

418 637 524 704 Porro
547 656 662 703 causas
687 639 857 723 graviores
879 640 914 703 in
937 637 1038 706 Urbe·
1051 637 1223 714 iudicatas,
1247 640 1373 706 scilicet
1394 638 1448 704 vel
1472 639 1510 704 in

325 759 480 827 tribunali
504 759 686 827 eausam
701 760 842 844 viare,
867 761 920 827 vei
942 763 977 826 in
1000 761 1155 829 trinam
1170 762 1336 829 leuiora
1351 761 1513 830 comem
1590 732 1600 747 '

327 887 543 973 Apostolioae,
561 886 707 955 attribuit
722 887 886 969 Pontifex,
903 888 936 951 in
959 885 1101 953 secunda
1119 892 1153 952 et
1171 887 1318 952 ulteriori
1342 886 1508 959 instantia,

327 1002 498 1078 Auditorio
520 1012 551 1077 S.
577 1012 690 1077 Rotae.

417 1136 559 1201 Eaedem
579 1135 748 1221 graviores
771 1154 890 1201 causae
913 1141 1009 1202 extra
1031 1138 1157 1202 curiam
1179 1155 1261 1202 rom.
1281 1135 1451 1218 iudicatae,
1467 1133 1512 1200 ad

326 1277 422 1342 quam
439 1260 472 1324 in
488 1260 591 1345 gradu
611 1253 834 1345 appellationis
857 1258 1057 1335 deferantur,
1073 1260 1234 1326 introduci
1257 1265 1401 1346 possunt,
1425 1258 1511 1325 arbi·

328 1384 391 1449 trio
414 1383 615 1470 appellantis,
640 1384 692 1447 vel
715 1383 800 1469 apud
825 1382 919 1449 Gard.
940 1385 1110 1451 Vicarium
1134 1385 1187 1451 vel
1209 1384 1292 1470 apud
1316 1384 1510 1451 Auditorem

328 1507 501 1585 Camerae;
525 1510 654 1577 sivero
678 1508 792 1575 deinde
822 1509 970 1574 ulteriori
1001 1510 1207 1596 appellationi
1235 1510 1325 1576 locus
1348 1510 1398 1585 sit,
1422 1510 1508 1575 haec

327 1636 454 1701 nonnisi
478 1634 562 1721 apud
585 1634 616 1701 S.
642 1636 758 1701 Rotam
781 1635 944 1720 interponi
966 1637 1076 1721 possit.

419 1756 575 1823 «Contra
599 1778 680 1823 vero
707 1755 926 1843 (prosequitur
950 1758 1104 1824 Pontifex
1126 1758 1147 1823 l.
1172 1757 1214 1846 c.)
1246 1777 1365 1825 causae
1397 1760 1504 1824 minus

328 1898 446 1966 graves
468 1899 566 1965 super
581 1880 694 1964 quibus
708 1880 742 1944 in
758 1882 864 1966 prima
885 1881 1039 1947 instantia
1053 1883 1087 1945 in
1110 1882 1268 1947 alterutro
1290 1854 1500 1946 tribunalium

328 2002 566 2087 praedictorum
591 2021 745 2068 romanae
767 2003 888 2077 curiae,
901 2003 1053 2068 nimirum
1077 2003 1172 2071 card.
1195 2004 1329 2085 Vicarii,
1352 2008 1409 2069 aut
1433 2022 1509 2068 cau·

328 2146 438 2199 sarum
465 2128 577 2193 curiae
601 2127 756 2192 Gamerae
779 2128 986 2212 Apostolicae
1009 2128 1378 2211 Generalisnuditoris,
1392 2125 1507 2193 delini·

327 2251 393 2315 tive
409 2250 686 2337 pronunciandum
705 2251 814 2326 fuerit,
831 2251 979 2317 volumus
1001 2259 1098 2337 atque
1120 2253 1288 2344 statuimus
1303 2254 1387 2317 utin
1403 2251 1509 2339 gradu

328 2376 552 2463 appellationis
574 2384 639 2442 tam
662 2380 696 2443 in
719 2378 836 2445 iudicio
858 2381 1009 2465 petitorio
1032 2400 1127 2465 quam
1151 2382 1348 2465 possessorio
1376 2379 1509 2443 omnino

328 2500 485 2565 committi
509 2498 646 2565 debeant
671 2501 831 2568 Praelatis
853 2508 950 2568 extra
974 2504 1089 2567 Rotam
1111 2502 1284 2568 ueletiam
1308 2503 1386 2587 ipsis
1403 2502 1508 2567 Rotae

329 2622 547 2704 Auditoribus,
564 2643 629 2688 non
652 2629 760 2689 tamen
776 2626 822 2688 uti
839 2623 1057 2701 auditoribus,
1074 2624 1130 2690 sed
1147 2624 1314 2691 dumtaxat
1329 2626 1375 2691 uti
1399 2624 1505 2689 Prae·

328 2746 411 2822 latis;
435 2746 561 2831 quodsi
576 2766 692 2813 causae
714 2747 894 2812 huiusmodi
910 2767 931 2811 a
946 2747 1092 2813 iudicatis
1115 2753 1148 2812 et
1169 2750 1338 2814 sententiis
1361 2746 1504 2813 iudicum

328 2868 369 2934 de
392 2870 537 2955 partibus
550 2870 591 2935 ad
615 2872 715 2956 ipsam
739 2891 904 2935 romanam
928 2872 1052 2936 curiam
1074 2870 1200 2937 delatae
1215 2873 1290 2946 sint,
1307 2872 1411 2957 primo
1435 2872 1506 2955 qui·

328 2994 457 3061 demin
480 2995 585 3081 gradu
613 2996 837 3082 appellationis
866 3015 979 3060 aarum
1009 2998 1149 3083 cognitio
1172 2996 1213 3060 ad
1237 2996 1330 3063 Gard.
1355 2996 1503 3078 Vicarii,

328 3124 385 3186 aut
407 3120 543 3206 praefati
568 3120 732 3185 Auditoris
755 3120 835 3185 Gen.
860 3119 1001 3184 tribunal
1028 3121 1120 3185 iuxta
1142 3119 1310 3205 utriusque
1332 3119 1505 3186 tribunalis

330 3247 527 3331 respectivas
544 3245 713 3311 facultates
728 3250 853 3331 spectet
862 3250 959 3329 atque
971 3246 1140 3331 pertineat,
1154 3246 1187 3310 in
1202 3244 1411 3311 ulterioribus
1426 3264 1507 3310 vero

329 3370 488 3436 instantiis
511 3376 668 3454 quatenus
684 3370 761 3455 ipsis
775 3368 866 3434 locus
881 3370 923 3433 sit
937 3368 1117 3434 huiusmodi
1134 3387 1251 3433 causae
1263 3369 1404 3448 omnino
1420 3388 1507 3433 com·

330 3495 413 3561 mitti
444 3491 582 3558 debeant
615 3492 776 3558 Praelatis
807 3497 903 3557 extra
930 3493 1046 3557 Rotam
1068 3493 1241 3557 ueletiam
1272 3492 1371 3578 ipsius
1403 3492 1508 3557 Rotae

329 3616 546 3683 auditorio».

420 3742 500 3807 Dein
520 3740 672 3807 Pontifex
695 3740 843 3811 decernit
864 3760 1022 3826 quaenam
1044 3742 1193 3809 maiores
1212 3747 1245 3808 et
1266 3761 1426 3826 quaenam
1440 3740 1508 3807 mi·

329 3884 433 3932 nores
455 3885 573 3933 causae
596 3866 778 3931 censendae
804 3866 885 3942 sint;
910 3872 943 3932 et
967 3868 1002 3932 in
1025 3886 1146 3952 genere
1169 3868 1256 3931 inter
1286 3868 1426 3932 maiores
1454 3884 1511 3932 re·

207 4080 209 4085 ,
332 3994 453 4071 censet,
470 3994 601 4075 praeter
615 3990 688 4056 iura
703 3989 938 4055 matrimoniale
956 3989 1120 4055 vinculum
1137 3990 1351 4075 respicientia,
1368 3990 1443 4056 iura
1455 3989 1510 4056 be·

330 4108 500 4187 nedoialia‚
523 4111 650 4198 aliaque
672 4114 745 4178 iura
767 4090 986 4178 ecclesiastica
1011 4111 1080 4176 sive
1104 4110 1241 4199 profana
1263 4110 1320 4176 sed
1339 4113 1504 4198 graviora,

330 4235 378 4305 uti
401 4236 450 4301 ius
473 4241 663 4321 patronatus
686 4241 720 4303 et
741 4239 931 4313 servitutes;
956 4235 1133 4302 minoribus
1155 4256 1235 4302 vero
1258 4237 1364 4304 causis
1387 4257 1444 4303 aas
1459 4235 1514 4303 ad·

332 4356 448 4428 scribit
466 4378 602 4444 quarum
625 4359 717 4425 valor
732 4359 938 4445 pecuniarius
955 4381 973 4422 ‹
990 4358 1107 4445 quoad
1128 4358 1398 4427 eioamoatanos
1420 4380 1512 4429 sum·
