3292 5109
320 257 386 322 472
781 277 987 327 spunsarum
1011 279 1034 326 1.

281 411 288 424 ’
318 398 414 460 τίωαῐς
441 397 568 470 quamvis
586 400 615 453 in
634 397 686 453 hoc
712 398 812 454 ultimo
837 399 930 468 plures
949 399 1041 454 adsint
1059 399 1150 472 leges,
1170 401 1326 472 exquibus
1345 403 1421 456 ratio
1440 403 1503 458 erui

319 513 380 564 tuto
400 509 493 579 possit,
512 525 567 580 quo
586 509 620 563 ad
639 526 700 564 earn
719 509 912 564 resolvendam
931 517 1008 564 recta
1026 514 1168 564 sternatur
1186 513 1245 575 via;
1262 510 1420 564 huiusmodi
1435 518 1504 566 sunt

318 619 350 672 L.
370 621 500 673 Annuom
520 619 548 683 6,
568 631 593 674 et
613 619 644 672 L.
664 620 766 672 Ansina
784 619 828 670 liis
845 618 888 669 20
904 619 934 688 ff.
953 617 997 671 Da
1013 618 1115 672 aurinis
1140 619 1252 688 leporis.
1271 619 1406 673 Doctores
1425 635 1504 672 com-

318 725 439 780 muniter
458 724 529 780 hane
548 726 658 795 agitant
682 725 901 780 controversiam
926 723 1053 794 pluribus
1077 726 1226 779 cumulatis
1248 727 1390 795 utrimque
1414 742 1504 794 argu-

319 831 427 886 mentis.
447 832 581 893 Quoniam
601 847 667 886 vero
685 831 714 885 hi
725 833 784 886 -de
796 833 1002 902 quaestionibus
1017 837 1102 888 rerba
1114 835 1228 902 faciunt,
1243 834 1310 886 illus
1322 843 1418 887 aretem
1430 833 1459 887 S.
1472 833 1501 888 C.

318 943 452 1006 dissoluit,
468 970 482 982 ·
494 941 583 996 veluti
603 942 689 996 tradit
708 941 807 996 Bened.
828 941 904 1006 XIV,
925 943 991 996 fast.
1012 944 1080 996 eccl.
1101 943 1197 1008 106,§
1215 943 1249 1008 7;
1267 941 1332 996 hinc
1351 942 1503 997 doctorum

318 1049 565 1119 disceptationibus
579 1052 789 1122 praetermissis,
803 1051 881 1106 illico
893 1051 928 1106 ad
941 1051 1144 1107 declarationes
1156 1052 1184 1106 S.
1199 1053 1227 1106 C.
1242 1024 1323 1106 Conc.
1341 1051 1503 1106 afferendas

319 1161 434 1232 gradum
454 1161 534 1215 facio.

407 1270 432 1326 8.
452 1271 525 1323 Ante
544 1269 637 1322 omnia
656 1269 889 1339 praemonendum
903 1273 953 1335 est,
972 1269 1001 1323 in
1015 1269 1041 1322 S.
1055 1270 1086 1325 0.
1099 1268 1217 1323 Concilii
1236 1267 1344 1322 nullum
1364 1267 1441 1322 aliud
1455 1287 1503 1322 ar·

319 1383 479 1446 gumantum
500 1381 556 1430 tam
575 1379 748 1448 frequentem
767 1377 915 1430 actitatum
940 1393 1014 1444 esse,
1034 1381 1064 1432 et
1082 1377 1111 1430 in
1129 1377 1188 1430 dies
1207 1375 1333 1441 actitari,
1359 1393 1445 1446 quarn
1465 1375 1501 1430 de

318 1485 478 1540 reductione
497 1501 611 1539 onerum
632 1483 752 1554 piorum,
771 1500 804 1536 ac
823 1485 987 1538 nominatim
1006 1483 1188 1539 celebrationi
1208 1483 1362 1537 missarum.
1385 1483 1498 1554 ltaque,

318 1598 348 1647 at
365 1593 506 1648 ordinario
525 1593 564 1655 fit
585 1591 736 1646 nonnullae
755 1593 938 1666 praestitutae
957 1609 990 1646 ac
1009 1593 1136 1646 firmatae
1154 1597 1220 1646 sunt
1238 1592 1361 1662 regulae,
1380 1609 1456 1664 quiae
1469 1594 1498 1646 iu

318 1703 473 1758 huiusmodi
501 1703 707 1758 reductionibus
725 1701 894 1771 elargiendis
911 1705 1097 1756 servarentur.
1117 1701 1266 1755 Enimvero
1291 1700 1436 1770 potissima
1456 1717 1500 1756 re·

317 1813 384 1882 gula
408 1830 442 1868 ea
466 1817 521 1876 est,
541 1815 572 1865 ut
592 1810 768 1879 inspiciatur,
793 1825 829 1862 an
848 1806 947 1863 haeres
967 1807 1114 1862 Missurum
1133 1823 1217 1862 onere
1240 1813 1373 1875 gravatus
1392 1806 1425 1860 de
1446 1822 1499 1860 suo

317 1922 446 1992 supplere
465 1925 594 1976 teneatur
614 1919 640 1973 in
661 1937 735 1984 casu,
755 1935 809 1989 quo
827 1918 904 1972 fundi
924 1935 985 1973 eam
999 1919 1026 1971 in
1047 1935 1159 1971 caussam
1178 1917 1270 1972 relicti
1289 1916 1334 1971 vel
1353 1916 1497 1969 imminuti

317 2033 362 2086 vel
381 2032 493 2086 omnino
512 2031 644 2100 deperditi
665 2029 777 2094 fuerint,
796 2045 833 2082 an
849 2045 915 2084 vero
927 2029 995 2082 satis
1008 2028 1046 2082 sit
1059 2044 1106 2081 eos
1118 2028 1217 2082 fundos
1230 2028 1315 2082 semel
1329 2028 1497 2096 assignasse,

317 2143 349 2192 ut
367 2140 429 2208 quis
447 2137 521 2192 omni
541 2137 713 2206 obligatione
727 2136 835 2190 solutus
847 2137 937 2189 abeat.
958 2135 1033 2196 Quod
1054 2139 1086 2188 ut
1103 2135 1214 2188 facilius
1233 2135 1377 2190 diiudicari
1398 2137 1496 2205 possit.

318 2245 515 2317 exquirendum
536 2250 586 2303 est.
608 2263 642 2298 an
662 2243 737 2299 fundi
752 2247 875 2298 insertio
888 2243 933 2300 vel
946 2245 1163 2300 demonstrativo
1176 2243 1257 2298 modo
1270 2243 1361 2298 relicti
1374 2245 1496 2306 fuerint;

318 2355 345 2408 in
366 2355 455 2424 primo
474 2355 608 2424 siqnidem
628 2371 693 2408 casu
713 2352 826 2406 omnino
844 2351 980 2408 liberatur
993 2352 1133 2408 haeresin
1146 2369 1227 2406 omne
1247 2355 1365 2422 tempus,
1380 2353 1495 2406 minime

316 2464 429 2518 veroin
450 2464 577 2518 secundo.

406 2571 431 2624 9.
451 2573 489 2623 At
508 2587 609 2638 magna
628 2571 817 2624 controversia
836 2570 992 2635 suboritur,
1018 2572 1128 2640 oriundo
1152 2572 1277 2640 legatum
1304 2571 1443 2634 laxativo,
1467 2577 1496 2626 et

317 2676 426 2745 quando
444 2674 661 2729 demonstrative
678 2675 808 2729 relictum
828 2676 912 2729 titisse
930 2675 1074 2729 dicendum
1093 2676 1138 2728 sit.
1158 2675 1188 2729 ln
1207 2692 1262 2745 quo
1275 2691 1364 2729 canon
1377 2673 1423 2729 hic
1435 2679 1496 2728 sta·

316 2785 394 2836 lutus
413 2785 469 2846 est,
489 2787 519 2836 ut
539 2781 664 2850 legatum
689 2783 777 2836 veluti
805 2784 928 2837 laxativo
948 2783 1076 2837 relictum
1094 2782 1231 2837 habeatur
1250 2815 1266 2824 -
1284 2787 1310 2836 si
1326 2785 1498 2854 {laudatores

317 2889 420 2954 (verbis
438 2892 501 2942 utor
514 2887 655 2943 ciriusdam
672 2889 864 2942 instructionis
881 2906 899 2942 a
918 2889 944 2942 S.
963 2890 1049 2959 Cong.
1070 2890 1212 2959 Episcopis
1232 2889 1410 2944 transmissae
1429 2895 1460 2943 et
1478 2907 1495 2942 a

317 2994 416 3048 Bened.
430 2993 505 3058 XIV,
520 2993 558 3047 De
578 2993 678 3064 Synod.
698 2993 813 3048 dioeces.
833 2993 881 3048 lib.
898 2993 939 3059 13,
959 3011 1018 3063 cap.
1039 2994 1138 3060 ultim,
1157 3012 1230 3048 num.
1244 2994 1280 3048 32
1292 2993 1410 3060 relatae)
1422 3007 1440 3049 t
1452 2992 1495 3048 le·

315 3101 437 3170 <gando
456 3105 505 3154 aul
523 3100 617 3170 aliquo
636 3101 715 3154 modo
734 3101 917 3169 disponendo,
942 3103 1096 3156 orationem
1121 3119 1169 3157 seu
1189 3101 1397 3170 dispositionem
1417 3101 1495 3170 prius

315 3206 537 3262 «inchoaverint
551 3210 584 3261 ab
599 3208 786 3276 assignatione
799 3209 885 3275 scindi,
900 3213 928 3263 et
941 3210 1056 3265 subinde
1069 3209 1217 3262 Missurum
1230 3225 1300 3262 onus
1313 3207 1493 3262 adiecerint...

315 3329 425 3371 «secus
443 3333 518 3382 vero,
538 3317 559 3368 si
578 3317 739 3371 fundatores
753 3285 912 3371 hrationem
932 3335 979 3371 seu
999 3317 1207 3386 dispositionem
1226 3317 1381 3385 inceperint
1394 3318 1430 3370 ab
1442 3316 1495 3370 im·

315 3436 333 3477 t(
346 3422 482 3492 positione
501 3424 601 3490 operis,
615 3427 644 3477 et
656 3423 771 3478 subinde
784 3423 899 3477 fundum
912 3424 1126 3494 assignaverint,
1139 3429 1206 3478 tunc
1219 3424 1292 3479 enim
1308 3439 1378 3477 onus
1390 3422 1494 3476 dicitur

315 3530 561 3585 «demonstrative
580 3536 753 3600 conceptum,
772 3549 804 3585 ac
822 3531 999 3584 fundatorum
1018 3529 1152 3586 haeredes
1170 3547 1219 3599 per
1238 3529 1330 3598 Ampl.
1343 3529 1432 3583 Tuam
1447 3545 1494 3582 co·

315 3637 427 3707 «gandi
446 3637 561 3690 suntad
583 3641 743 3707 perpetuam
763 3639 829 3693 dieti
848 3639 941 3693 oneris
954 3639 1203 3702 marrirtentionem,
1216 3641 1245 3692 et
1258 3637 1291 3690 ad
1310 3635 1493 3706 supplendam

314 3755 480 3798 «summam
498 3744 673 3799 deficientem
694 3749 750 3800 tam
770 3763 820 3816 pro
839 3746 992 3815 praeterito
1010 3764 1093 3816 quam
1112 3761 1161 3815 pro
1180 3747 1275 3799 futuro
1287 3760 1312 3801 a.

404 3851 487 3906 Ratio
507 3852 604 3906 exinde
623 3859 747 3922 apparet,
766 3870 815 3906 cur
835 3853 863 3906 in
883 3852 985 3921 legatis
998 3851 1214 3906 demonstrative
1227 3850 1333 3906 relictis
1346 3850 1447 3906 haeres
1458 3850 1495 3904 de

314 3977 363 4016 suo
382 3961 511 4031 supplere
530 3966 668 4027 teneatur,
688 3980 766 4016 secus
784 3979 851 4017 vero
870 3963 915 4028 sit,
935 3964 957 4017 si
977 3963 1102 4032 legatum
1122 3963 1245 4016 laxative
1264 3962 1370 4014 factum
1392 3960 1494 4023 fuerit3

316 4085 379 4121 nam
398 4083 467 4120 onus
485 4067 573 4136 legati
592 4067 759 4136 adimplendi
779 4067 906 4122 inhaeret
931 4083 1065 4136 personae
1086 4066 1214 4122 haeredis
1232 4066 1326 4134 ipsius,
1346 4079 1419 4134 quae
1437 4079 1494 4116 non

316 4170 417 4236 deficit,
436 4172 544 4226 etiamsi
564 4187 608 4226 res
627 4170 799 4225 haereditate
818 4175 934 4241 accepta
953 4170 1077 4224 deficiat:
1090 4173 1121 4223 at
1133 4185 1199 4224 vero
1211 4169 1239 4222 iu
1252 4169 1355 4238 legatis
1368 4169 1494 4223 taxatiue

317 4276 422 4330 relictis
447 4292 516 4330 onus
540 4275 691 4330 illiusmodi
709 4275 793 4330 fundo
819 4275 936 4331 infixum
954 4279 1011 4341 ost3
1030 4276 1053 4328 si
1072 4276 1159 4344 igitur
1177 4275 1277 4328 fundus
1295 4275 1352 4327 iam
1372 4271 1493 4328 traditus

316 4377 456 4445 defecerit,
475 4378 569 4434 deficit
588 4377 671 4432 eliam
691 4393 760 4432 onus
778 4377 867 4432 eidem
885 4377 969 4432 fundo
988 4375 1144 4432 inhaerens.
