3292 5109
482 306 527 352 nr
550 304 691 354 runicus
715 306 983 355 scenssmsrrcrs
1281 283 1328 352 67

142 426 228 493 iliud
250 425 344 511 qaod
365 426 478 513 mapis
500 446 693 514 oonpruum
715 426 779 494 ribi
800 428 938 495 videtne·
952 448 984 505 »;
1006 429 1051 494 ita
1074 429 1121 494 De
1138 428 1234 503 Luca,
1253 428 1275 495 t.
1293 448 1325 495 c.

140 567 174 613 n.
199 547 258 615 37.
285 586 304 599 -
329 548 483 624 Quemvis
504 570 584 616 vero
608 549 756 617 Auditori
782 552 920 619 Ponenti
952 551 1003 617 fas
1033 570 1098 617 non
1125 553 1169 618 sit
1194 548 1326 616 dubium

143 670 345 738 concordare
364 674 399 737 in
423 671 582 738 discordia
596 674 747 759 partium,
766 679 876 739 tamen
899 672 1029 740 dubium
1050 674 1248 759 propositum
1271 690 1326 758 po-

140 801 203 863 test
226 800 305 883 ipse,
330 800 388 865 etsi
409 800 515 865 altera
535 820 612 885 pars
635 799 718 867 idem
743 805 940 885 acceptaret
965 819 1013 867 ex
1035 800 1144 885 officio
1168 816 1327 885 respuere

141 922 191 986 rel
215 924 396 1007 corrigere,
412 923 439 987 si
463 924 568 988 minus
591 922 759 989 conforme
775 925 953 1007 quaestioni
976 922 1064 990 iuris
1090 929 1123 989 et
1142 922 1227 1006 sacti
1245 920 1325 987 illud

140 1044 331 1129 perspiciat,
356 1063 399 1109 ne
428 1044 465 1109 in
492 1044 595 1111 dubio
625 1044 755 1111 fallacia
785 1050 842 1111 aut
873 1065 969 1111 error
998 1044 1161 1131 subrepat.
1187 1043 1325 1109 Dubium

140 1168 302 1233 concinna
318 1172 351 1233 et
370 1168 501 1235 concisa
515 1169 690 1235 verborum
713 1170 855 1235 formula
878 1174 1069 1255 conceptum
1092 1169 1204 1255 plures
1226 1168 1325 1234 etiam

140 1292 311 1357 continere
334 1290 422 1355 valet
452 1292 671 1375 quaestiones;
695 1310 778 1376 quae
810 1311 874 1356 non
905 1290 1014 1357 solent
1035 1290 1138 1357 scindi
1170 1293 1202 1355 in
1231 1290 1327 1377 plura

141 1415 236 1480 dubia
260 1414 387 1501 qnando
403 1435 468 1481 uno
484 1416 644 1482 cumulari
668 1417 779 1483 valent
794 1417 853 1504 (l).
878 1415 1022 1482 Proinde
1037 1420 1204 1503 responsio
1228 1420 1326 1487 etiam

142 1559 204 1603 uno
228 1538 332 1604 verbo
355 1538 431 1604 dein
455 1540 658 1625 exprimitur,
679 1553 795 1625 nempe
818 1538 976 1605 vocabulo
1000 1539 1165 1626 Nepuiive
1188 1544 1245 1606 aut
1266 1542 1327 1626 As-

140 1662 332 1748 firmatio&
355 1666 388 1729 et
408 1664 561 1731 tractatio
585 1664 807 1747 quaestionum
831 1669 881 1731 est
907 1663 1053 1740 brevior;
1077 1665 1194 1749 quippe
1216 1666 1326 1731 multi-

142 1792 268 1877 plicatis
290 1789 394 1856 dubiis
418 1808 497 1854 ansa
519 1789 685 1855 advocatis
709 1788 886 1876 praebetur
909 1792 943 1854 in
961 1790 1091 1876 longius
1113 1792 1325 1877 protrahendi

142 1914 373 1999 quaestionem.

233 2038 286 2102 69.
312 2034 448 2111 Quando
471 2055 569 2101 causa
591 2038 700 2123 agitur
716 2038 748 2101 in
766 2038 871 2123 prima
893 2038 1054 2110 instantia,
1072 2037 1159 2103 dubii
1181 2038 1325 2105 formula

135 2158 321 2229 'desumitur
345 2184 388 2229 ex
411 2168 529 2230 natura
552 2164 599 2229 rei
629 2168 879 2240 controversam
910 2163 1038 2249 quando
1063 2184 1142 2229 vero
1165 2170 1327 2231 tractatur

142 2289 176 2350 in
195 2285 299 2372 gradu
323 2286 548 2372 appellationis
570 2306 630 2373 pro
653 2285 739 2373 stylo
756 2286 878 2360 curiae,
901 2285 1002 2351 veluti
1026 2284 1220 2351 observatur
1241 2285 1326 2371 apud

144 2408 174 2475 S.
191 2410 294 2495 cong.
307 2408 451 2481 Consilii,
465 2408 550 2474 dubii
570 2408 711 2473 formula
728 2426 800 2473 esse
815 2408 898 2472 solet
913 2408 1107 2483 eommunis;
1123 2426 1255 2494 nempe:
1268 2409 1326 2473 Aa

143 2530 307 2597 sententia
330 2529 447 2597 maiae
469 2534 530 2595 aut
553 2528 733 2595 mennatis
756 2527 800 2593 Ν.
823 2528 867 2594 sit
894 2528 1134 2614 confimondo
1156 2530 1209 2595 oet
1231 2529 1326 2614 infla

143 2655 273 2721 mando
288 2656 325 2720 irs
341 2674 433 2721 casu.
459 2690 477 2703 -
502 2656 547 2721 At
564 2656 647 2719 Rota
661 2656 725 2720 iam
741 2652 866 2739 pridem
882 2653 976 2719 solita
990 2653 1053 2719 fuit
1067 2654 1153 2719 hanc
1168 2652 1326 2721 adhibere

142 2778 326 2853 formulam,
340 2798 436 2862 quum
460 2777 678 2873 appellatura
693 2795 751 2841 sua
767 2778 928 2842 sententia
944 2775 995 2861 (eo
1010 2775 1104 2841 modo
1120 2796 1218 2860 quem,
1238 2776 1327 2842 inira

143 2901 400 2987 explicabimus):
423 2921 519 2986 quom
535 2920 615 2967 vero
638 2919 659 2965 a
682 2902 844 2967 sententia
865 2900 1001 2967 alterius
1024 2898 1195 2965 tribunalis
1218 2899 1327 2985 appel·

144 3024 218 3089 latio
241 3022 288 3095 flt,
312 3029 390 3089 tunc
413 3028 588 3110 appositam
615 3024 843 3110 expostulata
866 3023 1012 3109 partibus
1035 3022 1123 3088 dubii
1147 3023 1326 3089 concorda-

144 3150 280 3229 tionem,
308 3147 350 3213 ad
381 3146 547 3213 evitandas
581 3149 793 3232 quaestiones.
818 3166 900 3231 quae
936 3148 1124 3213 excitantur
1147 3146 1187 3211 de
1210 3147 1324 3213 valore

144 3274 323 3339 sententiae
352 3270 526 3355 aliquando
557 3268 796 3337 confirmandae
819 3269 905 3354 quod
927 3270 975 3336 ad
997 3268 1158 3335 meritum
1180 3268 1246 3334 litis
1269 3268 1326 3335 sed
1455 3316 1458 3323 .

143 3395 253 3460 forsan
282 3393 495 3462 infirmandae
526 3392 566 3459 ob
594 3394 757 3459 deiectum
788 3411 959 3477 processus
989 3390 1160 3458 iudicialis.
1187 3391 1326 3457 -Hanc

145 3522 270 3605 praxim
295 3517 500 3585 confirmarit
522 3519 575 3585 cit.
597 3516 676 3584 (lod.
693 3518 792 3601 Greg.
809 3516 894 3582 XVI
918 3518 1123 3603 praecipiens
1138 3520 1203 3581 art.
1219 3516 1326 3583 1029:

147 3644 367 3711 «Formosae
388 3642 426 3707 in
447 3640 626 3707 Tribuoali
649 3639 684 3706 S.
701 3638 809 3706 Rotae
828 3640 1081 3722 proponendae
1104 3640 1327 3706 desumeretur

145 3770 369 3854 expetitione
400 3768 565 3852 supplicis
588 3766 691 3833 libelii
725 3766 868 3833 admissi
903 3766 999 3850 apud
1033 3766 1163 3833 iudices
1193 3766 1326 3849 prioris

143 3896 284 3981 madar.
307 3894 455 3960 Tantum
470 3893 507 3958 in
523 3891 635 3959 causis
650 3892 746 3974 apud
765 3890 921 3957 eumdem
937 3890 1064 3958 Rotam
1079 3892 1227 3978 definiere
1243 3912 1327 3976 pro·

232 4090 272 4159 (l)
292 4088 332 4144 De
346 4088 429 4155 Luca,
451 4088 469 4141 l.
483 4106 506 4142 o.
526 4090 654 4155 testatur,
674 4085 743 4140 olim
761 4086 790 4139 in
809 4085 883 4139 Rota
902 4100 1008 4139 morem
1026 4085 1178 4141 invaluisse
1197 4090 1241 4141 tot
1259 4102 1327 4156 pro·

146 4197 262 4265 ponendi
280 4196 365 4251 dubia
382 4200 451 4267 quot
469 4196 499 4249 in
517 4212 602 4250 causa
619 4194 836 4249 continebantur
850 4193 977 4248 diversae
993 4197 1022 4247 et
1041 4192 1115 4248 inter
1134 4210 1164 4249 se
1183 4210 1326 4250 connexae

146 4304 335 4373 quaestionem
352 4302 400 4359 sed
413 4301 512 4360 exinde
529 4302 614 4358 nimis
631 4302 769 4373 implicari
789 4300 877 4370 litem,
891 4304 921 4355 et
939 4299 1005 4355 hinc
1018 4300 1105 4355 alium
1119 4300 1227 4373 stylum
1239 4302 1326 4357 fuisse

148 4408 293 4465 invectum.
