3292 5109
504 329 548 374 DE
573 328 711 375 tumens
734 326 1000 376 Eceunsmsrtcls

638 664 818 731 TITULUS
850 666 892 730 X.

334 930 377 977 DE
401 929 524 978 cuulan
548 929 692 977 curicus
716 929 804 985 QUAE
828 932 873 978 AD
897 931 1026 979 CURIAM
1051 931 1198 979 aalma

562 1055 758 1102 PERTINERE
783 1055 967 1104 DICUNTUR.

172 1280 392 1337 Summarinm.
412 1310 445 1322 -
464 1282 526 1335 230.
545 1282 605 1343 Qua
624 1282 732 1337 ratione
746 1281 815 1337 haec
829 1282 926 1336 Officia
939 1284 1098 1352 pertineant
1111 1282 1146 1336 ad
1158 1283 1270 1337 Curiam
1283 1283 1355 1337 Gra-

266 1390 330 1455 tiae,
345 1394 373 1443 et
385 1405 419 1444 ex
432 1386 476 1443 his
489 1388 624 1443 nonnulla
640 1380 792 1443 tribunalia
812 1389 922 1459 gratiae
940 1391 1083 1460 appellata
1101 1392 1167 1444 sint.
1187 1419 1220 1431 -
1239 1390 1300 1444 231.
1316 1391 1354 1447 De

265 1496 422 1551 Officiorum
436 1500 579 1553 naturast
592 1514 716 1563 munera,
728 1498 758 1551 in
771 1514 884 1567 genere.
898 1498 1012 1552 -232
1026 1498 1066 1553 De
1079 1498 1236 1553 Secreturia
1249 1498 1354 1563 Status,

266 1604 380 1674 eiusque
398 1620 513 1658 munere
533 1607 561 1658 et
578 1606 786 1661 constitutione.
807 1634 840 1646 -
860 1602 921 1658 233.
940 1604 981 1659 De
999 1604 1156 1660 Secretaria
1173 1624 1191 1658 a
1202 1607 1354 1659 ertemariu-

267 1710 339 1764 libus
350 1709 434 1765 dicta.
451 1739 484 1751 -
501 1709 562 1763 234.
578 1710 615 1765 De
629 1710 786 1765 Secretaria
798 1728 816 1763 a
828 1712 965 1765 Brevitas
974 1712 1125 1781 pqntr'ficits
1138 1716 1305 1780 nuncupata.

265 1944 341 2009 230.
366 1946 436 2009 lam
464 1946 587 2031 egimus
611 1944 650 2009 de
673 1944 888 2009 tribunalibus
911 1946 1043 2030 proprie
1066 1945 1158 2009 dictis
1182 1946 1278 2011 etde
1301 1946 1353 2012 Sa-

175 2069 242 2131 cris
266 2066 585 2153 congregationibus,
611 2068 812 2154 explicantes
836 2069 954 2134 harum
977 2072 1224 2154 competentiam
1256 2075 1289 2135 et
1318 2090 1354 2133 a·

176 2190 271 2279 gandi
297 2194 454 2257 rationem
479 2194 517 2258 iis
541 2214 667 2277 quoque
691 2196 723 2259 in
748 2196 884 2279 negotiis
912 2214 994 2277 qnae
1017 2199 1122 2265 antea,
1147 2194 1298 2260 videlicet
1322 2197 1353 2259 in

175 2317 283 2399 quieto
313 2337 422 2383 rerum
453 2318 654 2402 publicarum
687 2325 772 2384 statu
800 2319 1058 2385 atribunalibus
1089 2320 1352 2403 expediebantur.

177 2441 273 2506 Modo
298 2442 457 2528 agendum
482 2447 531 2506 est
553 2443 593 2507 de
617 2442 750 2525 Officiis,
771 2442 827 2527 (cf.
845 2465 875 2508 n.
896 2444 949 2527 lt)
972 2464 1107 2529 quorum
1131 2446 1286 2509 nonnulla
1308 2468 1353 2513 sc.

176 2566 441 2633 Poenitentiaria.
460 2566 663 2632 Cancellaria
679 2574 712 2633 et
727 2568 860 2633 Dataria
875 2569 1031 2654 appellari
1048 2569 1152 2633 solent
1168 2569 1354 2635 tribunalia

174 2690 331 2775 qratiue;
353 2696 387 2754 at
411 2690 471 2753 ista
495 2691 601 2755 omnia
628 2710 688 2755 nos
719 2690 1021 2777 comprehendimus
1053 2694 1210 2756 communi
1243 2693 1354 2776 appel-

175 2813 295 2877 latione
322 2812 526 2898 Officiorum.
551 2815 604 2879 Ex
627 2814 678 2879 his
704 2812 827 2880 Officiis
851 2834 934 2905 uero
958 2816 1113 2879 nonnulla
1135 2816 1270 2901 qratiue
1293 2816 1353 2879 tri-

175 2939 317 3005 bunalia
352 2943 486 3023 possunt
518 2938 675 3023 appellari
708 2944 740 3003 et
769 2940 888 3023 passim
922 2939 1137 3023 appellantur,
1162 2941 1352 3023 praesertim

174 3064 258 3147 apud
281 3064 480 3146 antiquiores
504 3064 689 3147 scriptores,
707 3064 781 3147 quia
805 3066 838 3127 in
863 3064 934 3127 istis
955 3064 1156 3146 frequentius
1179 3068 1355 3127 exercetur

176 3185 353 3251 iurisdictio
377 3187 572 3253 uoluntaria
595 3205 692 3270 quae,
717 3187 959 3271 utplurimum,
984 3188 1054 3250 sine
1077 3186 1185 3270 aliqua
1209 3187 1353 3250 extraiu·

174 3310 281 3375 diciali
305 3312 510 3395 inquisitione
534 3312 694 3396 interponi
718 3333 782 3377 non
807 3313 898 3377 solet.
923 3313 1050 3376 Verum
1068 3312 1352 3377 Paenitentiariam

175 3432 258 3514 quod
282 3438 416 3518 spectat,
440 3434 522 3497 haec
545 3432 746 3517 frequentius
778 3433 987 3519 distinguitur
1009 3434 1224 3520 appellatione
1248 3434 1358 3527 trabat--

175 3553 265 3620 aulis
287 3556 421 3641 qratiae
448 3558 592 3640 quamvis
616 3557 713 3622 hodie
737 3558 867 3642 praesit,
891 3577 934 3621 ex
958 3559 1101 3622 instituto
1124 3576 1193 3628 suo,
1218 3558 1354 3641 negotiis

175 3689 299 3750 tantum
323 3686 385 3750 sori
413 3686 543 3749 interni.
576 3684 736 3768 Siquidem
762 3706 800 3750 ea
825 3687 949 3750 ratione
974 3705 1036 3769 qua
1059 3684 1283 3751 confessarius
1307 3684 1354 3748 di·

176 3814 260 3877 citur
283 3818 392 3898 partes
421 3813 554 3897 explere
578 3812 700 3878 iudicis
728 3814 759 3876 in
785 3812 949 3878 tribunati
971 3812 1216 3895 poenitenliae,
1242 3812 1353 3877 eadem

175 3934 216 4000 de
239 3956 337 4001 cansa
360 3934 502 4000 tribunal
524 3935 707 4020 appellatur
731 3934 881 4001 Officium
905 3935 1188 4001 Paenitentiariae.

264 4059 341 4125 231.
367 4060 433 4124 Pro
457 4060 600 4125 instituto
625 4065 745 4132 nostro,
770 4080 886 4146 nempe
911 4059 1095 4144 explicandi
1119 4059 1353 4125 ordinationem

173 4188 287 4253 curiae
311 4208 464 4253 romanae
495 4186 783 4273 praetermittenda
815 4186 906 4252 nobis
934 4206 999 4251 non
1030 4193 1102 4251 erat
1134 4190 1283 4253 tractatio
1315 4187 1375 4275 de·

174 4308 299 4377 Officiis
323 4310 444 4375 curiae.
474 4310 564 4375 Haec
589 4311 674 4374 enim
699 4311 751 4374 vel
775 4315 934 4375 exercent
957 4308 1210 4375 iurisdictionem
1238 4310 1354 4374 volun-

171 4434 302 4505 tariam,
326 4432 379 4497 vel
403 4436 477 4497 acta
499 4431 719 4499 tantummodo
743 4437 949 4516 exequuntur
965 4436 997 4496 et
1016 4432 1193 4517 expediunt
1216 4432 1352 4496 Romani
