3292 5109
484 284 528 330 nn
553 283 692 331 inmens
716 282 984 331 nccnrsmsricis
1272 264 1339 330 219

151 405 282 473 Verum
305 405 498 473 deturbandi
522 426 586 471 non
610 412 706 473 erant
726 403 897 492 apaciflca
919 407 1025 473 cultus
1047 408 1259 493 possessione,
1284 407 1338 491 qui

150 546 317 613 ea‘preaae
347 534 407 595 aat
436 528 706 615 aequipollenter
739 530 837 595 talem
869 530 1049 595 sanctitatis
1084 530 1339 616 recognitionem

149 648 194 715 ab
212 650 362 717 Ecclesia
385 651 447 717 iam
471 651 694 729 obtinuerant;
719 652 855 739 proinde
870 652 954 717 idem
973 652 1126 718 Pontifex
1148 651 1338 718 declaravit:

154 794 175 836 ‹
193 772 365 841 Nolumus
388 794 491 862 apere
506 776 549 843 de
565 774 617 843 his
635 794 704 859 pro
721 774 845 861 quibas
864 773 1031 842 labantur
1045 774 1236 859 diplomata
1252 775 1339 843 Poa-

151 898 285 985 tifirum
306 901 611 984 praedecessorum
634 906 833 967 corbaram
856 918 967 985 nepae
983 901 1026 968 cte
1039 900 1107 967 iilis
1126 901 1187 985 qai
1208 899 1252 966 ab
1273 899 1339 965 im-

150 1024 371 1093 memorabili
387 1032 538 1109 Iempore
551 1030 589 1091 at
604 1024 703 1093 Beati
722 1026 893 1102 colantur,
910 1026 971 1093 sed
985 1027 1029 1093 de
1050 1023 1294 1093 recentioribus
1308 1028 1340 1090 et

151 1149 241 1235 quid
262 1150 301 1215 ia
317 1156 496 1235 posteram
519 1151 834 1217 amandarent».
851 1149 901 1218 Ut.
919 1150 1040 1217 Bened.
1057 1151 1141 1216 XIV
1155 1152 1189 1215 in
1205 1169 1256 1235 op.
1273 1150 1338 1223 cic,

152 1274 212 1342 lab.
222 1275 272 1351 II,
285 1295 360 1360 cap.
377 1276 431 1353 12,
447 1297 483 1343 a.
496 1278 523 1342 1.
545 1277 708 1353 Quocirca
723 1278 757 1343 in
772 1278 909 1345 notoria
925 1277 1105 1345 eatbteatia
1120 1277 1254 1342 istorum
1268 1276 1340 1341 titu-

150 1398 263 1465 lorum
283 1400 380 1465 etiam
395 1406 467 1486 post
489 1401 623 1467 decreta
639 1400 761 1469 Urbani
778 1402 864 1467 VIII
888 1400 1011 1467 nullum
1032 1400 1168 1485 amptius
1182 1399 1341 1486 processit

152 1522 322 1589 decretum
340 1524 566 1610 permissivum
583 1524 689 1590 cultus
702 1523 818 1589 horum
832 1521 1036 1599 Sanctorum
1047 1542 1131 1589 aam
1145 1522 1183 1587 ia
1197 1521 1341 1590 notoriis

151 1650 255 1715 auita
267 1650 439 1733 probatio.
458 1648 520 1716 Sed
538 1649 665 1733 quando
681 1668 746 1713 non
763 1653 891 1714 constet
905 1648 947 1715 de
961 1648 1103 1715 notatas
1119 1647 1223 1714 titulis
1235 1648 1341 1713 cirltus

153 1774 295 1841 exhibiIi
317 1774 413 1841 alicui
436 1778 505 1841 sive
529 1774 624 1842 beato
649 1775 716 1842 sive
740 1778 863 1848 sancta
886 1778 964 1838 tuno
987 1774 1021 1837 in
1045 1773 1259 1839 obedientiam
1283 1772 1339 1840 de-

153 1905 323 1966 cretorum
347 1901 469 1968 Urbani
493 1901 576 1969 VIII
602 1902 746 1987 oportuit
769 1905 802 1967 et
825 1905 954 1986 oportet
976 1899 1117 1986 probare
1141 1900 1261 1966 cultum
1285 1901 1341 1964 im·

153 2028 399 2094 memorabilem
425 2030 478 2093 vel
502 2028 632 2097 aliunde
662 2030 784 2096 cultum
808 2028 953 2113 legitime
974 2048 1070 2093 servo
1095 2028 1152 2092 Ilei
1174 2029 1339 2094 tributum.

155 2152 222 2219 Hic
242 2150 438 2237 procedendi
462 2152 585 2221 modas
605 2156 653 2217 est
668 2150 972 2219 eatraordiaoriac
988 2158 1021 2215 et
1034 2152 1112 2217 hinc
1135 2152 1254 2217 dicitur
1269 2174 1340 2239 pro-

155 2296 269 2343 cessus
291 2296 391 2361 super
414 2296 496 2344 casa
520 2282 762 2361 acceptarum
787 2277 901 2343 modus
916 2276 1116 2345 ordinarias
1134 2285 1184 2344 est
1206 2285 1241 2345 ut
1263 2300 1340 2365 pro-

155 2400 295 2467 cedatur
318 2400 360 2467 ad
382 2402 606 2488 postulandum
636 2403 756 2469 cultum
782 2400 1034 2469 Beatificationis
1065 2409 1099 2468 et
1125 2405 1275 2471 Canoniz.
1300 2404 1341 2468 rb

156 2526 326 2613 probatam
352 2527 445 2593 Servi
469 2530 528 2593 Dei
552 2528 769 2597 Sanctitatem.

252 2653 327 2718 184.
353 2652 462 2727 Quare
482 2652 593 2719 modus
614 2651 811 2738 procedendi
828 2652 1012 2718 ordinarius
1035 2651 1157 2717 obtinet
1173 2672 1233 2737 per
1247 2652 1340 2717 aiam

155 2802 229 2848 noa
253 2782 374 2849 cultas.
398 2816 416 2829 -
443 2781 507 2845 Iste
531 2798 701 2864 processus
725 2780 927 2844 instauratur
947 2780 1084 2864 primum
1101 2776 1141 2841 ab
1158 2776 1341 2844 Ordinariis

156 2902 323 2973 locorum,
350 2902 403 2985 qui
427 2900 466 2967 ad
500 2901 684 2966 instantIam
719 2900 927 2987 postulantis,
952 2898 1113 2965 introduci
1143 2920 1164 2964 a
1198 2899 1228 2965 S.
1258 2898 1341 2965 Sede
1426 2905 1430 2915 '

158 3041 289 3089 causam
316 3021 577 3091 Beatiflcationis.
602 3024 797 3089 auctoritate
820 3042 889 3095 sna,
914 3022 1097 3105 inquirunt.
1123 3019 1236 3085 ordine
1259 3020 1341 3085 iudi·

158 3144 249 3219 cIali,
275 3166 317 3211 an
341 3147 374 3210 in
399 3147 514 3232 populo
538 3146 689 3212 foveatur
712 3146 798 3211 tama
818 3146 1004 3212 Sanctitatis
1027 3147 1114 3209 servi
1139 3145 1205 3209 Dei.

249 3268 330 3335 Nam
353 3288 472 3334 causae
498 3267 676 3334 huiusmodi
703 3269 762 3333 etsi
784 3268 934 3335 maiores
957 3269 1036 3343 sint,
1059 3288 1118 3331 seu
1141 3264 1342 3331 definiendae

155 3392 325 3476 privative
348 3412 369 3457 a
392 3392 513 3459 Sancta
536 3393 636 3475 Sede,
661 3393 871 3459 nihilominus
893 3394 934 3459 de
964 3394 1015 3458 his
1046 3413 1088 3457 ne
1111 3392 1340 3458 discussionem

160 3518 287 3604 quidem
320 3520 495 3585 instaurari
526 3521 630 3590 valet,
663 3520 724 3585 nisi
757 3518 924 3587 Ordinarii
956 3520 1100 3586 locorum
1131 3520 1278 3585 referant
1300 3492 1342 3587 de

159 3640 320 3708 adiunctis
343 3642 514 3707 tactorum.
541 3677 559 3691 ·
586 3643 725 3707 Decreta
749 3640 873 3709 Urbani
888 3642 984 3714 VIII,
1006 3661 1088 3725 quae
1111 3639 1152 3705 ab
1175 3642 1342 3728 Episcopis

159 3769 366 3855 expostulant
389 3768 478 3833 hunc
494 3769 659 3854 praevium
678 3786 864 3853 processum
880 3765 1150 3849 informationem,
1167 3767 1342 3849 exqutrnnt

159 3894 257 3959 ctiam
281 3896 317 3956 ut
339 3890 489 3977 Episcopi
514 3890 642 3957 reterre
666 3889 804 3958 debeant
827 3890 870 3955 de
891 3907 963 3955 aaa
986 3891 1078 3955 calta
1102 3888 1263 3955 hactenus
1285 3908 1341 3957 ecc-

159 4012 261 4081 tu'bito
293 4013 370 4078 huto
401 4013 459 4077 Dei
483 4032 588 4078 servo.
622 4012 784 4097 Siquidem
814 4013 1000 4097 superstitio
1023 4012 1076 4077 vel
1099 4010 1237 4077 studium
1265 4031 1340 4094 par·

158 4139 254 4211 tium,
283 4138 476 4223 praesertim
499 4141 579 4203 tunc
601 4136 755 4219 temporis
779 4134 907 4218 quando
930 4135 1062 4219 spiritus
1086 4132 1341 4198 Reformationis

157 4282 225 4329 non
245 4282 364 4348 paucos
380 4263 413 4325 in
430 4280 578 4327 errorem
602 4259 793 4335 adduxerat,
813 4280 878 4324 non
895 4280 972 4325 raro
996 4256 1106 4324 effecit
1121 4265 1156 4324 ut
1180 4261 1340 4326 immerito

157 4384 212 4451 vel
235 4384 416 4451 sanctitatis
440 4382 527 4448 fama
557 4383 760 4449 excitaretur
783 4382 836 4448 vel
867 4382 971 4450 cultus
1001 4381 1097 4446 alicui
1121 4380 1340 4459 tribueretur;
