3292 5109
520 285 564 331 ns
589 284 727 332 lumcus
751 244 1017 331 sconesmsrrcis
1291 264 1357 329 379

182 405 433 483 Cordiuulium,
461 409 522 495 qui
550 409 713 493 Episcopi
744 408 980 475 Suburbicurii
1006 406 1204 491 nuncupari
1231 409 1356 473 soleut:

177 528 271 593 Nutu
286 529 356 594 siue
378 530 604 613 Episcopatus
619 530 675 596 isti
699 529 890 596 habeantur
900 548 969 612 pro
989 528 1153 595 distinctis
1168 534 1200 593 et
1215 528 1358 595 diuersis

177 652 221 719 ab
246 655 455 737 Episcopatu
479 654 636 723 Romano
664 655 734 721 sive
756 654 837 723 dicti
863 654 1063 722 Cordiuales
1091 660 1293 721 cerueuutur
1319 655 1356 719 iu

178 778 268 845 bisce
298 777 504 845 dioecesibus
539 785 715 865 tamquam
751 776 972 846 Cocdiutores
1000 777 1150 846 Romoui
1179 780 1356 864 Episcopi,

176 908 299 970 neutro
323 903 522 969 coudecet
548 901 769 970 Cordiuulem
803 902 901 970 Urbis
926 904 1098 969 Vicoriuru
1114 903 1357 969 cumulatiruui

178 1048 257 1095 cum
279 1029 363 1112 ipsis
385 1028 655 1097 iurisdictionem
677 1031 715 1095 iu
736 1031 854 1113 primu
876 1031 1040 1095 iusloulio
1064 1029 1187 1096 babere
1210 1050 1241 1094 s.

269 1152 485 1227 Quamobrem
517 1154 666 1220 Summus
701 1154 855 1221 Pontifex
885 1153 1039 1219 ambitum
1070 1153 1234 1219 districtus
1267 1153 1356 1218 dioe-

178 1263 288 1342 cesani
320 1279 458 1345 Romani
488 1281 588 1346 certis
618 1279 770 1346 limitibus
798 1280 944 1345 distinxit
974 1300 993 1345 a
1024 1281 1189 1346 territorio
1220 1280 1356 1345 aliarum

178 1403 375 1476 dioecesum.
409 1404 556 1470 eumdem
587 1405 765 1472 districtum
799 1408 1078 1479 intersecantium,
1111 1426 1149 1471 eo
1184 1406 1358 1491 praecipue

178 1527 313 1591 consilio
336 1534 372 1593 ut
394 1528 583 1594 auferretur
599 1550 674 1594 usus
690 1528 920 1595 iurisdictionis
945 1528 1179 1600 cumulatione.
1197 1546 1270 1593 cum
1286 1527 1358 1591 aliis

179 1644 365 1712 Ordinariis
388 1647 453 1713 late
476 1649 508 1711 in
532 1668 613 1733 agro
631 1648 778 1713 Romano
794 1648 1018 1733 Episcopalem
1042 1666 1154 1711 curam
1178 1645 1358 1731 agentibus.

177 1770 299 1835 Tamen
323 1772 470 1857 permisit
493 1793 550 1839 suo
570 1774 707 1839 Vicario
729 1776 763 1839 in
786 1773 892 1839 alieno
912 1773 1088 1845 territorio,
1106 1773 1193 1837 intra
1216 1772 1259 1836 40
1285 1772 1357 1835 mil-

176 1895 305 1961 liarium
329 1897 493 1965 districtus
518 1897 623 1970 Urbis.
641 1900 823 1965 executioni
847 1898 1002 1964 mandare
1025 1918 1083 1963 sua
1105 1898 1238 1964 decreta
1261 1898 1356 1963 etium

176 2020 288 2087 realia
311 2042 369 2086 seu
398 2042 513 2087 manus
540 2023 713 2089 iniiciendo
740 2024 774 2088 in
805 2024 944 2090 clericos
971 2024 1098 2088 ratione
1129 2023 1271 2109 oripiuis
1301 2029 1359 2088 aut

178 2144 330 2231 beneficii
352 2146 411 2212 sibi
435 2147 613 2215 subiectos:
637 2168 720 2234 quae
742 2155 884 2235 potestas
907 2150 1013 2215 aliena
1036 2154 1085 2215 est
1114 2169 1136 2214 o
1163 2150 1238 2215 iure
1265 2169 1356 2216 coru-

176 2269 284 2335 muui.
311 2272 390 2335 Nam
414 2272 583 2339 citationes
601 2277 802 2356 personales
823 2275 908 2347 licet,
935 2275 1025 2339 iuxta
1051 2272 1251 2359 probabilem
1282 2295 1357 2339 sen·

176 2398 327 2471 tentiam,
353 2400 504 2464 iutimare
526 2401 561 2464 in
589 2400 695 2465 alieno
718 2402 903 2483 territorio,
928 2400 1050 2466 nullam
1082 2401 1251 2485 exigentes
1281 2420 1356 2465 coa-

176 2521 296 2585 ctivam
321 2523 555 2591 executionem.
580 2523 636 2588 sed
660 2524 790 2589 minime
812 2525 923 2590 reales
945 2544 1019 2589 cum
1047 2525 1238 2608 quicumque
1265 2530 1358 2589 actus

176 2645 342 2707 coactivas
366 2644 399 2707 in
422 2643 529 2707 alieno
553 2643 718 2709 territorio
743 2645 966 2712 interdicatur.

270 2768 365 2833 Card.
397 2769 523 2835 Vicarii
560 2769 656 2836 Urbis
689 2772 861 2857 specialem
897 2772 1144 2857 competentiam
1180 2772 1358 2855 antiquitus

176 2888 399 2957 difficillimum
422 2893 483 2961 fuit
505 2893 724 2960 determinare
747 2901 781 2963 et
800 2894 937 2961 definire
956 2894 995 2959 ob
1019 2896 1158 2980 plurima
1181 2894 1357 2961 tribunalia

175 3013 430 3081 iurisdictionem
462 3018 661 3083 exercentia.
685 3018 767 3083 Nam
790 3017 913 3085 Urbani
937 3020 1061 3083 Vicarii
1086 3020 1301 3103 competentia
1324 3021 1356 3082 in

176 3137 254 3221 ipsis
284 3136 382 3203 rebus
412 3139 632 3225 spiritualibus
662 3145 695 3205 et
724 3141 953 3208 ecclesiasticis
985 3142 1151 3206 Romanae
1183 3140 1355 3212 dioecesis,

151 3283 196 3357 ¹a
215 3263 371 3330 iudicibus
394 3265 644 3349 particularibus
660 3267 693 3331 in
708 3265 856 3352 pluribus
880 3266 1006 3333 casibus
1030 3266 1266 3351 impediebatur
1281 3265 1358 3331 iure

171 3390 428 3471 proeoeutiouis
451 3392 581 3467 saltem;
605 3392 703 3458 veluti
728 3393 846 3479 singuli
871 3392 1058 3460 cardinales
1083 3394 1115 3459 in
1139 3394 1279 3479 propriis
1302 3394 1355 3457 Ti·

174 3514 251 3578 tulis
278 3515 478 3580 exercebant
508 3516 762 3594 iurisdictionem
792 3516 984 3591 iudicialem,
1010 3518 1100 3601 quasi
1128 3519 1161 3583 in
1189 3518 1356 3585 territorio

175 3644 336 3724 separato,
367 3646 401 3706 et
431 3642 658 3707 cumulativam
690 3662 762 3708 cum
787 3641 882 3710 Gard.
908 3643 1052 3707 Vicario.
1077 3642 1172 3709 Hanc
1203 3664 1221 3708 a
1252 3643 1357 3709 medio

177 3762 305 3828 sustulit
329 3764 538 3829 Innocentius
561 3765 627 3830 XlI
651 3765 685 3829 in
708 3763 816 3832 Consi.
841 3766 1019 3832 Romanus
1042 3764 1215 3847 Pontifecr.
1239 3766 1282 3831 17
1302 3766 1356 3833 Se·

171 3883 462 3966 ptembris1692,
484 3906 548 3971 qua
570 3887 756 3953 decernitur
780 3887 969 3955 Cardinales
991 3886 1115 3973 pollere
1142 3890 1176 3953 iu
1200 3889 1357 3954 Ecclesiis

174 4007 210 4071 in
225 4007 354 4072 titulum
377 4007 496 4075 habitis
519 4014 678 4096 potestate
699 4012 896 4078 uoluntaria
918 4017 952 4077 et
968 4002 1250 4078 'administrativa
1266 4014 1356 4077 circa
1458 3998 1460 4001 ⁵

177 4132 347 4227 Ecclesiae
377 4135 545 4201 servitium
568 4142 601 4203 et
623 4138 785 4203 internam
807 4138 1018 4224 disciplinam.
1045 4174 1062 4187 -
1089 4138 1176 4204 Idem
1201 4137 1355 4203 Pontifex

175 4250 314 4316 aliorum
338 4252 478 4317 iudicum
501 4254 755 4339 particularium
766 4255 941 4321 tribunalia
963 4256 1114 4329 abolevit,
1131 4257 1178 4321 uti
1199 4275 1355 4321 memora·

174 4376 289 4442 vimus.
305 4412 323 4425 -
340 4376 535 4463 Iampridem
550 4396 630 4444 vero
653 4380 687 4444 in
710 4398 801 4444 more
816 4379 878 4444 fuit
896 4386 932 4445 ut
955 4380 987 4444 in
1011 4377 1114 4465 gradu
1130 4376 1355 4465 appellationis
