3292 5109
271 262 339 328 324
800 280 885 327 raus
909 280 946 327 11.

407 403 441 489 3)
466 404 632 469 Concessit
650 404 838 469 facultatem
854 404 1082 470 convalidaudi
1095 406 1206 473 titulos
1220 404 1463 471 beneficiorum.

273 544 346 590 cum
376 525 504 591 occulta
535 524 738 590 inhabilitate
760 524 814 589 vel
842 525 907 589 alio
929 527 1008 591 vitio
1031 528 1172 609 occulto,
1198 529 1294 593 etiam
1318 530 1351 593 in
1374 547 1454 593 con-

272 670 384 725 cursu,
409 650 494 715 male
517 648 732 715 obtentorum.
768 652 909 737 Excepit
930 654 1102 718 nonnullos
1125 674 1237 735 casuS,
1260 655 1454 739 praesertim

272 776 427 840 simoniae
451 774 548 839 realis
571 776 712 841 scienter
735 779 934 841 contractae.

407 896 441 983 4)
465 898 631 964 Concessit
647 899 835 965 facultatem
851 898 1051 964 condonandi
1068 899 1121 963 vel
1136 900 1332 975 remittendi,
1349 900 1456 985 quoad

272 1023 358 1087 male
388 1023 495 1088 ablata
518 1024 570 1088 vel
594 1029 735 1098 retenta,
765 1012 891 1109 partem
921 1024 1062 1108 aliquam
1096 1024 1356 1109 delinquentibus
1378 1045 1456 1111 pau-

272 1143 413 1230 peribus,
438 1145 565 1229 quando
588 1144 720 1211 domiui
742 1145 863 1211 incerti
885 1149 964 1209 sunt
986 1150 1018 1210 ei
1040 1164 1140 1211 casus
1162 1145 1292 1211 occulti.

407 1268 441 1353 5)
465 1268 558 1335 Dedit
582 1270 678 1333 etiam
702 1268 890 1333 facultatem
914 1268 1087 1333 relaxandi
1109 1290 1169 1354 pro
1192 1269 1265 1334 foro
1288 1270 1456 1335 conscien-

190 1467 192 1471 ,
272 1393 337 1457 tiae
361 1392 543 1456 iuramenta
577 1410 797 1474 quaecumque
820 1392 853 1455 in
884 1391 998 1475 quibus
1025 1392 1229 1477 exploratum
1260 1395 1303 1458 sit
1329 1393 1455 1458 nullum

273 1516 460 1611 cuiusquam
474 1516 528 1600 agi
543 1515 795 1600 praeiudicium;
819 1518 897 1582 item
916 1516 1121 1603 dispensandi
1138 1517 1362 1583 commutando
1378 1520 1455 1583 vota

273 1641 430 1726 simplicia
453 1642 550 1705 etiam
574 1646 750 1715 reservata,
775 1648 808 1706 et
832 1642 940 1707 Horas
963 1643 1146 1707 canonicas.
1185 1629 1189 1639 ¹

407 1762 440 1849 6)
465 1763 620 1848 Specialis
636 1763 926 1828 animaduersionis
946 1763 1063 1849 dignae
1086 1769 1161 1829 sunt
1184 1766 1411 1830 concessiones
1432 1784 1457 1827 a

274 1886 434 1955 Pontifice
462 1889 569 1953 factae
592 1888 866 1955 Poenitentiariae
897 1891 987 1955 circa
1009 1889 1454 1974 dispensationee’matrimo-

273 2016 386 2081 nieles.

365 2142 401 2204 In
433 2141 516 2223 quod
548 2143 746 2227 propositum
777 2141 861 2208 scitu
889 2141 1060 2207 admodum
1087 2143 1165 2208 utile
1195 2148 1261 2214 est,
1294 2160 1453 2226 quaenam

273 2262 360 2326 inter
383 2261 499 2326 Curiae
524 2259 641 2327 Officia
664 2262 703 2326 de
727 2262 790 2327 hoc
813 2267 912 2347 agant
938 2264 1067 2347 negotio
1092 2269 1124 2327 et
1147 2282 1285 2347 quanam
1315 2262 1454 2325 ratione.

275 2387 424 2450 Iamverc
438 2405 497 2470 per
510 2366 739 2451 Secreturium
751 2386 913 2451 Brevium
927 2386 998 2451 Sec.
1012 2385 1147 2451 concedi
1166 2385 1270 2449 solent
1285 2384 1454 2470 dispensa-

272 2511 376 2575 tiones
392 2502 549 2595 supremis
564 2508 766 2594 Principibus
783 2515 816 2573 et
830 2509 946 2573 literae
962 2509 1212 2574 revalidatoriae
1227 2528 1284 2573 seu
1300 2527 1454 2573 Prummu

272 2654 408 2703 vannus
431 2635 489 2721 (ita
511 2634 616 2699 dictae
640 2636 714 2717 quia
740 2636 924 2699 sanationes
947 2635 1106 2700 valebunt
1124 2633 1271 2718 perinde
1298 2610 1387 2697 acsi
1410 2631 1454 2695 ab

272 2760 362 2825 initio
384 2778 478 2823 error
494 2778 558 2822 non
575 2757 755 2843 obrepserit
770 2779 831 2823 nee
847 2760 911 2823 alia
930 2758 1071 2823 adfuerit
1086 2778 1183 2823 causa
1205 2755 1375 2843 nuditatis)
1394 2754 1454 2842 (l);

273 2904 418 2969 quaeque
451 2884 568 2949 literae
603 2884 790 2949 obtinentur
824 2884 865 2948 ad
901 2884 1044 2949 sananda
1078 2884 1351 2970 dispensationum
1373 2883 1454 2946 vitia

273 3028 372 3093 super
395 3006 552 3073 Brevibus
568 3006 608 3071 ab
626 3006 736 3072 eadem
761 3008 948 3073 Secretaria
972 3010 1137 3073 emanatis.
1156 3043 1175 3054 -
1192 3007 1224 3073 S.
1242 3008 1276 3073 O.
1292 3007 1323 3072 S.
1342 3004 1453 3073 Officii

273 3132 435 3218 dispensat
458 3132 491 3196 in
508 3131 742 3217 impedimentis
757 3132 1020 3216 provenientibus
1042 3134 1148 3216 aliquo
1171 3152 1215 3196 ex
1237 3133 1324 3196 facto
1340 3130 1452 3196 Fidem

273 3259 461 3343 attingente,
478 3258 511 3321 in
527 3257 609 3341 quod
635 3258 675 3321 H.
698 3257 729 3323 S.
748 3259 847 3343 Cong.
872 3263 921 3323 est
943 3264 1138 3343 competens,
1163 3262 1277 3342 utputa
1299 3258 1334 3319 in
1357 3257 1454 3340 impe·

275 3383 415 3449 dimento
439 3382 560 3447 mixtae
585 3382 773 3465 Religionis,
798 3380 994 3466 disparitatis
1021 3381 1126 3445 cultus
1149 3380 1202 3445 uel
1226 3379 1353 3464 quando
1376 3377 1453 3444 deli-

274 3513 362 3573 ctum
386 3511 435 3571 est
457 3510 602 3572 notatum
626 3506 806 3589 suspicione
829 3506 985 3580 haeresis,
1002 3505 1102 3569 veluti
1125 3504 1384 3590 polygamiaaut
1398 3522 1453 3588 po-

274 3630 435 3719 lyandria.
453 3664 471 3679 -
490 3631 556 3694 Pro
575 3630 655 3694 locis
670 3631 868 3699 Missionum,
886 3630 1139 3716 dispensationes
1162 3631 1196 3693 in
1220 3634 1357 3712 utroque
1379 3626 1453 3693 foro

274 3755 481 3842 regulariter
505 3754 725 3820 conceduntur
747 3776 807 3841 per
830 3775 988 3839 organum
1011 3755 1043 3820 S.
1061 3754 1094 3819 G.
1119 3754 1165 3817 De
1182 3753 1279 3837 Prop.
1306 3750 1394 3822 Fide,
1418 3753 1453 3815 et

275 3880 466 3965 respective,
492 3877 596 3962 quoad
621 3880 771 3963 regiones
795 3880 822 3943 ei
848 3878 1017 3951 subiectas,
1042 3897 1101 3963 per
1118 3876 1151 3942 S.
1173 3874 1276 3961 Coae.
1300 3872 1453 3961 Negotiis
1478 3968 1481 3971 ἡ

364 4173 402 4245 (l)
420 4173 579 4229 Secretaria
598 4172 728 4228 Brevium
747 4173 795 4226 dat
814 4172 924 4226 litteras
939 4172 1061 4242 perinde
1078 4171 1176 4225 volere
1201 4169 1235 4223 ad
1261 4166 1385 4222 sananda
1402 4181 1453 4218 sua

275 4280 389 4345 Brevia3
408 4278 464 4333 alia
478 4277 650 4348 Dyeasteria,
665 4276 753 4331 veluti
767 4276 996 4345 Poenitentian‘a,
1014 4276 1101 4332 etiam
1120 4276 1187 4330 deut
1205 4275 1315 4329 litteras
1329 4272 1453 4341 perinde

273 4388 381 4454 ualere,
400 4387 435 4441 ad
453 4385 589 4439 sanandas
608 4402 672 4439 suas
691 4384 801 4439 litteras
820 4385 1040 4454 dispensationis.
