3292 5109
641 328 848 376 asscensu
872 328 920 376 ιν.
1308 310 1374 376 499

187 453 255 515 sint,
274 451 441 518 relaxanda
465 452 651 521 confessarios
676 461 734 506 tum
759 451 921 506 saeculares
940 463 1000 506 tum
1024 454 1174 523 reputares
1193 454 1260 520 (non
1278 463 1374 506 tamen

191 558 369 624 monialium)
388 559 576 626 euaminandi,
596 569 621 613 at
640 561 676 612 ad
695 569 803 628 tempus
822 560 1016 629 approbandi3
1027 569 1054 613 et
1066 561 1232 631 facultatem
1246 560 1288 614 eis
1306 576 1374 614 con·

188 681 299 718 cessam
324 682 360 719 eu
384 679 469 719 causa
492 665 658 731 reuocandi;
682 663 856 718 voluntatem
881 665 1049 734 puellarum
1077 667 1201 720 habitum
1225 666 1374 738 relipiom's

188 773 335 841 suscipere
354 772 413 827 sive
430 773 559 842 profiteri
575 774 730 827 colentium
748 773 848 840 (Nobis
866 773 1005 844 impeditis
1024 783 1072 828 aut
1090 775 1259 842 absentibus)
1274 774 1373 846 euplo·

192 882 294 946 randi,·
313 881 438 935 licentias
456 897 508 950 pro
527 882 657 950 inpressu
676 880 705 934 iu
724 881 887 935 clausuram
899 882 1077 946 monialium,
1093 899 1149 952 pro
1168 883 1252 936 rebus
1265 891 1373 936 tantum

189 988 367 1051 successor-its,
386 985 558 1057 officialiiras,
576 988 738 1056 artificibus,
758 997 783 1040 et
804 989 910 1041 colonis
929 989 1109 1042 concedendi.
1134 987 1251 1041 &cram
1273 989 1373 1058 supet·

191 1094 319 1148 -iectilem
337 1093 449 1164 aliaque
466 1093 628 1148 indumenta
647 1093 843 1159 ecclesiastica,
860 1094 890 1146 iu
909 1094 1007 1164 quibus
1019 1110 1102 1147 sacra
1113 1094 1206 1148 unctio
1222 1110 1278 1147 non
1289 1094 1370 1148 aaui·
1440 1151 1444 1157 ,

189 1201 275 1253 betur
292 1201 437 1269 (wantum
454 1199 492 1252 ad
509 1214 559 1251 nos
583 1200 698 1270 spectat)
718 1201 901 1253 benedicendi
907 1219 915 1265 ,·
938 1217 1027 1253 uuum
1050 1199 1098 1253 uel
1116 1200 1217 1269 plures
1239 1201 1374 1264 vicarios,

195 1305 281 1358 Nobis
304 1303 472 1369 absentibus,
490 1307 519 1357 iu
544 1319 610 1358 casu
635 1304 756 1358 alicuius
780 1304 959 1366 necessitatis,
985 1321 1050 1357 cum
1074 1307 1173 1358 eadem
1197 1304 1245 1358 uel
1269 1305 1375 1358 minori

187 1413 357 1464 auctoritate
380 1411 492 1464 nomina
516 1419 612 1462 nostro
631 1410 668 1462 ad
688 1418 795 1480 tempas
821 1410 1019 1475 substituendi,-
1039 1419 1065 1463 ct
1085 1419 1196 1464 caetera
1222 1410 1374 1465 exercendi

188 1535 265 1587 quae
283 1519 320 1572 aei
339 1517 458 1587 officium
477 1518 627 1570 vicariatus
645 1527 799 1572 noscuntur
814 1521 968 1587 pertinere.
989 1517 1123 1570 Volumus
1141 1527 1236 1572 autem
1254 1518 1373 1587 quadiu

201 1627 342 1679 vicarium
362 1636 387 1679 et
410 1625 562 1695 officialem
580 1635 705 1680 nostrum
723 1627 888 1696 perier-alem
907 1643 1002 1680 omnes
1017 1626 1103 1680 Nobis
1116 1629 1145 1679 iu
1157 1627 1326 1697 episcopatu,
1340 1635 1367 1680 et

190 1736 223 1786 iu
241 1735 431 1788 iurisdictione
456 1735 571 1789 subiecti
589 1745 616 1788 te
633 1745 842 1804 recopnoscant.
860 1736 997 1804 recipiant
1016 1743 1042 1789 et
1060 1735 1214 1799 adanittaut,
1233 1743 1323 1805 atque,
1343 1743 1374 1788 ut

194 1857 252 1910 par
270 1851 319 1906 est,
338 1841 387 1894 tibi
405 1843 547 1907 obediant,·
566 1842 591 1894 si
608 1843 668 1910 quis
687 1859 754 1897 vero
774 1843 934 1896 inobediens
953 1843 1050 1911 fuerit,
1069 1843 1207 1911 eonsiiyna
1221 1857 1315 1912 poena
1327 1844 1371 1911 se·

195 1947 296 2000 riatur.
313 1946 348 2000 Iu
363 1963 490 2016 quorum,
504 1958 553 2001 etc.
571 1948 672 2001 Dalm
682 1959 732 2002 etc.
746 1975 780 1988 ·-
792 1948 838 2015 N,
849 1948 1003 2017 Episcopus
1014 1949 1049 2001 N.
1061 1977 1095 1989 -
1106 1949 1151 2013 N,
1162 1947 1332 2002 secretarius
1345 1959 1371 2003 n.

190 2049 230 2104 Et
248 2055 367 2120 ponatur
384 2051 509 2122 sigilium
529 2055 661 2106 consueto
681 2051 752 2106 loco.

761 2299 807 2351 lv.

435 2490 568 2531 sossium
589 2492 816 2532 SUBSTITUTIONIS
835 2493 944 2532 Vlcaun
963 2493 1133 2543 Gssuaussls,

529 2600 615 2638 INTER
636 2601 709 2640 ACTA
730 2601 835 2640 cuntes
855 2600 1035 2639 REPONENDA.

282 2793 346 2850 «Ιιι
367 2795 470 2850 Christi
488 2798 605 2851 naariae.
625 2799 724 2852 Allien.
738 2826 772 2838 -
787 2797 831 2861 Ν,
849 2798 1088 2851 Reverendissimi
1108 2795 1220 2850 Domini
1238 2795 1285 2860 N,
1305 2795 1374 2864 Epi·

188 2901 270 2970 scopi
288 2899 335 2964 N,
353 2903 382 2952 iu
400 2899 591 2969 spiritualibus
610 2911 636 2955 et
655 2903 857 2972 temporalibus
885 2904 1009 2956 Viearius
1035 2901 1193 2971 peneralis,
1218 2901 1318 2954 votens
1342 2915 1373 2953 se

193 3007 341 3062 absentare
359 3025 377 3059 a
396 3008 504 3062 ciuitate
518 3007 563 3074 N,
576 3024 660 3061 causa
679 3011 764 3062 euritii
776 3011 813 3062 ad
826 3010 1010 3062 visitationem
1024 3008 1189 3077 peneralem
1201 3009 1284 3060 totius
1296 3008 1374 3061 dioe-

192 3113 264 3167 cesis
283 3111 351 3183 (vel,
370 3117 431 3176 stc,
451 3113 473 3165 si
493 3113 623 3178 discedet,
645 3113 773 3168 abaliud
799 3113 971 3182 nogotium)·,
994 3115 1032 3167 ad
1059 3115 1188 3185 effectum
1213 3123 1243 3167 ut
1267 3114 1373 3165 iustitia

195 3224 320 3276 omnibus
338 3222 494 3292 aequaliter
512 3222 733 3287 administretur,
752 3223 780 3274 in
800 3225 834 3276 iis
852 3241 923 3293 quae
941 3226 979 3277 ad
998 3222 1119 3292 officium
1138 3221 1306 3292 episcopalis
1324 3238 1374 3274 re·

193 3331 306 3398 piruinis
326 3332 476 3400 pertinent,
499 3331 646 3396 substituit,
671 3332 821 3400 deputarit,
842 3340 867 3384 et
885 3333 915 3383 in
933 3332 979 3383 sui
1004 3331 1096 3383 locum
1117 3330 1212 3400 posuit
1231 3329 1374 3399 usquead

192 3453 275 3490 suum
292 3437 424 3502 reditum,
445 3438 632 3490 reverendum
652 3435 794 3490 domiuum
815 3436 861 3502 N,
881 3455 944 3489 cum
956 3439 1119 3490 auctoritate
1133 3436 1232 3490 eadem
1244 3452 1299 3504 qua
1312 3436 1373 3503 ipse

191 3546 305 3614 potitur.
325 3545 385 3599 Hoc
403 3555 429 3599 et
448 3547 524 3598 omni
541 3545 654 3599 nseliori
672 3547 762 3598 motio.
784 3544 844 3613 Epo
864 3545 909 3611 N,
929 3545 1056 3598 Vicarius
1074 3543 1227 3614 perteraiis.
1240 3541 1376 3596 -Prue·

186 3653 314 3705 sentibus
332 3653 434 3706 ibidem
452 3651 488 3704 N.
508 3661 534 3705 et
553 3651 598 3716 N,
617 3653 736 3704 testibus.
752 3677 786 3691 -
800 3650 845 3717 N,
865 3626 1095 3705 cancellarius».
