3292 5109
530 289 573 335 on
598 287 737 337 ruorcus
761 288 1027 335 occnrsmsrrms
1300 270 1363 335 361

188 408 479 493 interpretationis
484 428 499 491 ‚·
523 409 680 493 istamque
702 410 897 474 sententiam
913 408 1044 493 prodire
1060 428 1102 473 ex
1119 428 1183 473 non
1198 410 1276 473 satis
1291 428 1368 495 per·

188 540 300 620 specta
324 534 437 598 notitia
459 532 644 599 earumdem
668 532 700 599 S.
725 521 1020 619 congregationum
1044 552 1126 617 quae
1149 552 1214 597 non
1238 554 1368 619 semper

188 657 273 723 idem
289 658 410 723 habent
426 655 626 732 mandatum
642 662 676 722 et
690 656 862 741 aliquando
877 663 943 721 tarn
958 657 1059 721 latum
1074 655 1203 737 habent,
1221 663 1256 722 ut
1271 658 1368 722 etiam

189 784 370 849 inconsulto
403 780 560 849 Pontifice
582 782 713 848 valeant
743 783 833 869 leges
856 782 956 857 ferre,
982 788 1016 848 ut
1042 788 1131 867 patet
1162 803 1204 847 ex
1232 784 1367 848 recitato

187 906 321 973 decreto
344 906 444 993 Cong.
469 907 500 974 S.
526 907 668 974 Rituum.
693 906 820 971 Exinde
844 908 1013 987 Doctores,
1038 907 1222 993 plenissime
1246 909 1366 972 versati

190 1033 222 1095 in
247 1032 331 1117 stylo
355 1034 466 1097 curiae
490 1051 652 1103 romanae,
677 1032 722 1097 uti
747 1032 930 1117 Faguanus‚
956 1031 1151 1097 Benedictus
1173 1032 1268 1104 xlv,
1294 1032 1369 1098 Gar-

188 1156 304 1223 dinalis
321 1159 366 1223 De
383 1158 481 1238 Luca,
494 1158 718 1222 anctoritatem
735 1163 883 1222 actorum
899 1156 932 1223 S.
950 1156 1244 1242 congregationum
1259 1155 1368 1220 huius·

190 1282 274 1347 modi
286 1282 527 1348 limitationibus
539 1302 603 1347 non
616 1282 796 1347 subiiciunt.
812 1317 830 1330 -
850 1281 1028 1347 Praeterea
1043 1283 1076 1345 in
1093 1282 1185 1347 ouria
1204 1299 1368 1364 nunquam

113 1434 116 1441 ⁴
189 1408 366 1475 dubitatum
391 1408 452 1475 luit
473 1406 513 1473 de
532 1408 643 1473 valore
667 1407 783 1473 harum
808 1406 1111 1490 decisionum,‚quas
1131 1407 1219 1491 ipsae
1235 1406 1266 1471 S.
1283 1405 1368 1471 Cou-

190 1535 395 1620 gregationes
412 1532 522 1599 iubent
533 1532 710 1605 observari,
724 1533 836 1618 poeuis
852 1532 1079 1597 ecclesiasticis
1096 1537 1128 1596 et
1140 1532 1286 1597 censuris
1301 1530 1369 1600 ani·

189 1658 429 1723 madvertentes
452 1658 486 1721 in
511 1634 725 1723 contumaces.
743 1655 864 1722 Summi
880 1654 1053 1721 Pontifices
1069 1655 1153 1720 soliti
1177 1654 1311 1719 fuerunt
1326 1652 1369 1718 di-

189 1784 302 1849 stricte
318 1782 473 1848 mandare
489 1788 523 1848 ut
538 1782 670 1848 decreta
686 1782 717 1849 S.
731 1782 1024 1868 Congregationum
1042 1779 1182 1846 fideliter
1197 1780 1369 1845 observen-

189 1916 254 1982 tur.
279 1908 379 1973 veluti
402 1908 568 1993 praecepit
590 1906 739 1974 Clemens
755 1906 850 1978 VIII,
872 1906 979 1972 Consi.
1003 1906 1089 1971 Cam
1112 1923 1158 1970 ea
1179 1904 1330 1969 iniuncto
1349 1938 1367 1952 -

189 2034 215 2097 6
232 2031 416 2115 Occ1593,
437 2032 550 2098 iubens
573 2033 765 2118 Episcopum
789 2032 967 2096 Pacensem
985 2035 1019 2095 ut
1034 2028 1201 2095 decretum
1218 2028 1249 2094 S.
1267 2028 1366 2113 Gong.

189 2159 325 2227 Concilii
342 2138 431 2225 circa
447 2158 676 2225 Ordinationes
691 2177 849 2243 novorum
864 2157 1121 2221 Christianorum
1138 2160 1366 2237 exequeretur.

192 2286 325 2349 Demum
342 2284 372 2349 S.
392 2283 474 2349 Rota
491 2284 583 2348 ltom.
600 2283 743 2348 solemne
766 2280 879 2348 habuit
894 2282 1047 2365 excepire
1064 2280 1110 2346 uti
1132 2280 1222 2364 leges
1239 2278 1270 2344 S.
1289 2278 1368 2344 Con·

189 2410 414 2494 gregationum
438 2409 625 2481 decisiones,
643 2408 742 2472 veluti
757 2408 930 2471 innumera
952 2409 1112 2471 testantur
1128 2402 1330 2468 documenta.
1349 2437 1367 2448 -

192 2534 340 2618 Exempli
357 2552 464 2613 causa,
478 2534 510 2597 in
526 2532 626 2598 decis.
647 2530 848 2598 Galaritana
864 2564 882 2578 -
899 2528 993 2596 luris
1007 2528 1155 2594 Paroeh.
1171 2546 1269 2611 super
1285 2526 1368 2591 bono

192 2661 262 2725 iure
289 2695 306 2708 -
331 2678 441 2723 coram
470 2658 568 2723 Ratta
592 2692 610 2706 -
634 2658 657 2723 2
681 2657 754 2722 Iulii
781 2656 883 2737 1725,
907 2676 939 2719 n.
963 2656 985 2720 3
1015 2654 1214 2719 advertitur:
1241 2653 1370 2723 «onae

187 2780 342 2864 profecto
367 2781 401 2845 S.
423 2778 729 2866 Conprepationam
753 2777 975 2844 resolutiones
997 2781 1177 2841 emunctae
1198 2793 1262 2858 per
1276 2775 1369 2839 aiam

192 2906 275 2991 tepis
297 2904 501 2969 aniversalis
527 2902 760 2987 punctuatiter
781 2900 907 2986 abique
935 2900 1127 2965 servandae
1157 2897 1313 2972 veniant,
1338 2903 1370 2962 et

190 3037 369 3116 tamquam
393 3031 482 3117 tepes
512 3030 549 3093 in
572 3046 786 3114 quocumque
821 3026 1001 3092 Tribanati
1029 3025 1138 3107 recipi
1168 3024 1305 3096 debent,
1329 3029 1370 3088 at

190 3155 337 3221 advertit
353 3153 440 3219 Rota
455 3152 493 3217 in
511 3152 679 3218 Perusino
695 3150 1054 3216 Proeeminentioram
1069 3147 1263 3213 &Decemln
1278 3146 1367 3211 1711.

190 3280 375 3363 §Fortius
400 3296 518 3345 coram
532 3276 709 3359 Ansatd05
731 3276 769 3341 in
791 3272 952 3341 Ronmna
974 3273 1062 3337 imis
1086 3271 1244 3344 Parcet„
1270 3270 1371 3336 7De·

191 3403 295 3469 cemd.
313 3403 398 3467 1716
420 3404 442 3485 ἓ
467 3403 576 3487 idque
592 3418 710 3467 coram
725 3400 888 3464 Lancetta
895 3417 910 3481 ;
928 3397 966 3461 in
980 3395 1140 3462 Romana
1155 3394 1371 3461 Matrimonii

190 3527 313 3593 Statii
330 3527 414 3592 1719
431 3564 448 3574 -
465 3528 487 3610 5
504 3524 744 3592 Descendendo
769 3542 888 3589 coram
907 3520 1017 3588 Corio.
1037 3556 1055 3568 -
1074 3520 1272 3585 Praesertim
1290 3538 1370 3584 vero

171 3654 226 3717 in
249 3659 361 3718 nostro
385 3652 485 3717 Sacro
509 3649 679 3717 Auditorio
703 3648 786 3732 quod
810 3645 996 3712 earumdem
1020 3646 1052 3711 S.
1077 3645 1370 3730 Congregationum

192 3779 339 3846 Oracula
355 3798 394 3843 ea
409 3798 472 3863 qua
488 3795 549 3863 par
564 3781 613 3841 est
629 3774 816 3840 reverentia
829 3792 957 3859 semper
972 3772 1125 3836 venerari
1140 3790 1179 3835 ac
1196 3770 1285 3854 sequi
1300 3788 1371 3854 pro·

193 3904 312 3969 sessum
329 3910 377 3968 est
393 3908 454 3968 etc.
471 3924 489 3963 s
509 3902 550 3967 cf.
567 3899 729 3972 Zamboni
747 3918 800 3981 op.
819 3898 872 3963 cit.
889 3899 911 3980 g
926 3896 1021 3977 XVI,
1038 3896 1091 3979 qui
1111 3896 1176 3960 late
1198 3894 1262 3960 hoc
1277 3913 1371 3980 argu-

117 4112 124 4125 ⁸
192 4017 335 4095 mentum
351 4027 502 4113 explicat,
520 4031 552 4090 et
570 4026 752 4111 Fagnanus,
770 4040 846 4105 cap.
866 4020 1032 4093 Quoniam
1048 4020 1091 4085 de
1106 4020 1227 4094 Const,
1245 4039 1303 4083 nn.
1318 4017 1369 4092 71,

194 4152 252 4217 72.
264 4152 354 4218 -Sed
368 4172 421 4217 res
434 4157 482 4217 est
497 4152 578 4215 tanti
591 4148 744 4213 momenti
756 4151 792 4212 ut
808 4145 882 4211 data
894 4165 994 4231 opera
1005 4143 1232 4229 explicandum
1244 4143 1286 4208 sit
1297 4162 1372 4226 quo·

192 4275 286 4341 modo
302 4296 418 4343 novam
433 4276 540 4361 legem
555 4272 727 4357 aliquando
744 4271 941 4337 constituere
954 4268 1086 4332 valeant
1099 4266 1232 4332 decreta
1247 4267 1277 4332 S.
1292 4264 1373 4332 Gon·

192 4421 284 4487 greg.
302 4422 358 4467 seu
382 4402 498 4467 harum
521 4397 807 4486 interpretationes
828 4400 884 4461 aut
907 4393 1144 4460 declarationes
1166 4392 1372 4459 extensione.
