3292 5109
467 298 511 347 aa
535 298 674 347 romeus
699 296 965 346 accuusrnsricis
1261 276 1302 341 31

139 426 370 489 controversiae
393 422 549 491 relativae
576 422 717 489 decretis
749 422 843 489 editis
865 420 906 487 ad
930 422 1155 487 executionem
1178 420 1310 485 resolu·'

139 549 262 623 tionum,
285 566 364 632 quas
387 548 581 633 protulerint
604 546 735 613 eaedem
759 547 790 613 S.
816 545 1091 632 Congregationes
1107 565 1148 610 a.-

219 672 271 739 35.
296 672 379 747 Quia
395 672 470 739 olim
487 673 617 758 negotia
632 674 666 739 in
682 672 862 739 huiusmodi
878 672 1031 738 tribunali
1050 672 1256 759 agitabantur
1271 674 1308 737 ut

137 802 206 859 acta
230 800 505 881 praepararentur
531 795 731 881 sipnaturae
754 794 874 880 Papae,
902 794 980 859 hinc
1007 793 1161 859 officiales
1187 794 1220 859 in
1243 793 1307 858 hoc

137 936 244 981 munus
260 915 482 981 incumbentes
505 917 568 981 iam
592 914 716 1000 pridem
733 912 976 997 Referendarii
999 913 1074 978 dicti
1098 917 1172 979 sunt
1198 912 1306 978 aRe-

135 1038 345 1121 sacrandis,
371 1041 426 1124 qui
450 1038 705 1105 recensebantur
728 1039 823 1104 etiam
853 1041 886 1103 iu
914 1038 1041 1103 Palatio
1069 1039 1306 1124 Imperatorum

139 1164 359 1228 Romanorum.
378 1162 514 1238 -Quum
539 1182 618 1227 vero
635 1161 808 1248 Signatura
833 1162 978 1228 iustitiae
1000 1163 1033 1225 in
1058 1162 1223 1247 proprium
1245 1162 1308 1224 tri-

136 1286 228 1351 buual
250 1288 422 1353 constituta
439 1288 509 1360 suit,
529 1293 608 1353 tunc
631 1306 674 1351 ex
697 1286 788 1351 hisce
811 1283 1000 1350 officialibus
1023 1285 1169 1351 nonnulli
1192 1282 1308 1349 iudicis

137 1432 262 1477 munere
287 1414 375 1478 aucti
398 1420 472 1478 sunt
496 1410 654 1495 iidemque
677 1410 881 1496 appellantur
900 1408 1055 1476 Rroetati
1076 1415 1228 1477 aetantes
1250 1428 1307 1474 seu

136 1542 237 1603 votum
254 1536 450 1621 praebentes
465 1536 709 1601 controversiae
725 1532 917 1610 decisivum;
941 1534 996 1599 alii
1012 1554 1091 1599 vero
1108 1554 1222 1600 causas
1241 1540 1309 1599 tan·

135 1658 289 1723 tummodo
305 1658 464 1725 iudicibus
479 1657 670 1731 referentes,
688 1657 764 1723 dicti
786 1661 862 1723 sunt
878 1657 1040 1742 simplices
1057 1656 1307 1740 Referendarii.

137 1782 274 1848 Praelati
298 1802 360 1869 per
380 1788 520 1847 turnum
535 1801 649 1847 causas
672 1781 861 1848 referebant
883 1783 918 1846 in
939 1781 1093 1847 tribunali
1117 1788 1150 1847 et
1173 1780 1309 1849 Ponena

136 1908 299 1974 dicebatur
334 1927 503 1973 causarum
527 1908 660 1989 relatur,
685 1909 738 1973 cui
765 1926 830 1972 non
866 1908 966 1973 semei
990 1912 1100 1975 votum
1135 1907 1310 1973 decisivum

136 2031 399 2099 committebatur.
425 2065 444 2079 -
475 2030 661 2095 Tribunalis
694 2032 834 2096 Praeses
864 2029 1046 2097 cardinalis
1073 2035 1131 2104 est.
1165 2030 1311 2115 idemque

137 2155 285 2221 nonnulla
315 2154 441 2220 leviora
471 2156 610 2239 negotia,
639 2154 800 2222 arbitratu
831 2175 899 2230 suo,
925 2156 1081 2241 expedire
1110 2156 1199 2223 valet
1228 2175 1310 2241 quae

135 2300 189 2365 per
218 2300 314 2346 suum
337 2275 527 2345 Auditorem
558 2299 675 2365 gerere
707 2281 876 2347 consuevit
905 2300 948 2345 ex
980 2274 1138 2365 potestate
1169 2281 1198 2344 ei
1223 2279 1310 2346 dele·

134 2410 219 2489 gana
246 2406 295 2470 ita
322 2405 418 2469 etiam
441 2404 583 2469 tribunal
606 2424 698 2469 suum
722 2403 820 2469 habet
843 2404 1044 2478 Auditorem,
1066 2406 1118 2471 cui
1141 2406 1310 2471 commissa

134 2537 178 2594 est
199 2535 344 2615 potestas
371 2528 563 2613 expediendi
589 2532 681 2595 certa
704 2530 836 2615 negotia
858 2529 1012 2596 tribunali
1041 2530 1264 2614 competentia.
1290 2566 1307 2577 -

135 2653 195 2718 leo
216 2654 286 2720 XII
313 2674 342 2717 a.
362 2652 448 2718 1825
471 2672 513 2717 ex
537 2650 702 2719 duodecim
726 2653 881 2738 praelatis
903 2654 1094 2721 rotantibus
1117 2659 1240 2721 tantum
1263 2673 1310 2721 se·

131 2786 219 2863 ptem
250 2782 416 2855 servavit;
449 2779 532 2863 quod
566 2777 728 2844 firmatum
760 2780 822 2845 tuit
851 2780 903 2846 cit.
937 2778 1016 2847 Gad.
1038 2781 1199 2866 ,Gregorii
1225 2780 1309 2846 XVI

137 2914 192 2973 art.
203 2906 281 2975 335
294 2905 490 2972 ordinantis:
506 2924 525 2969 ‹
539 2905 670 2973 Rornae
685 2906 901 2972 constitutum
917 2911 966 2971 eet
980 2925 1181 2989 supremum
1191 2906 1312 2991 Sigana-

138 3030 226 3099 tuiae
250 3029 407 3097 tribunat
422 3031 628 3113 coalescens5
644 3048 688 3096 ea
704 3028 883 3097 Cardinati
898 3028 1076 3112 Praefecto
1083 3048 1098 3111 ‚·
1117 3048 1162 3095 eoa
1183 3035 1311 3113 reptem

131 3152 298 3234 praetatis
331 3150 544 3235 vetantibus5
570 3170 616 3217 ea
638 3152 816 3235 praelato,
846 3150 1003 3217 auditore
1038 3150 1240 3233 tribunalis5
1265 3169 1312 3217 ea

134 3276 202 3343 aira
219 3274 268 3363 (1)
295 3276 592 3362 topatosauditcre
612 3274 900 3358 praefecturae».
920 3275 995 3340 Art.
1012 3273 1086 3340 337
1106 3273 1310 3339 decernitur:

138 3398 357 3467 ‹Tribunaii
380 3398 508 3466 addicti
529 3404 608 3464 sant
626 3399 779 3482 praelati
795 3397 1036 3481 Referendarii
1055 3398 1116 3484 qui
1133 3398 1312 3481 petitiones

135 3527 288 3609 referunt
311 3531 343 3593 et
366 3526 617 3593 recurrentium
639 3525 820 3591 instantias
842 3531 873 3591 et
895 3530 1011 3591 aotam
1034 3525 1158 3591 babent
1178 3532 1311 3593 tantuna

135 3650 407 3717 consultiorem».
432 3650 483 3714 Ex
508 3647 618 3714 codice
643 3649 693 3713 Pii
711 3650 774 3714 Vll
799 3649 819 3714 l.
838 3669 866 3714 c.
884 3648 1048 3713 ordinarie
1065 3650 1236 3715 Praelatus
1252 3650 1313 3713 Re·

136 3772 340 3839 ferendarius
364 3792 421 3838 seu
444 3772 576 3838 Ponens
598 3778 707 3838 votum
730 3771 873 3838 habebat
894 3771 1080 3837 decisivum.

222 3897 270 3961 De
287 3894 440 3961 Praelata
460 3894 631 3961 tribunalis
646 3896 803 3961 Auditore
819 3896 972 3962 statuitur
988 3901 1053 3961 art.
1070 3894 1156 3962 342:
1174 3915 1192 3960 ‹
1208 3897 1314 3963 Prae-

223 4193 265 4266 (l)
283 4192 336 4247 vir
354 4197 467 4264 togatus
485 4196 661 4263 nuncupatur
680 4192 714 4247 cd
733 4193 919 4251 differentiam
937 4195 1146 4263 Praelatorum3
1165 4200 1195 4251 et
1214 4193 1314 4249 huius·

139 4297 208 4353 modi
230 4300 337 4355 iudices
361 4300 500 4355 interioris
525 4299 630 4355 ordinis
654 4299 836 4356 inveniuntur
854 4302 883 4357 in
902 4302 966 4357 eliis
991 4320 1101 4374 quoque
1127 4302 1315 4358 tribunalibus

140 4404 332 4477 collegiaiibus
355 4407 458 4463 euriae.
