3292 5109
636 298 743 346 INDEX
766 297 970 344 SYNOPTIGUS

540 565 557 626 ἓ
580 561 602 615 l.
623 561 664 615 Da
687 561 867 615 Cancellaria
882 562 1053 630 Apostolica.

206 757 268 812 235.
288 757 328 811 lla
347 774 460 812 munere
480 757 559 812 Card.
579 754 832 810 Vico-Cancellarii
852 795 1215 810 .........
1249 775 1316 828 paq.
1335 757 1390 812 285

206 866 268 921 236.
289 865 414 936 Regulae
433 865 637 920 Cancellariaa:
657 863 756 918 harum
775 865 924 918 obiectum.
944 863 1029 933 Origo
1047 863 1176 919 Datariae
1194 865 1266 918 eius·

314 989 368 1043 que
386 989 486 1025 munus
492 1008 1262 1025 ..................
1301 989 1317 1024 »
1337 971 1390 1025 287

206 1081 268 1135 237.
289 1079 327 1133 De
347 1079 443 1132 Officio
461 1077 589 1133 Gerentis
610 1076 800 1133 cancellariae
820 1077 848 1129 in
868 1076 1045 1144 expeditione
1065 1075 1217 1131 Bullarnm.
1255 1117 1262 1132 .
1293 1096 1317 1152 2
1337 1079 1390 1132 288

208 1184 269 1238 238.
290 1182 446 1251 Collegium
466 1181 699 1236 Abbravialorum
719 1181 761 1235 De
782 1179 871 1234 Parca
892 1181 1001 1235 Meiere
1037 1220 1264 1235 ......
1302 1181 1391 1235 »289

209 1289 269 1344 239.
291 1289 480 1358 Depositarius
499 1286 644 1342 Generalis
663 1285 773 1339 Plumbi
793 1289 822 1339 et
841 1285 1043 1339 Plumbatorea
1081 1324 1265 1338 .....
1303 1305 1318 1339 »
1337 1285 1391 1340 290

209 1395 271 1448 240.
293 1394 332 1449 De
351 1393 448 1447 officiis
468 1391 620 1447 Venalibus
640 1391 821 1444 Vacabilibua
859 1429 1266 1444 ..........
1304 1409 1320 1444 »
1352 1391 1389 1444 ibl

208 1500 269 1554 241.
289 1499 346 1553 Leo
365 1498 428 1552 Xlll
449 1497 595 1567 abrogavit
614 1498 641 1550 in
663 1495 751 1550 Bullis
770 1496 961 1551 characterem
981 1496 1163 1561 teutonicum,
1183 1495 1267 1563 Sigil-

317 1601 374 1656 lum
395 1601 471 1654 rubri
491 1601 591 1655 colnris
610 1600 756 1654 substituit
776 1600 906 1670 plumbeo
924 1601 952 1654 in
971 1600 1099 1654 omnibus
1119 1596 1217 1664 Bullia,
1233 1598 1267 1651 iis

316 1709 440 1776 exceptis
458 1707 559 1778 quibus
578 1708 758 1794 conferuntur
777 1707 914 1761 beneficia
936 1706 1043 1759 maiora
1079 1743 1263 1758 .....
1304 1703 1392 1758 »294

208 1817 271 1870 242.
290 1813 389 1868 Bullae
414 1813 598 1882 expediuntur
625 1813 698 1868 aliae
720 1827 775 1884 per
800 1815 874 1866 emm
902 1813 1110 1878 cancellar-ne,
1135 1812 1192 1865 alia
1212 1829 1268 1883 per

316 1923 390 1976 viam
410 1922 445 1976 de
467 1919 583 1975 Camere
591 1957 1266 1974 ................
1303 1936 1321 1973 »
1339 1919 1394 1972 295

209 2029 271 2084 243.
291 2029 521 2098 Expeditionibus
540 2029 682 2083 Bullarum
701 2046 754 2100 per
772 2031 847 2082 viam
864 2031 900 2082 de
922 2026 1040 2082 Carmera
1059 2031 1169 2096 praeest
1188 2025 1269 2081 Vice-

318 2133 501 2191 cancellarius
520 2152 575 2206 qua
595 2135 745 2188 Summista
767 2173 1266 2187 ............
1305 2152 1321 2187 »
1340 2133 1394 2188 296

210 2243 272 2296 244.
291 2242 432 2303 Quaenam
452 2240 741 2313 Bullaeetquomodo
760 2240 943 2310 expediantur
963 2257 1011 2310 per
1029 2241 1103 2294 viam
1122 2245 1267 2295 secretam.
1304 2260 1321 2296 1»
1353 2243 1392 2295 ibi

213 2347 275 2400 245.
295 2345 395 2401 Bullae
413 2347 598 2416 expediuntur
616 2346 701 2400 etiam
719 2363 772 2416 per
790 2349 865 2398 aiam
884 2347 920 2398 de
941 2345 1026 2399 Curia
1038 2383 1267 2397 ......
1306 2345 1394 2398 »297
1494 2335 1498 2342 ’

211 2452 274 2506 246.
294 2451 411 2506 Praeter
429 2452 538 2506 modum
557 2451 750 2520 expeditionis,
769 2450 868 2505 Bullaa
881 2450 1108 2504 discriminantur
1120 2450 1205 2504 etiarn
1218 2466 1268 2502 ra-

320 2562 392 2614 liene
411 2562 523 2628 formae
541 2575 596 2628 qua
617 2556 812 2625 concipiuntur
813 2593 1267 2610 ...........
1307 2573 1322 2608 »
1354 2556 1393 2608 ibi

212 2668 274 2721 247.
294 2664 393 2720 Bullaa
412 2667 621 2736 distinguuntur
640 2683 657 2719 a
676 2667 810 2720 Brevibua
814 2703 1267 2718 ...........
1305 2683 1322 2718 »
1341 2664 1395 2718 298

212 2775 274 2830 248.
294 2776 360 2829 Tria
378 2774 518 2830 habentur
536 2775 627 2828 officia
646 2775 788 2830 Brevium:
811 2775 837 2840 l)
857 2773 1014 2828 Secretaria
1027 2774 1159 2827 Brevium
1175 2773 1273 2828 Secre-

319 2883 426 2940 torum:
446 2879 474 2945 2)
494 2877 618 2930 Officium
638 2881 667 2931 et
691 2875 756 2930 hinc
780 2877 912 2930 Officialis
931 2877 1064 2931 Brevium
1088 2877 1117 2932 in
1142 2876 1271 2943 Dataria3

320 2984 348 3056 3)
368 2985 524 3040 Secretaria
543 2984 672 3037 Brevium
693 2982 726 3036 ad
747 2983 890 3052 Principes
904 3022 1268 3036 .........
1307 2983 1397 3038 »299

213 3091 274 3146 249.
296 3090 335 3145 Da
360 3090 547 3159 competentia
572 3094 631 3142 tum
656 3088 830 3144 Secretariae
856 3088 985 3142 Brevium
1011 3087 1187 3142 Secrctcrum
1211 3092 1271 3141 tum

322 3199 410 3253 Officii
430 3198 558 3254 Brevium
579 3198 607 3251 in
628 3196 741 3251 Dataria
760 3213 794 3250 ax
813 3197 906 3250 Const.
927 3197 1155 3250 «Gravissimum
1174 3196 1271 3252 Eccle-

321 3305 408 3360 siae»
428 3303 529 3359 Bened.
549 3301 615 3356 xlv
634 3341 1268 3355 ...............
1307 3320 1323 3355 »
1357 3303 1396 3356 ibi

213 3415 276 3469 250.
296 3412 335 3467 De
354 3411 511 3468 Secretaria
530 3410 659 3466 Brevium
679 3408 854 3464 Secreterum
861 3447 1271 3462 ..........
1307 3427 1325 3466 »
1343 3409 1392 3464 301

215 3516 276 3571 251.
297 3516 337 3572 De
356 3515 474 3570 Officiali
494 3515 623 3570 Brevium
643 3514 670 3566 in
693 3513 806 3567 Dataria
818 3553 1004 3566 .....
1011 3517 1014 3522 ’
1042 3551 1271 3565 ......
1309 3530 1326 3565 »
1357 3512 1396 3565 ibi

215 3623 276 3676 252.
297 3620 336 3675 De
355 3619 511 3674 Secretario
530 3619 660 3672 Brevium
680 3618 713 3672 ad
733 3618 877 3687 Principes
907 3657 1271 3671 .........
1309 3635 1325 3670 »
1356 3617 1399 3671 ibi

581 3855 598 3916 5
618 3853 642 3904 2.
665 3851 705 3904 De
724 3850 843 3904 Daturia
861 3851 1030 3920 Apostolicn.

216 4044 277 4099 253.
297 4045 412 4098 Datarie
430 4049 473 4098 cst
492 4043 617 4098 Officium
635 4049 745 4115 prutina
765 4061 922 4112 concessura·
941 4049 970 4099 et
983 4042 1160 4098 cancellaria
1173 4047 1216 4098 est
1228 4043 1275 4096 Os·

324 4152 417 4205 ficium
436 4152 545 4221 prutina
564 4151 712 4221 repeditare
724 4188 1224 4204 ............
1261 4167 1325 4220 paq.
1345 4149 1400 4203 302

216 4259 278 4314 254.
299 4259 338 4314 Ile
357 4259 488 4315 Datariae
508 4247 695 4328 competentia
715 4275 786 4330 quae
805 4263 916 4313 constat
936 4257 1040 4328 duplici
1065 4257 1210 4326 potissimo
1228 4274 1275 4327 ge·

324 4378 391 4417 nere
410 4363 586 4433 negotiorum
593 4399 1272 4416 ................
1311 4379 1327 4414 »
1346 4359 1401 4415 303
