3292 5109
481 288 524 336 oa
548 288 688 337 runicus
711 288 978 338 uccuasrcsrrcrs
1274 272 1320 339 75

139 407 173 473 Si
197 428 284 475 nova
306 410 469 481 audientia
499 414 707 495 concedatur,
728 420 806 480 tunc
829 414 1000 500 disputatio
1023 419 1175 481 versatur
1197 414 1256 479 sub
1280 434 1319 480 eo

138 533 252 602 dubio:
280 538 338 603 An
360 538 402 603 sit
425 538 587 605 standum
613 541 665 605 cel
688 540 917 607 recedendum
940 559 963 605 u
985 539 1116 607 deciam.
1140 576 1158 589 -
1184 541 1320 609 Reiecta

137 677 219 723 vero
243 661 399 744 petitione
431 681 535 727 novae
564 662 765 745 audientiae,
794 663 922 729 iubetur
951 663 1132 729 sententiae
1162 662 1320 729 iudicialis

138 786 311 873 expeditio,
324 809 422 873 quam
438 794 611 875 exequitur
623 792 753 859 Peneus
769 792 893 859 edendo
909 792 1103 857 sententiam
1119 790 1319 858 conformem

137 914 284 999 prolatae
316 916 488 989 decisioni,
512 920 664 985 nimirum
689 919 734 984 illi
759 918 923 1000 decisioni,
944 937 1028 1004 quae
1049 918 1103 984 vel
1127 937 1194 983 non
1216 919 1319 1002 impu-

138 1042 239 1123 gnata
263 1039 316 1105 vel
339 1038 379 1105 ab
403 1039 614 1107 Auditoribus
644 1038 834 1108 confirmata
864 1047 921 1107 aut
943 1047 1093 1106 correcta
1119 1040 1321 1127 praecipitur

138 1159 269 1226 traduci
291 1162 325 1226 in
348 1165 550 1229 sententiam.
569 1198 587 1211 ·
606 1163 822 1238 Quamobrem
841 1163 920 1229 illud
936 1170 985 1231 est
999 1166 1130 1229 omnino
1153 1165 1319 1250 proprium

141 1282 219 1349 huic
241 1284 397 1351 tribunali
420 1292 454 1353 et
474 1287 548 1353 aliis
570 1290 605 1353 in
631 1290 732 1362 curia,
756 1309 872 1375 nempe
901 1308 962 1375 per
990 1288 1102 1354 taliter
1132 1288 1234 1355 editas
1263 1285 1320 1352 de·

141 1410 280 1477 cisiones
314 1411 433 1496 alloqui
468 1414 573 1479 amice
603 1417 637 1477 et
666 1412 958 1479 extraiudicialiter
990 1410 1238 1492 contendentes,
1274 1410 1321 1477 eis

140 1534 378 1601 manifestando
409 1535 547 1603 iudicum
579 1541 729 1611 mentem,
750 1536 854 1621 quoad
885 1508 1045 1603 meritum·
1059 1556 1186 1609 causae,
1202 1542 1239 1602 ut
1260 1535 1320 1603 sibi

141 1660 323 1734 consulant,
336 1662 364 1727 si
380 1661 498 1729 exinde
514 1664 700 1749 perspicere
724 1663 847 1749 possint
868 1663 921 1728 rel
944 1661 1066 1729 iudices
1088 1682 1152 1726 non
1176 1680 1320 1747 congrue

142 1782 342 1850 intellexisse
359 1783 440 1850 lacti
452 1787 680 1870 quaestionem,
693 1784 746 1851 rel
759 1787 808 1851 ius
822 1804 887 1849 non
903 1784 986 1850 bene
997 1786 1227 1870 interpretatos
1237 1802 1319 1865 esse,

141 1907 193 1972 rel
217 1912 388 1993 umarnque
423 1910 641 1993 quaestionem
675 1910 756 1975 iuris
790 1915 824 1978 et
857 1908 934 1974 facti
958 1908 1098 1975 nondum
1121 1905 1321 1974 sufficienter

142 2029 240 2095 fuisse
262 2033 452 2117 expositam.

232 2154 423 2221 Huiusmodi
453 2156 554 2223 moris
584 2156 676 2243 origo
703 2161 737 2221 et
759 2175 859 2221 causa
879 2157 913 2223 in
938 2153 1082 2221 tenebris
1107 2154 1188 2221 latet
1213 2172 1320 2218 remo-

141 2280 236 2345 tioris
246 2283 458 2366 antiquitatis,
470 2282 526 2349 sed
542 2282 752 2369 probabiliter
766 2284 885 2367 duplici
900 2281 1113 2349 adscribenda
1127 2287 1177 2347 est
1192 2281 1318 2352 rationi,

145 2402 242 2471 alteri
273 2406 460 2479 historicae,
484 2406 640 2473 iuridicae
663 2406 769 2473 alteri.
791 2444 809 2457 ·
835 2409 941 2494 lpsum
965 2404 1156 2473 Auditorum
1179 2406 1319 2491 primor-

144 2527 227 2595 diale
249 2550 377 2611 munus,
399 2550 461 2616 quo
484 2530 608 2597 scilicet
630 2532 682 2599 isti
704 2536 802 2598 antea
824 2550 937 2597 causas
960 2534 1083 2603 tantum
1105 2529 1318 2599 instruebant.

144 2660 175 2722 et
189 2666 304 2743 postea
318 2656 430 2742 Papae
445 2659 476 2723 in
495 2658 692 2725 consistorio
710 2658 900 2725 referebant
914 2662 987 2723 acta
1001 2663 1034 2723 et
1048 2654 1193 2742 probata
1210 2656 1241 2719 ri
1261 2673 1321 2720 sua

145 2779 329 2845 secumtulit
352 2778 447 2845 etiam
471 2800 595 2845 morem
623 2778 827 2867 significandi
849 2782 1041 2867 argumenta
1063 2799 1106 2846 cx
1129 2798 1246 2844 causae
1269 2778 1318 2843 vi·

146 2904 291 2971 secribus
315 2906 533 2991 erumpentia,
558 2910 635 2971 nata
657 2906 798 2971 animum
821 2904 934 2970 iudicis
956 2905 1115 2971 inclinare
1138 2905 1171 2967 in
1194 2907 1318 2967 certam

145 3032 346 3113 sententiam,
380 3028 501 3095 Deinde
523 3030 585 3097 ista
607 3030 723 3099 relatio
746 3032 833 3097 inter
855 3034 930 3095 acta
952 3048 1121 3115 processus
1150 3026 1319 3091 amandari

145 3156 264 3241 coepit;
289 3127 372 3240 quae
395 3154 530 3240 proinde
552 3154 696 3243 partibus
719 3155 857 3241 patebat,
871 3160 1042 3239 antequam
1065 3153 1226 3219 sententia
1248 3172 1320 3238 pro

132 3249 297 3345 terretur.
322 3276 427 3352 Quum
450 3277 623 3344 auditores
653 3279 776 3347 iudices
798 3276 904 3345 effecti
929 3284 1019 3360 sunt,
1044 3297 1166 3342 morem
1189 3296 1320 3342 conser-

144 3409 262 3469 varunt
285 3402 399 3469 edendi
434 3422 551 3471 causae
585 3404 780 3471 decisionem
816 3386 1092 3470 extraiudicialcm
1114 3409 1192 3468 ante
1217 3403 1319 3489 ipsam

145 3527 335 3592 sententiam
359 3525 466 3592 iudicii
490 3524 697 3609 definitivam,
715 3548 752 3591 eo
772 3527 906 3593 consilio
929 3532 965 3593 ut
986 3527 1113 3613 plenior
1135 3531 1168 3591 et
1190 3525 1320 3591 facilior

145 3652 287 3735 partibus
310 3656 442 3736 praesto
465 3654 551 3717 esset
573 3649 769 3717 defensionis
792 3653 854 3717 via.
881 3686 899 3700 -
924 3653 976 3716 En
998 3650 1194 3717 decisionum
1218 3652 1319 3717 Rota-

144 3773 217 3840 lium
240 3775 333 3842 ratic
357 3774 525 3841 historica.

231 3898 325 3965 Haec
340 3904 447 3963 autem
463 3899 660 3985 procedendi
684 3902 767 3966 ratic
789 3900 933 3981 inolevit,
946 3902 1063 3986 quippe
1078 3899 1253 3967 conformis
1276 3900 1320 3965 in·

147 4020 208 4087 doli
231 4022 296 4087 fori
319 4022 529 4091 ecclesiastici
546 4020 602 4109 (1),
615 4025 649 4089 in
667 4042 730 4108 quo
757 4024 881 4090 iudices
903 4022 996 4089 modo
1011 4023 1171 4089 amicabili
1194 4029 1320 4089 contro

149 4148 268 4215 tersius
291 4168 487 4235 componere
503 4154 655 4237 satagunt
677 4155 710 4215 et
731 4169 791 4235 pro
807 4149 891 4215 bone
907 4157 940 4216 ct
957 4170 1071 4236 aequo,
1087 4152 1225 4238 seposito
1240 4151 1321 4217 iuris

230 4412 272 4484 (ll
290 4412 331 4469 cf.
352 4413 408 4471 rol.
426 4414 446 4479 1,
464 4432 492 4470 n.
511 4414 538 4472 4.
