3292 5109
297 262 341 329 24
816 284 900 331 raas
925 282 963 341 ιι.

297 421 407 467 cesum
438 423 457 467 a
488 403 601 487 quibus
635 404 754 472 distant
785 407 818 469 in
853 404 1030 489 quibusque
1060 405 1210 492 Episcopi
1245 411 1320 472 sunt
1354 406 1475 472 iudices

294 528 364 591 nati
387 533 420 592 et
442 532 597 614 pastores.

386 653 510 718 Verum
536 656 610 738 quia
632 654 777 739 pluribus
797 657 830 719 in
855 654 1040 740 regionibus
1063 656 1216 741 Episcopi
1238 674 1259 720 a
1280 656 1365 721 laica
1387 660 1475 740 pote-

295 783 377 843 state
408 780 625 864 impediuntur
656 782 826 865 quominus
858 780 1000 866 synodos
1035 786 1153 865 cogant
1181 782 1234 846 vel
1265 782 1325 867 ipsi
1356 801 1476 846 conve·

295 902 387 967 uiant
409 904 442 966 in
458 902 595 967 concilia
618 904 837 988 provincialia,
863 904 993 988 negotia
1016 903 1170 988 graviora
1184 901 1225 967 ad
1248 902 1308 966 has
1325 903 1475 987 regiones

295 1030 474 1111 spectantia
496 1030 548 1113 agi
572 1027 677 1093 solent
708 1028 832 1094 Romae
862 1029 946 1114 apud
978 1030 1009 1095 S.
1034 1030 1320 1116 Congregationes.
1349 1032 1394 1093 At
1416 1048 1476 1115 pro

294 1152 374 1217 locis
398 1152 452 1217 ubi
474 1154 588 1239 synodi
616 1154 667 1217 vel
695 1154 908 1239 provincialia
935 1156 1073 1220 concilia
1094 1154 1209 1220 haberi
1233 1174 1298 1218 non
1325 1156 1474 1239 possunt,

295 1280 326 1345 S.
352 1278 452 1365 Cong.
479 1281 611 1346 Consilii
636 1300 735 1365 usque
759 1283 858 1345 instat
880 1288 916 1345 ut
939 1283 1002 1367 legi
1031 1280 1193 1347 communi
1224 1279 1475 1365 obtemperetur.

297 1404 387 1469 Nova
415 1406 658 1471 consultationis
689 1408 772 1471 ratio
803 1406 898 1471 hodie
932 1407 1044 1470 forsan
1079 1407 1185 1491 aptior
1215 1410 1248 1470 et
1276 1403 1477 1488 temporibus

294 1528 565 1593 accommodatior
596 1529 726 1596 inducta
756 1535 805 1595 est
836 1550 896 1615 per
924 1529 1120 1597 collationes
1142 1530 1372 1612 Episcopatus,
1397 1546 1477 1612 quas

295 1654 447 1738 Episcopi
473 1654 607 1719 alicuius
632 1656 773 1740 regionis
797 1655 924 1740 singulo
955 1674 1082 1738 quoque
1111 1673 1208 1727 anno,
1233 1653 1361 1719 concilii
1385 1672 1476 1738 prae

292 1778 442 1841 termissa
466 1776 572 1841 forma
595 1784 627 1845 et
645 1778 858 1857 solemnitate,
875 1777 997 1842 habent
1014 1797 1052 1842 eo
1069 1777 1206 1841 consilio
1225 1781 1260 1841 ut
1274 1776 1474 1863 prospiciant

294 1900 511 1985 spiritualibus
542 1902 788 1967 necessitatibus
815 1922 948 1968 suarum
973 1902 1165 1967 dioecesum.
1199 1900 1388 1967 Huiusmodi
1412 1902 1478 1966 col-

294 2022 430 2089 lationes
452 2025 615 2089 institutae
639 2024 773 2089 inerunt
796 2043 856 2110 pro
882 2026 976 2089 ltalia
999 2025 1054 2090 die
1075 2024 1126 2089 24
1149 2025 1237 2111 Auq.
1259 2025 1352 2091 1889
1374 2028 1408 2091 et
1429 2025 1478 2087 in-

292 2147 408 2212 ductae
432 2148 565 2212 fuerunt
589 2150 684 2212 etiam
701 2150 734 2213 iu
751 2167 888 2233 regnum
913 2148 1100 2213 Lusitauum
1118 2146 1250 2213 decreto
1266 2147 1334 2213 diei
1348 2147 1401 2213 25
1417 2146 1474 2211 la·

256 2254 258 2259 ’
294 2274 414 2337 auara
436 2272 530 2339 1891.

382 2396 435 2462 25.
462 2398 513 2461 Ex
537 2398 692 2463 hactenus
716 2397 810 2463 dictis
834 2417 1005 2463 censemus
1029 2396 1228 2463 sufficienter
1249 2397 1350 2464 fuisse
1373 2399 1475 2485 expli-

294 2527 399 2588 catam
412 2523 442 2589 S.
457 2524 749 2610 congregationum
762 2528 922 2596 naturam,
937 2525 1109 2609 praecipue
1122 2525 1214 2588 iuxta
1226 2523 1419 2589 hodiernam
1430 2524 1475 2590 di-

295 2648 474 2733 sciplinam.
493 2684 510 2697 -
529 2650 649 2713 Tamen
667 2654 703 2714 ut
724 2654 855 2715 nostrae
880 2650 1079 2732 inquisitioni
1101 2651 1189 2714 omni
1212 2670 1256 2714 ex
1279 2654 1370 2734 parte
1386 2652 1475 2715 satis-

294 2772 459 2845 faciemus,
478 2773 669 2858 explicanda
684 2779 734 2839 est
748 2774 863 2838 divisio
878 2793 960 2857 quae
979 2775 1098 2859 passim
1121 2773 1205 2859 apud
1225 2776 1408 2839 canonistas
1423 2776 1474 2839 in-

294 2900 415 2981 nuitur,
428 2900 579 2963 nimirum
592 2899 705 2963 divisio
716 2901 750 2963 in
763 2900 888 2964 curiam
900 2900 1032 2967 Gratiae
1050 2904 1082 2964 et
1094 2901 1239 2965 Iustitiae
1252 2897 1309 2987 (1).
1323 2900 1474 2966 Iamvero

293 3025 467 3099 recolatur,
485 3026 607 3089 curiam
631 3044 728 3089 seusu
751 3024 865 3091 stricto
890 3030 1049 3109 sumptam
1073 3024 1351 3110 comprehendere
1366 3028 1474 3091 omnia

294 3168 430 3215 munera
445 3149 594 3215 ordinata
609 3150 648 3213 ad
665 3148 933 3235 gubernationem
948 3148 1103 3215 dioecesis
1118 3169 1272 3215 romanae
1286 3150 1340 3216 vel
1356 3150 1472 3216 Eccle-

294 3275 362 3340 siae
383 3273 586 3339 universalis.
605 3272 658 3338 Ex
673 3273 724 3338 his
741 3272 928 3339 muneribus
951 3275 1106 3338 nonnulla
1122 3280 1319 3341 exercentur
1342 3280 1474 3359 praeter

293 3415 527 3479 quamcumque
543 3398 781 3483 contentionem
801 3396 993 3471 iudicialem,
1011 3398 1128 3482 quippe
1151 3399 1321 3463 intendunt
1336 3398 1377 3463 ad
1396 3399 1472 3464 sim·

248 3520 253 3529 '
293 3520 411 3603 plicem
434 3519 671 3604 expeditionem
695 3525 841 3585 actorum
859 3522 981 3605 Papae;
1006 3519 1185 3586 huiusmodi
1208 3522 1338 3606 negotia
1356 3528 1473 3609 agunt:

383 3643 417 3729 a)
443 3643 628 3709 secretaria
652 3644 776 3719 Status;

384 3769 416 3854 b)
439 3771 624 3836 Secretaria
649 3772 818 3845 Brevium;

385 3894 414 3983 c)
439 3896 622 3961 Secretaria
645 3896 891 3962 Memorialium.

384 4021 562 4086 Praeterea
585 4020 649 4085 alia
668 4020 783 4105 Officia
800 4040 865 4086 uon
883 4027 1041 4086 exercent
1064 4023 1317 4088 iurisdictionem
1341 4028 1472 4089 conten·

293 4144 407 4209 tiosam
431 4142 487 4209 sed
510 4144 725 4209 voluntariam
749 4148 783 4208 et
804 4144 1005 4228 pretiosam.
1030 4145 1154 4211 scilicet
1176 4141 1350 4213 conferunt
1372 4144 1473 4211 bene·

383 4408 422 4479 (l)
442 4408 481 4462 Gi.
496 4408 534 4464 De
548 4408 682 4475 Camillis,
699 4408 763 4463 bist.
777 4410 851 4463 iuris
865 4428 924 4463 ran.
939 4410 1014 4463 Part.
1029 4410 1060 4474 Π,
1082 4410 1130 4463 lib.
1147 4411 1169 4476 l,
1189 4427 1248 4479 cap.
1262 4412 1288 4475 2,
1307 4415 1359 4463 art.
1373 4412 1400 4474 2,
1413 4415 1431 4475 S
1444 4410 1471 4465 3.
