<?xml version="1.0" encoding="UTF-8"?>
<!DOCTYPE html PUBLIC "-//W3C//DTD XHTML 1.0 Transitional//EN"
    "http://www.w3.org/TR/xhtml1/DTD/xhtml1-transitional.dtd">
<html xmlns="http://www.w3.org/1999/xhtml" xml:lang="en" lang="en">
 <head>
  <title>
</title>
<meta http-equiv="Content-Type" content="text/html;charset=utf-8" />
  <meta name='ocr-system' content='tesseract 3.04.00' />
  <meta name='ocr-capabilities' content='ocr_page ocr_carea ocr_par ocr_line ocrx_word'/>
</head>
<body>
  <div class='ocr_page' id='page_1' title='image "./praelectionesin03legagoog_0253.png"; bbox 0 0 3292 5109; ppageno 0'>
   <div class='ocr_carea' id='block_1_1' title="bbox 493 276 1332 345">
    <p class='ocr_par' dir='ltr' id='par_1_1' title="bbox 493 276 1332 345">
     <span class='ocr_line' id='line_1_1' title="bbox 493 276 1332 345; baseline -0.002 -1"><span class='ocrx_word' id='word_1_1' title='bbox 493 297 538 344; x_wconf 80' lang='lat' dir='ltr'>ns</span> <span class='ocrx_word' id='word_1_2' title='bbox 561 294 701 345; x_wconf 83' lang='lat' dir='ltr'>runicus</span> <span class='ocrx_word' id='word_1_3' title='bbox 729 294 995 345; x_wconf 73' lang='lat' dir='ltr'>rccnssrnsrrcrs</span> <span class='ocrx_word' id='word_1_4' title='bbox 1265 276 1332 342; x_wconf 83' lang='lat'>249</span> 
     </span>
    </p>
   </div>
   <div class='ocr_carea' id='block_1_2' title="bbox 144 415 1333 1491">
    <p class='ocr_par' dir='ltr' id='par_1_2' title="bbox 144 415 1333 879">
     <span class='ocr_line' id='line_1_2' title="bbox 144 415 1333 503; baseline -0.001 -22"><span class='ocrx_word' id='word_1_5' title='bbox 144 420 265 481; x_wconf 79' lang='lat' dir='ltr'>turtur</span> <span class='ocrx_word' id='word_1_6' title='bbox 299 435 319 481; x_wconf 84' lang='lat' dir='ltr'>a</span> <span class='ocrx_word' id='word_1_7' title='bbox 351 415 509 503; x_wconf 79' lang='lat' dir='ltr'>singulari</span> <span class='ocrx_word' id='word_1_8' title='bbox 543 416 705 503; x_wconf 84' lang='lat' dir='ltr'>gravitate</span> <span class='ocrx_word' id='word_1_9' title='bbox 740 434 882 480; x_wconf 90' lang='lat' dir='ltr'>casuum.</span> <span class='ocrx_word' id='word_1_10' title='bbox 920 416 1102 501; x_wconf 80' lang='lat' dir='ltr'>Praecipue</span> <span class='ocrx_word' id='word_1_11' title='bbox 1132 415 1333 501; x_wconf 84' lang='lat' dir='ltr'>indulgentia</span> 
     </span>
     <span class='ocr_line' id='line_1_3' title="bbox 147 542 1331 629; baseline -0.003 -21"><span class='ocrx_word' id='word_1_12' title='bbox 147 543 307 627; x_wconf 87' lang='lat' dir='ltr'>plenaria,</span> <span class='ocrx_word' id='word_1_13' title='bbox 327 542 420 609; x_wconf 87' lang='lat' dir='ltr'>toties</span> <span class='ocrx_word' id='word_1_14' title='bbox 435 542 565 627; x_wconf 82' lang='lat' dir='ltr'>quoties</span> <span class='ocrx_word' id='word_1_15' title='bbox 583 542 750 617; x_wconf 88' lang='lat' dir='ltr'>lucranda,</span> <span class='ocrx_word' id='word_1_16' title='bbox 770 543 944 607; x_wconf 82' lang='lat' dir='ltr'>maximam</span> <span class='ocrx_word' id='word_1_17' title='bbox 967 542 1073 607; x_wconf 81' lang='lat' dir='ltr'>refert</span> <span class='ocrx_word' id='word_1_18' title='bbox 1096 544 1331 629; x_wconf 81' lang='lat' dir='ltr'>exceptionem,</span> 
     </span>
     <span class='ocr_line' id='line_1_4' title="bbox 146 665 1332 753; baseline -0.001 -22"><span class='ocrx_word' id='word_1_19' title='bbox 146 668 226 751; x_wconf 85' lang='lat' dir='ltr'>quia</span> <span class='ocrx_word' id='word_1_20' title='bbox 250 666 464 753; x_wconf 76' lang='lat' dir='ltr'>indulgentias</span> <span class='ocrx_word' id='word_1_21' title='bbox 487 668 582 731; x_wconf 88' lang='lat' dir='ltr'>etiam</span> <span class='ocrx_word' id='word_1_22' title='bbox 606 666 769 751; x_wconf 79' lang='lat' dir='ltr'>partiales</span> <span class='ocrx_word' id='word_1_23' title='bbox 794 666 828 731; x_wconf 85' lang='lat' dir='ltr'>vi</span> <span class='ocrx_word' id='word_1_24' title='bbox 854 685 925 739; x_wconf 87' lang='lat' dir='ltr'>sua,</span> <span class='ocrx_word' id='word_1_25' title='bbox 952 684 1017 731; x_wconf 89' lang='lat' dir='ltr'>una</span> <span class='ocrx_word' id='word_1_26' title='bbox 1037 670 1162 731; x_wconf 82' lang='lat' dir='ltr'>tanturn</span> <span class='ocrx_word' id='word_1_27' title='bbox 1186 667 1259 731; x_wconf 86' lang='lat' dir='ltr'>rice</span> <span class='ocrx_word' id='word_1_28' title='bbox 1281 665 1332 730; x_wconf 91' lang='lat' dir='ltr'>lu·</span> 
     </span>
     <span class='ocr_line' id='line_1_5' title="bbox 148 790 680 879; baseline 0.002 -23"><span class='ocrx_word' id='word_1_29' title='bbox 148 792 240 857; x_wconf 87' lang='lat' dir='ltr'>orari</span> <span class='ocrx_word' id='word_1_30' title='bbox 264 790 410 858; x_wconf 89' lang='lat' dir='ltr'>fidelibus</span> <span class='ocrx_word' id='word_1_31' title='bbox 434 792 597 879; x_wconf 88' lang='lat' dir='ltr'>integrum</span> <span class='ocrx_word' id='word_1_32' title='bbox 622 796 680 858; x_wconf 87' lang='lat' dir='ltr'>est.</span> 
     </span>
    </p>

    <p class='ocr_par' dir='ltr' id='par_1_3' title="bbox 150 912 1333 1491">
     <span class='ocr_line' id='line_1_6' title="bbox 242 912 1329 997; baseline 0 -18"><span class='ocrx_word' id='word_1_33' title='bbox 242 915 334 979; x_wconf 86' lang='lat' dir='ltr'>Inter</span> <span class='ocrx_word' id='word_1_34' title='bbox 357 913 565 987; x_wconf 88' lang='lat' dir='ltr'>conditiones,</span> <span class='ocrx_word' id='word_1_35' title='bbox 583 913 697 997; x_wconf 91' lang='lat' dir='ltr'>quibus</span> <span class='ocrx_word' id='word_1_36' title='bbox 719 912 981 979; x_wconf 76' lang='lat' dir='ltr'>satisfaciendum</span> <span class='ocrx_word' id='word_1_37' title='bbox 1004 920 1053 979; x_wconf 87' lang='lat' dir='ltr'>est</span> <span class='ocrx_word' id='word_1_38' title='bbox 1075 934 1096 979; x_wconf 90' lang='lat' dir='ltr'>a</span> <span class='ocrx_word' id='word_1_39' title='bbox 1119 912 1264 980; x_wconf 87' lang='lat' dir='ltr'>fidelibus</span> <span class='ocrx_word' id='word_1_40' title='bbox 1288 913 1329 979; x_wconf 88' lang='lat' dir='ltr'>ad</span> 
     </span>
     <span class='ocr_line' id='line_1_7' title="bbox 151 1036 1333 1123; baseline 0 -22"><span class='ocrx_word' id='word_1_41' title='bbox 151 1036 326 1103; x_wconf 87' lang='lat' dir='ltr'>lucrandas</span> <span class='ocrx_word' id='word_1_42' title='bbox 348 1036 584 1123; x_wconf 87' lang='lat' dir='ltr'>indulgentias,</span> <span class='ocrx_word' id='word_1_43' title='bbox 608 1036 765 1101; x_wconf 88' lang='lat' dir='ltr'>nonnulla</span> <span class='ocrx_word' id='word_1_44' title='bbox 788 1036 842 1121; x_wconf 90' lang='lat' dir='ltr'>pia</span> <span class='ocrx_word' id='word_1_45' title='bbox 865 1056 964 1121; x_wconf 88' lang='lat' dir='ltr'>opera</span> <span class='ocrx_word' id='word_1_46' title='bbox 987 1036 1262 1121; x_wconf 88' lang='lat' dir='ltr'>praescribuntur,</span> <span class='ocrx_word' id='word_1_47' title='bbox 1286 1042 1333 1101; x_wconf 91' lang='lat' dir='ltr'>ut·</span> 
     </span>
     <span class='ocr_line' id='line_1_8' title="bbox 152 1164 1332 1248; baseline -0.001 -21"><span class='ocrx_word' id='word_1_48' title='bbox 152 1170 228 1248; x_wconf 89' lang='lat' dir='ltr'>puta</span> <span class='ocrx_word' id='word_1_49' title='bbox 251 1164 393 1229; x_wconf 79' lang='lat' dir='ltr'>visitatio</span> <span class='ocrx_word' id='word_1_50' title='bbox 417 1164 583 1229; x_wconf 86' lang='lat' dir='ltr'>Ecclesiae</span> <span class='ocrx_word' id='word_1_51' title='bbox 599 1164 651 1228; x_wconf 88' lang='lat' dir='ltr'>vel</span> <span class='ocrx_word' id='word_1_52' title='bbox 667 1164 789 1235; x_wconf 88' lang='lat' dir='ltr'>altaris,</span> <span class='ocrx_word' id='word_1_53' title='bbox 815 1165 979 1235; x_wconf 88' lang='lat' dir='ltr'>ieiunium,</span> <span class='ocrx_word' id='word_1_54' title='bbox 1004 1164 1220 1248; x_wconf 82' lang='lat' dir='ltr'>eleemosyna,</span> <span class='ocrx_word' id='word_1_55' title='bbox 1236 1181 1332 1227; x_wconf 86' lang='lat' dir='ltr'>sacra</span> 
     </span>
     <span class='ocr_line' id='line_1_9' title="bbox 152 1283 1331 1381; baseline -0.003 -30"><span class='ocrx_word' id='word_1_56' title='bbox 152 1283 347 1381; x_wconf 69' lang='lat' dir='ltr'>commento</span> <span class='ocrx_word' id='word_1_57' title='bbox 371 1290 405 1349; x_wconf 86' lang='lat' dir='ltr'>et</span> <span class='ocrx_word' id='word_1_58' title='bbox 433 1284 694 1349; x_wconf 80' lang='lat' dir='ltr'>sacramentalis</span> <span class='ocrx_word' id='word_1_59' title='bbox 722 1283 897 1365; x_wconf 72' lang='lat' dir='ltr'>consessio.</span> <span class='ocrx_word' id='word_1_60' title='bbox 930 1283 1094 1349; x_wconf 87' lang='lat' dir='ltr'>Dehisce</span> <span class='ocrx_word' id='word_1_61' title='bbox 1123 1283 1331 1368; x_wconf 78' lang='lat' dir='ltr'>praescriptis</span> 
     </span>
     <span class='ocr_line' id='line_1_10' title="bbox 150 1405 798 1491; baseline -0.003 -20"><span class='ocrx_word' id='word_1_62' title='bbox 150 1405 302 1491; x_wconf 90' lang='lat' dir='ltr'>operibus</span> <span class='ocrx_word' id='word_1_63' title='bbox 325 1412 442 1472; x_wconf 88' lang='lat' dir='ltr'>cavent</span> <span class='ocrx_word' id='word_1_64' title='bbox 465 1407 637 1490; x_wconf 81' lang='lat' dir='ltr'>sequentes</span> <span class='ocrx_word' id='word_1_65' title='bbox 660 1406 798 1472; x_wconf 86' lang='lat' dir='ltr'>articuli.</span> 
     </span>
    </p>
   </div>
   <div class='ocr_carea' id='block_1_3' title="bbox 240 1508 1331 1597">
    <p class='ocr_par' dir='ltr' id='par_1_4' title="bbox 240 1508 1331 1597">
     <span class='ocr_line' id='line_1_11' title="bbox 240 1508 1331 1597; baseline -0.002 -2"><span class='ocrx_word' id='word_1_66' title='bbox 240 1531 318 1595; x_wconf 89' lang='lat' dir='ltr'>Xll.</span> <span class='ocrx_word' id='word_1_67' title='bbox 347 1508 601 1597; x_wconf 81' lang='lat' dir='ltr'>‹Concedcncti</span> <span class='ocrx_word' id='word_1_68' title='bbox 630 1530 845 1597; x_wconf 82' lang='lat' dir='ltr'>Dioecesibns</span> <span class='ocrx_word' id='word_1_69' title='bbox 874 1530 970 1596; x_wconf 89' lang='lat' dir='ltr'>intra</span> <span class='ocrx_word' id='word_1_70' title='bbox 1000 1534 1031 1595; x_wconf 91' lang='lat' dir='ltr'>et</span> <span class='ocrx_word' id='word_1_71' title='bbox 1060 1534 1161 1595; x_wconf 72' lang='lat' dir='ltr'>eontra</span> <span class='ocrx_word' id='word_1_72' title='bbox 1193 1529 1331 1594; x_wconf 86' lang='lat' dir='ltr'>ltaliam</span> 
     </span>
    </p>
   </div>
   <div class='ocr_carea' id='block_1_4' title="bbox 149 1654 1340 2003">
    <p class='ocr_par' dir='ltr' id='par_1_5' title="bbox 149 1654 1340 2003">
     <span class='ocr_line' id='line_1_12' title="bbox 149 1654 1331 1742; baseline 0.002 -23"><span class='ocrx_word' id='word_1_73' title='bbox 149 1654 380 1741; x_wconf 71' lang='lat' dir='ltr'>prioitepiam,</span> <span class='ocrx_word' id='word_1_74' title='bbox 397 1660 434 1721; x_wconf 84' lang='lat' dir='ltr'>nt</span> <span class='ocrx_word' id='word_1_75' title='bbox 448 1654 692 1742; x_wconf 68' lang='lat' dir='ltr'>indulgentias,</span> <span class='ocrx_word' id='word_1_76' title='bbox 702 1676 769 1739; x_wconf 83' lang='lat' dir='ltr'>pro</span> <span class='ocrx_word' id='word_1_77' title='bbox 786 1656 909 1740; x_wconf 79' lang='lat' dir='ltr'>quibas</span> <span class='ocrx_word' id='word_1_78' title='bbox 923 1656 1114 1741; x_wconf 77' lang='lat' dir='ltr'>requiritur</span> <span class='ocrx_word' id='word_1_79' title='bbox 1125 1654 1331 1721; x_wconf 80' lang='lat' dir='ltr'>Sacramen-</span> 
     </span>
     <span class='ocr_line' id='line_1_13' title="bbox 152 1779 1331 1866; baseline -0.001 -20"><span class='ocrx_word' id='word_1_80' title='bbox 152 1782 228 1847; x_wconf 85' lang='lat' dir='ltr'>tatis</span> <span class='ocrx_word' id='word_1_81' title='bbox 251 1780 433 1863; x_wconf 72' lang='lat' dir='ltr'>confessio,</span> <span class='ocrx_word' id='word_1_82' title='bbox 456 1781 587 1849; x_wconf 77' lang='lat' dir='ltr'>lucrari</span> <span class='ocrx_word' id='word_1_83' title='bbox 609 1782 746 1847; x_wconf 88' lang='lat' dir='ltr'>valeant</span> <span class='ocrx_word' id='word_1_84' title='bbox 771 1781 1021 1866; x_wconf 62' lang='lat' dir='ltr'>Chnstifideles,</span> <span class='ocrx_word' id='word_1_85' title='bbox 1042 1781 1102 1865; x_wconf 84' lang='lat' dir='ltr'>qai</span> <span class='ocrx_word' id='word_1_86' title='bbox 1125 1779 1331 1846; x_wconf 85' lang='lat' dir='ltr'>Sacramen-</span> 
     </span>
     <span class='ocr_line' id='line_1_14' title="bbox 153 1906 1340 2003; baseline -0.001 -32"><span class='ocrx_word' id='word_1_87' title='bbox 153 1909 253 1974; x_wconf 82' lang='lat' dir='ltr'>totem</span> <span class='ocrx_word' id='word_1_88' title='bbox 269 1906 516 1989; x_wconf 71' lang='lat' dir='ltr'>confessionem</span> <span class='ocrx_word' id='word_1_89' title='bbox 534 1926 704 1994; x_wconf 66' lang='lat' dir='ltr'>peragere</span> <span class='ocrx_word' id='word_1_90' title='bbox 727 1908 835 1974; x_wconf 87' lang='lat' dir='ltr'>solent</span> <span class='ocrx_word' id='word_1_91' title='bbox 857 1906 954 1990; x_wconf 73' lang='lat' dir='ltr'>infra</span> <span class='ocrx_word' id='word_1_92' title='bbox 977 1906 1067 1973; x_wconf 84' lang='lat' dir='ltr'>duas</span> <span class='ocrx_word' id='word_1_93' title='bbox 1089 1906 1340 2003; x_wconf 80' lang='lat' dir='ltr'>hebdomadas..</span> 
     </span>
    </p>
   </div>
   <div class='ocr_carea' id='block_1_5' title="bbox 148 2033 1331 4228">
    <p class='ocr_par' dir='ltr' id='par_1_6' title="bbox 151 2033 1331 2345">
     <span class='ocr_line' id='line_1_15' title="bbox 153 2033 1330 2121; baseline -0.003 -17"><span class='ocrx_word' id='word_1_94' title='bbox 153 2034 249 2105; x_wconf 84' lang='lat' dir='ltr'>Quod</span> <span class='ocrx_word' id='word_1_95' title='bbox 283 2040 398 2099; x_wconf 85' lang='lat' dir='ltr'>tamen</span> <span class='ocrx_word' id='word_1_96' title='bbox 428 2035 651 2121; x_wconf 73' lang='lat' dir='ltr'>pricilepinm</span> <span class='ocrx_word' id='word_1_97' title='bbox 688 2054 758 2101; x_wconf 91' lang='lat' dir='ltr'>non</span> <span class='ocrx_word' id='word_1_98' title='bbox 797 2036 1019 2110; x_wconf 83' lang='lat' dir='ltr'>concedatur,</span> <span class='ocrx_word' id='word_1_99' title='bbox 1043 2035 1111 2100; x_wconf 69' lang='lat' dir='ltr'>nin</span> <span class='ocrx_word' id='word_1_100' title='bbox 1147 2033 1330 2100; x_wconf 75' lang='lat' dir='ltr'>ordinario</span> 
     </span>
     <span class='ocr_line' id='line_1_16' title="bbox 152 2155 1331 2239; baseline -0.003 -16"><span class='ocrx_word' id='word_1_101' title='bbox 152 2156 321 2223; x_wconf 84' lang='lat' dir='ltr'>Diocaesis</span> <span class='ocrx_word' id='word_1_102' title='bbox 354 2174 515 2239; x_wconf 68' lang='lat' dir='ltr'>expresse</span> <span class='ocrx_word' id='word_1_103' title='bbox 544 2160 678 2239; x_wconf 80' lang='lat' dir='ltr'>petente</span> <span class='ocrx_word' id='word_1_104' title='bbox 705 2162 735 2222; x_wconf 90' lang='lat' dir='ltr'>et</span> <span class='ocrx_word' id='word_1_105' title='bbox 763 2156 804 2223; x_wconf 83' lang='lat' dir='ltr'>ob</span> <span class='ocrx_word' id='word_1_106' title='bbox 826 2157 1012 2239; x_wconf 83' lang='lat' dir='ltr'>penariam</span> <span class='ocrx_word' id='word_1_107' title='bbox 1042 2155 1331 2237; x_wconf 62' lang='lat' dir='ltr'>confessariorum</span> 
     </span>
     <span class='ocr_line' id='line_1_17' title="bbox 151 2284 330 2345; baseline 0 -2"><span class='ocrx_word' id='word_1_108' title='bbox 151 2284 282 2345; x_wconf 79' lang='lat' dir='ltr'>tantum</span> <span class='ocrx_word' id='word_1_109' title='bbox 299 2302 330 2343; x_wconf 69' lang='lat' dir='ltr'>r.</span> 
     </span>
    </p>

    <p class='ocr_par' dir='ltr' id='par_1_7' title="bbox 149 2398 1331 2986">
     <span class='ocr_line' id='line_1_18' title="bbox 238 2398 1331 2489; baseline 0.004 -19"><span class='ocrx_word' id='word_1_110' title='bbox 238 2398 334 2471; x_wconf 89' lang='lat' dir='ltr'>Xlll.</span> <span class='ocrx_word' id='word_1_111' title='bbox 362 2406 603 2474; x_wconf 84' lang='lat' dir='ltr'>Commutandi</span> <span class='ocrx_word' id='word_1_112' title='bbox 637 2406 845 2473; x_wconf 87' lang='lat' dir='ltr'>conditiones</span> <span class='ocrx_word' id='word_1_113' title='bbox 879 2425 940 2473; x_wconf 81' lang='lat' dir='ltr'>sea</span> <span class='ocrx_word' id='word_1_114' title='bbox 970 2406 1051 2489; x_wconf 82' lang='lat' dir='ltr'>pias</span> <span class='ocrx_word' id='word_1_115' title='bbox 1073 2409 1331 2475; x_wconf 73' lang='lat' dir='ltr'>exercitationes</span> 
     </span>
     <span class='ocr_line' id='line_1_19' title="bbox 151 2530 1330 2617; baseline 0.002 -24"><span class='ocrx_word' id='word_1_116' title='bbox 151 2531 196 2595; x_wconf 89' lang='lat' dir='ltr'>ad</span> <span class='ocrx_word' id='word_1_117' title='bbox 221 2530 524 2617; x_wconf 69' lang='lat' dir='ltr'>indulgentiarum</span> <span class='ocrx_word' id='word_1_118' title='bbox 557 2532 815 2617; x_wconf 81' lang='lat' dir='ltr'>acquisitionem</span> <span class='ocrx_word' id='word_1_119' title='bbox 843 2531 1094 2614; x_wconf 68' lang='lat' dir='ltr'>praescriptae,</span> <span class='ocrx_word' id='word_1_120' title='bbox 1117 2532 1155 2597; x_wconf 86' lang='lat' dir='ltr'>in</span> <span class='ocrx_word' id='word_1_121' title='bbox 1178 2532 1249 2597; x_wconf 85' lang='lat' dir='ltr'>alia</span> <span class='ocrx_word' id='word_1_122' title='bbox 1267 2531 1330 2613; x_wconf 83' lang='lat' dir='ltr'>pia</span> 
     </span>
     <span class='ocr_line' id='line_1_20' title="bbox 150 2653 1331 2742; baseline 0.001 -23"><span class='ocrx_word' id='word_1_123' title='bbox 150 2672 256 2737; x_wconf 86' lang='lat' dir='ltr'>opera</span> <span class='ocrx_word' id='word_1_124' title='bbox 279 2653 420 2721; x_wconf 88' lang='lat' dir='ltr'>omnino</span> <span class='ocrx_word' id='word_1_125' title='bbox 448 2660 479 2719; x_wconf 90' lang='lat' dir='ltr'>et</span> <span class='ocrx_word' id='word_1_126' title='bbox 501 2654 575 2737; x_wconf 73' lang='lat' dir='ltr'>fere</span> <span class='ocrx_word' id='word_1_127' title='bbox 598 2655 871 2740; x_wconf 74' lang='lat' dir='ltr'>aequivalentia5</span> <span class='ocrx_word' id='word_1_128' title='bbox 893 2656 1044 2742; x_wconf 71' lang='lat' dir='ltr'>eaceptrs</span> <span class='ocrx_word' id='word_1_129' title='bbox 1066 2675 1201 2738; x_wconf 60' lang='lat' dir='ltr'>semper*</span> <span class='ocrx_word' id='word_1_130' title='bbox 1215 2656 1331 2721; x_wconf 82' lang='lat' dir='ltr'>Indut-</span> 
     </span>
     <span class='ocr_line' id='line_1_21' title="bbox 152 2776 1331 2863; baseline 0.002 -22"><span class='ocrx_word' id='word_1_131' title='bbox 152 2776 274 2863; x_wconf 79' lang='lat' dir='ltr'>9entiir</span> <span class='ocrx_word' id='word_1_132' title='bbox 292 2778 463 2859; x_wconf 75' lang='lat' dir='ltr'>plenarias</span> <span class='ocrx_word' id='word_1_133' title='bbox 492 2796 610 2844; x_wconf 83' lang='lat' dir='ltr'>ror1ss</span> <span class='ocrx_word' id='word_1_134' title='bbox 641 2796 782 2851; x_wconf 81' lang='lat' dir='ltr'>Quorrss</span> <span class='ocrx_word' id='word_1_135' title='bbox 805 2784 838 2843; x_wconf 90' lang='lat' dir='ltr'>et</span> <span class='ocrx_word' id='word_1_136' title='bbox 860 2777 1010 2860; x_wconf 78' lang='lat' dir='ltr'>conceptis</span> <span class='ocrx_word' id='word_1_137' title='bbox 1040 2777 1141 2842; x_wconf 86' lang='lat' dir='ltr'>etiam</span> <span class='ocrx_word' id='word_1_138' title='bbox 1172 2776 1331 2843; x_wconf 82' lang='lat' dir='ltr'>conditio·</span> 
     </span>
     <span class='ocr_line' id='line_1_22' title="bbox 149 2902 1262 2986; baseline -0.001 -18"><span class='ocrx_word' id='word_1_139' title='bbox 149 2902 248 2969; x_wconf 83' lang='lat' dir='ltr'>nibus</span> <span class='ocrx_word' id='word_1_140' title='bbox 270 2904 534 2971; x_wconf 76' lang='lat' dir='ltr'>sacramentalis</span> <span class='ocrx_word' id='word_1_141' title='bbox 557 2902 779 2986; x_wconf 72' lang='lat' dir='ltr'>consessionis</span> <span class='ocrx_word' id='word_1_142' title='bbox 802 2909 835 2969; x_wconf 85' lang='lat' dir='ltr'>et</span> <span class='ocrx_word' id='word_1_143' title='bbox 856 2921 977 2968; x_wconf 84' lang='lat' dir='ltr'>sacrae</span> <span class='ocrx_word' id='word_1_144' title='bbox 998 2902 1262 2970; x_wconf 81' lang='lat' dir='ltr'>Communionis.</span> 
     </span>
    </p>

    <p class='ocr_par' dir='ltr' id='par_1_8' title="bbox 148 3027 1331 4228">
     <span class='ocr_line' id='line_1_23' title="bbox 238 3027 1331 3113; baseline 0.003 -22"><span class='ocrx_word' id='word_1_145' title='bbox 238 3027 482 3093; x_wconf 88' lang='lat' dir='ltr'>Confessionem</span> <span class='ocrx_word' id='word_1_146' title='bbox 496 3028 772 3095; x_wconf 86' lang='lat' dir='ltr'>Sacramentalem</span> <span class='ocrx_word' id='word_1_147' title='bbox 789 3028 874 3113; x_wconf 93' lang='lat' dir='ltr'>quod</span> <span class='ocrx_word' id='word_1_148' title='bbox 890 3033 1024 3113; x_wconf 87' lang='lat' dir='ltr'>spectat,</span> <span class='ocrx_word' id='word_1_149' title='bbox 1037 3048 1103 3093; x_wconf 91' lang='lat' dir='ltr'>non</span> <span class='ocrx_word' id='word_1_150' title='bbox 1114 3029 1214 3093; x_wconf 89' lang='lat' dir='ltr'>semel</span> <span class='ocrx_word' id='word_1_151' title='bbox 1231 3028 1331 3095; x_wconf 81' lang='lat' dir='ltr'>edixit</span> 
     </span>
     <span class='ocr_line' id='line_1_24' title="bbox 149 3146 1331 3233; baseline 0.003 -20"><span class='ocrx_word' id='word_1_152' title='bbox 149 3148 232 3214; x_wconf 91' lang='lat' dir='ltr'>haec</span> <span class='ocrx_word' id='word_1_153' title='bbox 261 3149 361 3233; x_wconf 81' lang='lat' dir='ltr'>(long.</span> <span class='ocrx_word' id='word_1_154' title='bbox 390 3150 525 3227; x_wconf 85' lang='lat' dir='ltr'>(Decret</span> <span class='ocrx_word' id='word_1_155' title='bbox 547 3148 634 3225; x_wconf 84' lang='lat'>231,</span> <span class='ocrx_word' id='word_1_156' title='bbox 660 3150 683 3215; x_wconf 90' lang='lat'><strong><em>9</em></strong></span> <span class='ocrx_word' id='word_1_157' title='bbox 706 3149 860 3215; x_wconf 86' lang='lat' dir='ltr'>Decemb.</span> <span class='ocrx_word' id='word_1_158' title='bbox 885 3146 978 3214; x_wconf 88' lang='grc'><em>1763</em></span> <span class='ocrx_word' id='word_1_159' title='bbox 985 3168 999 3232; x_wconf 84' lang='grc'><strong><em>;</em></strong></span> <span class='ocrx_word' id='word_1_160' title='bbox 1025 3149 1157 3216; x_wconf 85' lang='lat' dir='ltr'>Decret.</span> <span class='ocrx_word' id='word_1_161' title='bbox 1182 3148 1262 3224; x_wconf 79' lang='grc'><em>364,</em></span> <span class='ocrx_word' id='word_1_162' title='bbox 1287 3150 1331 3217; x_wconf 82' lang='lat'>12</span> 
     </span>
     <span class='ocr_line' id='line_1_25' title="bbox 149 3272 1330 3362; baseline 0.002 -25"><span class='ocrx_word' id='word_1_163' title='bbox 149 3274 270 3339; x_wconf 84' lang='lat' dir='ltr'>Martii</span> <span class='ocrx_word' id='word_1_164' title='bbox 294 3272 399 3361; x_wconf 83' lang='lat'><em>1855)</em></span> <span class='ocrx_word' id='word_1_165' title='bbox 424 3274 658 3340; x_wconf 82' lang='lat' dir='ltr'>confessionem</span> <span class='ocrx_word' id='word_1_166' title='bbox 683 3274 989 3342; x_wconf 79' lang='lat' dir='ltr'>hebdomadariam</span> <span class='ocrx_word' id='word_1_167' title='bbox 1012 3273 1161 3340; x_wconf 90' lang='lat' dir='ltr'>sufficere</span> <span class='ocrx_word' id='word_1_168' title='bbox 1183 3295 1243 3362; x_wconf 93' lang='lat' dir='ltr'>pro</span> <span class='ocrx_word' id='word_1_169' title='bbox 1267 3294 1330 3339; x_wconf 89' lang='lat' dir='ltr'>om·</span> 
     </span>
     <span class='ocr_line' id='line_1_26' title="bbox 148 3396 1330 3483; baseline 0.003 -24"><span class='ocrx_word' id='word_1_170' title='bbox 148 3396 242 3463; x_wconf 91' lang='lat' dir='ltr'>nibus</span> <span class='ocrx_word' id='word_1_171' title='bbox 276 3396 485 3483; x_wconf 87' lang='lat' dir='ltr'>indulgentiis</span> <span class='ocrx_word' id='word_1_172' title='bbox 509 3398 763 3480; x_wconf 86' lang='lat' dir='ltr'>occurrentibus,</span> <span class='ocrx_word' id='word_1_173' title='bbox 789 3397 829 3462; x_wconf 86' lang='lat' dir='ltr'>ad</span> <span class='ocrx_word' id='word_1_174' title='bbox 862 3418 941 3481; x_wconf 88' lang='lat' dir='ltr'>quas</span> <span class='ocrx_word' id='word_1_175' title='bbox 967 3397 1141 3463; x_wconf 89' lang='lat' dir='ltr'>lucrandas</span> <span class='ocrx_word' id='word_1_176' title='bbox 1171 3398 1330 3464; x_wconf 84' lang='lat' dir='ltr'>confessio</span> 
     </span>
     <span class='ocr_line' id='line_1_27' title="bbox 149 3520 1328 3607; baseline 0.003 -22"><span class='ocrx_word' id='word_1_177' title='bbox 149 3520 400 3605; x_wconf 81' lang='lat' dir='ltr'>praescribitur,</span> <span class='ocrx_word' id='word_1_178' title='bbox 429 3524 524 3587; x_wconf 85' lang='lat' dir='ltr'>etiarn</span> <span class='ocrx_word' id='word_1_179' title='bbox 555 3543 614 3607; x_wconf 94' lang='lat' dir='ltr'>pro</span> <span class='ocrx_word' id='word_1_180' title='bbox 645 3522 802 3588; x_wconf 88' lang='lat' dir='ltr'>lucranda</span> <span class='ocrx_word' id='word_1_181' title='bbox 839 3522 1044 3607; x_wconf 89' lang='lat' dir='ltr'>Indulgentia</span> <span class='ocrx_word' id='word_1_182' title='bbox 1079 3522 1328 3595; x_wconf 66' lang='lat' dir='ltr'>ratiunculae,</span> 
     </span>
     <span class='ocr_line' id='line_1_28' title="bbox 149 3642 1330 3730; baseline 0.001 -23"><span class='ocrx_word' id='word_1_183' title='bbox 149 3649 288 3727; x_wconf 82' lang='lat' dir='ltr'>excepta</span> <span class='ocrx_word' id='word_1_184' title='bbox 309 3648 418 3709; x_wconf 66' lang='lat' dir='ltr'>nmen</span> <span class='ocrx_word' id='word_1_185' title='bbox 444 3642 651 3730; x_wconf 89' lang='lat' dir='ltr'>Indulgentia</span> <span class='ocrx_word' id='word_1_186' title='bbox 675 3644 808 3709; x_wconf 87' lang='lat' dir='ltr'>lubilaei</span> <span class='ocrx_word' id='word_1_187' title='bbox 834 3650 900 3709; x_wconf 86' lang='lat' dir='ltr'>tam</span> <span class='ocrx_word' id='word_1_188' title='bbox 923 3642 1080 3707; x_wconf 90' lang='lat' dir='ltr'>ordinarii</span> <span class='ocrx_word' id='word_1_189' title='bbox 1104 3662 1198 3728; x_wconf 84' lang='lat' dir='ltr'>quarn</span> <span class='ocrx_word' id='word_1_190' title='bbox 1223 3648 1330 3709; x_wconf 80' lang='lat' dir='ltr'>extra·</span> 
     </span>
     <span class='ocr_line' id='line_1_29' title="bbox 148 3767 1329 3835; baseline 0.003 -4"><span class='ocrx_word' id='word_1_191' title='bbox 148 3767 303 3832; x_wconf 90' lang='lat' dir='ltr'>ordinarii</span> <span class='ocrx_word' id='word_1_192' title='bbox 328 3774 361 3833; x_wconf 91' lang='lat' dir='ltr'>et</span> <span class='ocrx_word' id='word_1_193' title='bbox 384 3768 425 3833; x_wconf 91' lang='lat' dir='ltr'>ad</span> <span class='ocrx_word' id='word_1_194' title='bbox 448 3770 552 3835; x_wconf 84' lang='lat' dir='ltr'>instar</span> <span class='ocrx_word' id='word_1_195' title='bbox 580 3769 723 3835; x_wconf 89' lang='lat' dir='ltr'>lubilaei.</span> <span class='ocrx_word' id='word_1_196' title='bbox 755 3805 772 3818; x_wconf 94' lang='lat'>-</span> <span class='ocrx_word' id='word_1_197' title='bbox 799 3768 966 3835; x_wconf 84' lang='lat' dir='ltr'>Confessio</span> <span class='ocrx_word' id='word_1_198' title='bbox 997 3775 1106 3835; x_wconf 86' lang='lat' dir='ltr'>autem</span> <span class='ocrx_word' id='word_1_199' title='bbox 1135 3767 1229 3835; x_wconf 88' lang='lat' dir='ltr'>debet</span> <span class='ocrx_word' id='word_1_200' title='bbox 1259 3790 1329 3835; x_wconf 89' lang='lat' dir='ltr'>esse</span> 
     </span>
     <span class='ocr_line' id='line_1_30' title="bbox 151 3892 1329 3978; baseline 0.002 -21"><span class='ocrx_word' id='word_1_201' title='bbox 151 3892 428 3970; x_wconf 87' lang='lat' dir='ltr'>Sacramentatis,</span> <span class='ocrx_word' id='word_1_202' title='bbox 448 3897 593 3978; x_wconf 89' lang='lat' dir='ltr'>quamvis</span> <span class='ocrx_word' id='word_1_203' title='bbox 610 3894 774 3962; x_wconf 80' lang='lat' dir='ltr'>absolutio</span> <span class='ocrx_word' id='word_1_204' title='bbox 790 3915 856 3959; x_wconf 90' lang='lat' dir='ltr'>non</span> <span class='ocrx_word' id='word_1_205' title='bbox 874 3900 1044 3977; x_wconf 88' lang='lat' dir='ltr'>sequatur;</span> <span class='ocrx_word' id='word_1_206' title='bbox 1062 3895 1329 3962; x_wconf 80' lang='lat' dir='ltr'>trebdomadaria</span> 
     </span>
     <span class='ocr_line' id='line_1_31' title="bbox 151 4015 1329 4102; baseline 0.003 -25"><span class='ocrx_word' id='word_1_207' title='bbox 151 4021 255 4081; x_wconf 88' lang='lat' dir='ltr'>autem</span> <span class='ocrx_word' id='word_1_208' title='bbox 274 4020 435 4091; x_wconf 89' lang='lat' dir='ltr'>censetur,</span> <span class='ocrx_word' id='word_1_209' title='bbox 452 4018 598 4100; x_wconf 89' lang='lat' dir='ltr'>quamvis</span> <span class='ocrx_word' id='word_1_210' title='bbox 614 4037 679 4081; x_wconf 93' lang='lat' dir='ltr'>non</span> <span class='ocrx_word' id='word_1_211' title='bbox 696 4017 834 4102; x_wconf 80' lang='lat' dir='ltr'>aequati</span> <span class='ocrx_word' id='word_1_212' title='bbox 855 4017 966 4100; x_wconf 80' lang='lat' dir='ltr'>spatio</span> <span class='ocrx_word' id='word_1_213' title='bbox 985 4022 1107 4101; x_wconf 90' lang='lat' dir='ltr'>septem</span> <span class='ocrx_word' id='word_1_214' title='bbox 1124 4015 1247 4082; x_wconf 90' lang='lat' dir='ltr'>dierum</span> <span class='ocrx_word' id='word_1_215' title='bbox 1263 4036 1329 4081; x_wconf 91' lang='lat' dir='ltr'>una</span> 
     </span>
     <span class='ocr_line' id='line_1_32' title="bbox 150 4136 506 4228; baseline 0.017 -28"><span class='ocrx_word' id='word_1_216' title='bbox 150 4136 189 4202; x_wconf 85' lang='lat' dir='ltr'>ab</span> <span class='ocrx_word' id='word_1_217' title='bbox 212 4138 319 4205; x_wconf 86' lang='lat' dir='ltr'>altera</span> <span class='ocrx_word' id='word_1_218' title='bbox 342 4138 438 4206; x_wconf 88' lang='lat' dir='ltr'>distet</span> <span class='ocrx_word' id='word_1_219' title='bbox 451 4138 506 4228; x_wconf 89' lang='lat' dir='ltr'>(l).</span> 
     </span>
    </p>
   </div>
   <div class='ocr_carea' id='block_1_6' title="bbox 150 4297 1330 4476">
    <p class='ocr_par' dir='ltr' id='par_1_9' title="bbox 150 4297 1330 4476">
     <span class='ocr_line' id='line_1_33' title="bbox 235 4297 1329 4370; baseline -0.001 -18"><span class='ocrx_word' id='word_1_220' title='bbox 235 4298 276 4367; x_wconf 82' lang='lat' dir='ltr'>(l)</span> <span class='ocrx_word' id='word_1_221' title='bbox 296 4297 454 4353; x_wconf 78' lang='lat' dir='ltr'>Lehmlcuhl</span> <span class='ocrx_word' id='word_1_222' title='bbox 467 4300 537 4367; x_wconf 85' lang='lat' dir='ltr'>(ool.</span> <span class='ocrx_word' id='word_1_223' title='bbox 553 4298 592 4365; x_wconf 88' lang='lat' dir='ltr'>II,</span> <span class='ocrx_word' id='word_1_224' title='bbox 611 4318 637 4351; x_wconf 84' lang='lat' dir='ltr'>a.</span> <span class='ocrx_word' id='word_1_225' title='bbox 652 4300 717 4353; x_wconf 82' lang='lat'>539</span> <span class='ocrx_word' id='word_1_226' title='bbox 729 4310 784 4354; x_wconf 87' lang='lat' dir='ltr'>not.</span> <span class='ocrx_word' id='word_1_227' title='bbox 796 4301 830 4367; x_wconf 79' lang='lat'>2)</span> <span class='ocrx_word' id='word_1_228' title='bbox 849 4298 918 4354; x_wconf 87' lang='lat' dir='ltr'>haec</span> <span class='ocrx_word' id='word_1_229' title='bbox 937 4298 1036 4354; x_wconf 89' lang='lat' dir='ltr'>habet:</span> <span class='ocrx_word' id='word_1_230' title='bbox 1049 4316 1066 4350; x_wconf 75' lang='lat' dir='ltr'>c</span> <span class='ocrx_word' id='word_1_231' title='bbox 1079 4298 1176 4370; x_wconf 88' lang='lat' dir='ltr'>Neque</span> <span class='ocrx_word' id='word_1_232' title='bbox 1190 4302 1257 4368; x_wconf 84' lang='lat' dir='ltr'>puto</span> <span class='ocrx_word' id='word_1_233' title='bbox 1269 4297 1329 4352; x_wconf 93' lang='lat' dir='ltr'>ullo</span> 
     </span>
     <span class='ocr_line' id='line_1_34' title="bbox 150 4404 1330 4476; baseline 0.002 -19"><span class='ocrx_word' id='word_1_234' title='bbox 150 4404 228 4459; x_wconf 89' lang='lat' dir='ltr'>modo</span> <span class='ocrx_word' id='word_1_235' title='bbox 247 4405 420 4459; x_wconf 86' lang='lat' dir='ltr'>contrarium</span> <span class='ocrx_word' id='word_1_236' title='bbox 439 4406 549 4475; x_wconf 84' lang='lat' dir='ltr'>probari</span> <span class='ocrx_word' id='word_1_237' title='bbox 570 4422 702 4475; x_wconf 81' lang='lat' dir='ltr'>responso</span> <span class='ocrx_word' id='word_1_238' title='bbox 721 4422 808 4476; x_wconf 88' lang='lat' dir='ltr'>nuper</span> <span class='ocrx_word' id='word_1_239' title='bbox 827 4405 894 4459; x_wconf 88' lang='lat' dir='ltr'>dato</span> <span class='ocrx_word' id='word_1_240' title='bbox 912 4404 947 4459; x_wconf 82' lang='lat'>28</span> <span class='ocrx_word' id='word_1_241' title='bbox 966 4404 1099 4459; x_wconf 80' lang='lat' dir='ltr'>Novemb.</span> <span class='ocrx_word' id='word_1_242' title='bbox 1122 4404 1189 4458; x_wconf 80' lang='lat'>1878</span> <span class='ocrx_word' id='word_1_243' title='bbox 1207 4406 1330 4472; x_wconf 73' lang='lat' dir='ltr'>(Dect-ct.</span> 
     </span>
    </p>
   </div>
   <div class='ocr_carea' id='block_1_7' title="bbox 0 0 1650 5109">
    <p class='ocr_par' dir='ltr' id='par_1_10' title="bbox 0 0 1650 5109">
     <span class='ocr_line' id='line_1_35' title="bbox 0 0 1650 5109; baseline 0 1"><span class='ocrx_word' id='word_1_244' title='bbox 0 0 1650 5109; x_wconf 95' lang='lat' dir='ltr'> </span> 
     </span>
    </p>
   </div>
  </div>
 </body>
</html>
