3292 5109
618 295 824 343 annacarnu
850 293 872 339 1.
1084 320 1087 325 -
1267 278 1328 345 471

154 433 209 489 diei
231 434 242 487 l
264 434 435 503 Septembris
456 432 526 487 1865
543 432 760 502 rescripserunt:
778 430 945 501 affimativa
967 444 1022 499 pro
1040 443 1133 481 annno
1158 426 1253 481 redita
1271 440 1332 481 scu·

154 553 276 598 tatarum
294 545 340 597 25
357 543 387 595 in
405 545 514 597 scindis
532 543 619 597 debiti
633 542 742 611 publici
759 542 846 609 calae
866 537 1049 593 consolidato.

244 652 268 705 4.
288 650 450 705 Huiusmodi
470 648 604 703 resolutio
623 647 698 719 (nam
716 649 800 701 finem
814 648 874 701 eins
886 662 986 701 causae
999 645 1082 700 silere
1101 642 1240 715 nolumus)
1260 643 1331 697 votis

154 780 209 817 non
228 746 369 831 respondit
391 759 549 823 haeredum,
567 760 614 830 qui
633 775 697 813 mox
716 776 733 813 a
752 758 778 812 S.
798 758 827 811 C.
847 758 987 829 deprecati
1007 763 1072 813 sunt
1090 764 1119 813 et
1137 757 1331 827 impetrarunt,

153 874 186 925 ut
204 888 287 925 causa
306 886 378 924 novo
396 870 517 924 examini
536 869 728 923 subiiceretur.
748 868 779 922 ln
798 867 919 923 secunda
938 884 1038 921 causae
1057 865 1254 935 propositione,
1272 865 1331 919 sive

153 978 226 1051 quod
244 978 273 1031 in
292 978 382 1048 prima
400 977 492 1031 minus
510 977 593 1045 clare,
612 995 696 1049 quam
715 977 879 1042 debuerant,
899 977 1068 1047 postulatum
1083 992 1163 1029 suum
1176 974 1329 1044 expressis-

144 1088 224 1167 sent,
242 1086 302 1139 sive
320 1083 391 1155 quod
411 1084 521 1139 diffiteri
541 1100 595 1137 non
615 1084 852 1162 posset1Capituli
865 1084 1057 1139 difficultatem
1072 1081 1160 1137 solido
1173 1084 1202 1135 et
1215 1082 1330 1150 inexpu-

153 1190 259 1263 gnabili
284 1192 464 1247 fundamento
487 1191 595 1257 fulciri,
621 1192 853 1263 (quandoquidem
878 1192 1048 1261 acceptando
1072 1190 1218 1246 schedulas
1242 1190 1328 1245 debiti

154 1300 257 1369 publici
276 1304 448 1354 scutatorum
467 1301 567 1371 viginti
587 1302 690 1355 fructui
710 1300 907 1371 respondentes
926 1299 1085 1369 Capitulum
1105 1300 1165 1354 iure
1184 1298 1330 1355 excidebat

152 1409 333 1479 persequendi
347 1409 417 1462 alias
430 1410 548 1479 triginta
560 1408 713 1475 schedulas,
725 1426 797 1481 quae
810 1409 1036 1483 companaticus
1048 1408 1149 1479 viginti
1164 1408 1329 1463 coniunctae

152 1517 179 1570 id
197 1518 331 1585 temporis
349 1522 439 1572 totum
457 1534 546 1575 assem
571 1518 788 1573 haereditarium
811 1522 982 1571 scutatorum
1002 1515 1206 1588 quinquaginta
1225 1515 1329 1570 reditus

151 1618 274 1673 ciusdem
283 1620 369 1675 debiti
383 1620 586 1686 efformabant),
595 1621 678 1675 iidem
687 1626 812 1676 oratores
825 1620 1046 1686 declaraverunt,
1058 1636 1118 1673 sese
1132 1618 1159 1672 in
1173 1616 1329 1672 deferendis

151 1740 231 1779 sacro
244 1726 337 1780 Ordini
350 1729 476 1795 precibus
487 1727 556 1781 nihil
567 1729 642 1782 aliud
652 1728 782 1793 voluisse,
792 1746 875 1799 quam
889 1732 921 1781 ut
933 1726 1092 1796 Capitulum
1105 1726 1138 1779 ad
1153 1724 1329 1794 excipiendas

151 1831 297 1887 schedulas
314 1824 423 1889 oblatas
447 1836 630 1907 obligaretur,
648 1854 681 1891 ac
700 1836 814 1906 proinde
833 1836 867 1890 ad
886 1852 1049 1891 consensum
1069 1852 1149 1889 sunm
1168 1849 1218 1904 pro
1237 1832 1327 1905 hypo·

151 1938 250 1996 thecae
268 1941 406 1997 deletione
427 1944 621 2011 praebendum,
641 1943 709 2013 quin
724 1947 816 1997 tamen
831 1942 919 1997 eidem
935 1942 978 1995 ina
996 1943 1161 2007 auferretur,
1175 1944 1207 1994 ut
1219 1940 1328 2011 quotics

150 2047 250 2117 viginti
270 2048 337 2103 illae
354 2049 503 2106 schedulae
527 2068 662 2105 summam
687 2052 788 2121 viginti
810 2055 982 2105 scutatorum
1002 2050 1121 2119 amplius
1140 2066 1195 2104 non
1214 2066 1326 2119 reprae-

149 2155 300 2217 sentarent,
313 2158 362 2207 aut
374 2170 548 2225 quocumque
566 2156 676 2211 demum
695 2173 760 2211 casu
780 2157 809 2211 in
828 2156 976 2210 discrimen
995 2159 1170 2221 vocarentur,
1187 2154 1326 2208 actionem

149 2274 228 2311 suam
246 2264 344 2313 contra
362 2260 432 2313 alias
451 2260 577 2329 triginta,
595 2279 667 2332 quae
680 2268 821 2330 superant,
840 2260 992 2328 schedulas,
1008 2277 1062 2315 non
1075 2277 1155 2315 secus
1167 2276 1200 2314 ac
1213 2260 1241 2313 in
1255 2260 1325 2314 Res·

150 2364 240 2434 cripto
258 2366 317 2419 Sac.
337 2366 422 2434 (long.
443 2366 526 2421 (lonc.
545 2366 600 2422 diei
621 2368 742 2423 171nnn
764 2368 842 2434 1861,
861 2368 894 2423 de
912 2383 968 2438 quo
986 2384 1070 2437 supra
1094 2366 1265 2422 mentionem
1283 2367 1325 2421 ic·

149 2470 245 2536 cimus,
264 2473 384 2541 experiri
403 2472 496 2528 valide
514 2490 548 2529 ac
565 2474 655 2529 libere
673 2478 793 2544 possent.

238 2576 265 2629 6.
286 2576 346 2637 Qua
364 2582 471 2631 remota
489 2577 662 2644 difficultate,
681 2579 711 2633 in
728 2578 908 2647 generalibus
921 2579 1042 2633 comitiis
1054 2578 1108 2633 diei
1122 2580 1139 2631 2
1152 2576 1248 2631 Martii
1261 2594 1325 2631 cur·

150 2676 237 2731 rantis
255 2680 329 2743 anni,
349 2680 490 2749 proposito
508 2681 606 2735 dubio:
621 2699 637 2735 ‹
650 2684 695 2737 An
707 2666 897 2737 recedendum
915 2684 950 2737 sit
962 2702 979 2737 a
992 2684 1162 2737 resolutione
1180 2682 1238 2735 diei
1250 2682 1265 2734 1
1279 2680 1325 2735 Se·

144 2787 282 2854 ptemlrris
301 2788 385 2841 1865
403 2791 432 2841 in
451 2789 569 2847 casum

237 2889 299 2945 Emi
318 2894 416 2948 Patres
435 2896 651 2963 rescripserunt:

237 2996 435 3052 Recedendum
446 3016 464 3051 a
477 3000 588 3065 decisis,
602 3010 628 3054 et
643 3002 767 3069 lanatum
785 3017 846 3057 esse
862 3004 1065 3072 praestandum
1078 3003 1108 3055 in
1120 3018 1213 3057 annuc
1231 3004 1325 3057 reditu

144 3111 317 3156 scutatorum
327 3104 424 3174 ciqinti
435 3108 463 3157 in
476 3107 588 3159 tesseris
601 3107 687 3159 debiti
695 3108 806 3177 publici
816 3108 902 3179 culpo
916 3136 930 3149 ·
941 3108 1118 3163 Consolidato
1128 3137 1141 3149 ·
1153 3109 1181 3163 in
1194 3115 1323 3182 sanorem

145 3208 187 3275 pii
206 3206 292 3276 leqati
310 3209 493 3277 inscribendo,
512 3212 594 3281 firmo
613 3222 776 3267 remanente
795 3216 908 3269 uinculo
923 3230 1009 3286 super
1027 3220 1142 3271 residuo
1155 3216 1249 3270 reditu
1262 3233 1324 3271 scu·

147 3323 268 3367 tutorum
287 3318 410 3385 tricinam,
430 3320 496 3372 data
514 3320 650 3388 facultate
668 3322 783 3375 delendi
799 3324 1025 3392 hypothecariam
1043 3324 1260 3394 inscriptionem.

146 3528 303 3595 Appendim
326 3528 402 3587 Quae
420 3532 539 3598 repulse
562 3536 674 3586 sarcari
696 3535 827 3602 debeant,
853 3536 963 3607 qrtandc
988 3538 1145 3603 dubitatur,
1165 3556 1202 3591 an
1221 3538 1255 3603 is,
1276 3540 1324 3608 qui

233 3635 330 3705 atique
345 3638 393 3706 pic
413 3655 498 3693 onere
515 3650 651 3709 precatus
664 3651 713 3706 est,
725 3646 822 3712 functis
836 3644 988 3699 imnn'nutis
1002 3647 1048 3700 cet
1058 3646 1146 3716 plaiae
1162 3648 1322 3717 deperditis,
1372 3652 1376 3659 '

232 3744 268 3796 de
287 3746 347 3797 suis
366 3747 443 3799 bonis
461 3756 590 3801 teneatur
608 3750 752 3819 supplere,
771 3753 882 3805 necne?

232 3957 258 4010 7.
277 3958 338 4013 Non
358 3959 445 4015 semel
464 3962 647 4033 disceptatum
666 3969 723 4031 cst,
741 3982 777 4019 an
796 3965 906 4021 debitor
928 3967 1045 4023 alicuius
1070 3986 1179 4026 annuae
1200 3974 1323 4040 praesta·

144 4062 235 4129 tionis,
254 4066 312 4120 sive
332 4068 359 4120 in
381 4070 499 4137 pecunia
517 4076 671 4139 numerata,
690 4074 789 4127 sivein
803 4074 1046 4148 alioquocumque
1059 4094 1162 4148 genere
1178 4081 1319 4147 consistat,

144 4187 204 4225 eam
224 4179 357 4242 perpetuo
376 4176 510 4233 redimere
530 4185 614 4249 queat
633 4198 681 4249 pcr
701 4199 784 4235 unam
807 4183 983 4247 solutionem,
1003 4204 1074 4258 quae
1094 4188 1223 4243 universo
1242 4205 1320 4258 prae-

143 4280 271 4333 stationis
290 4299 400 4336 annuae
418 4284 502 4354 capiti
521 4288 704 4357 aequivaleat.
725 4288 826 4344 Nullus
851 4308 932 4361 porro
957 4310 1045 4349 canon
1067 4296 1096 4350 in
1118 4296 1317 4365 decretalibus,

143 4382 221 4436 nulla
238 4383 284 4438 lex
303 4384 332 4439 in
350 4386 410 4441 inre
429 4386 565 4444 Caesareo
583 4392 729 4461 reperitur,
748 4410 821 4465 quae
839 4414 890 4451 acu
910 4398 1101 4469 quaestionem
1121 4403 1221 4471 tangat
1233 4418 1266 4455 ac
1278 4401 1319 4455 di·
