3292 5109
343 297 407 362 110
859 320 943 367 roas
967 321 1005 367 ιι.

338 444 395 504 aut
410 440 437 503 Α
440 439 623 524 fflrmatim
638 440 685 505 ad
699 441 758 503 1⁰¹·
768 448 916 523 portem.
931 441 1087 528 nepatioe
1109 444 1156 508 ad
1170 443 1246 519 2⁰',
1266 451 1323 509 aut
1337 446 1511 511 vicexersa.

339 564 379 629 In
406 564 543 650 negotiis
573 566 870 631 extraiudicialibns
901 568 1015 651 reponi
1044 567 1127 633 solet
1151 569 1206 633 vel
1230 567 1468 635 Recedendam
1492 590 1514 635 a
1609 629 1614 652 ,

338 688 498 769 Demetis,
514 688 568 753 vel
593 689 635 753 ln
658 690 809 759 decretis,
834 694 890 754 aut
914 688 1040 757 Orator
1059 692 1210 787 pandect
1232 694 1430 776 impetratis.

427 814 473 879 At
492 812 649 880 Oratores
665 834 728 878 non
752 814 854 879 semel
876 816 999 879 instant
1014 821 1050 880 ut
1065 819 1210 900 quaestio
1233 818 1418 885 resolvatur
1432 839 1513 903 quae

336 935 391 999 vel
414 934 476 999 iarn
500 937 641 1000 resoluta
666 936 733 1017 tuit,
749 937 802 1000 vel
826 938 854 1002 si
877 957 943 1002 nou
961 939 1152 1006 authentice
1166 946 1275 1005 tamen
1294 942 1449 1024 practice
1467 961 1516 1006 re·
1624 932 1626 963 ¹

336 1060 438 1143 ceptis
461 1058 604 1125 moribus
626 1066 660 1126 et
682 1080 726 1126 ex
748 1063 911 1128 sententia
933 1064 1107 1129 Doctorum
1131 1066 1309 1149 practicam
1332 1065 1446 1131 habuit
1467 1086 1514 1131 so
1624 1052 1626 1058 ἲ

335 1180 507 1258 lutionem;
532 1188 564 1249 et
585 1189 665 1249 tunc
680 1182 712 1249 S.
728 1182 829 1269 Gong.
844 1185 1018 1268 aliquando
1041 1206 1083 1251 ne
1105 1192 1214 1251 actum
1237 1206 1336 1274 agere
1354 1186 1512 1264 videatur,

336 1304 509 1391 respondet
540 1304 665 1372 Orator
694 1312 813 1373 utatur
839 1308 1095 1383 turonumve}
1126 1312 1153 1376 si
1186 1311 1266 1375 nolit
1293 1313 1512 1395 quaestionem

336 1430 421 1497 hanc
436 1433 621 1498 authentice
636 1438 669 1497 et
683 1432 911 1499 doctrinaliter
926 1436 1102 1515 resolvere,
1114 1439 1244 1522 reponit
1258 1438 1421 1503 coaptat
1432 1456 1514 1519 pro·

334 1560 429 1627 batos
448 1566 612 1632 auctores,
630 1580 685 1624 eos
701 1578 816 1643 nempe
832 1562 885 1643 qui
901 1560 986 1645 apud
1009 1561 1160 1626 cordatos
1175 1564 1263 1627 viros
1284 1562 1448 1628 habentur
1467 1565 1512 1628 uti

332 1703 452 1767 graves
476 1688 508 1747 et
530 1682 715 1768 prudentes,
740 1683 858 1766 quique
884 1684 1001 1767 passim
1025 1686 1060 1748 in
1082 1684 1203 1750 scholis
1224 1685 1396 1751 admodum
1422 1706 1512 1752 com·

331 1803 534 1887 mandantur,
552 1806 744 1889 praesertim
767 1804 884 1869 iudicio
907 1804 1157 1871 Ordinariorum
1181 1808 1353 1872 communi.
1369 1809 1423 1873 Ex
1439 1828 1513 1894 pro

330 1930 428 1997 babili
443 1930 617 1997 Doctorum
640 1932 789 2015 opinione
813 1938 989 2017 erumpunt
1007 1932 1183 1997 solutiones
1198 1931 1295 2006 dubii,
1312 1933 1427 1999 saltem
1450 1954 1512 2019 per

329 2054 463 2136 reflecto
486 2054 654 2139 principia.

420 2180 573 2245 Formula
602 2200 684 2265 quae
708 2200 726 2243 e
748 2181 834 2265 stylo
865 2182 977 2246 curiae
1006 2183 1195 2266 pertransiit
1225 2183 1322 2245 etiam
1353 2183 1386 2246 in
1410 2203 1505 2247 usum

329 2304 414 2389 apud
430 2304 538 2369 curias
559 2302 777 2375 dioecesanas,
794 2303 878 2367 haec
893 2309 942 2367 est
958 2302 1052 2369 Nibil
1068 2309 1229 2378 transeat,
1247 2324 1310 2388 qua
1326 2305 1359 2368 in
1376 2307 1509 2391 negotio

329 2429 399 2493 sive
425 2426 582 2501 iudiciali,
613 2428 682 2491 sive
712 2426 968 2502 extraiudiciali,
1000 2426 1056 2492 ille
1087 2430 1178 2493 cuius
1209 2430 1345 2495 interest
1354 2443 1369 2510 ‚·
1394 2436 1509 2514 prote-

329 2555 435 2618 statur
457 2571 492 2617 se
516 2568 581 2614 non
604 2551 793 2635 permittere
818 2558 852 2615 ut
874 2550 1010 2615 ulterius
1025 2550 1231 2637 procedatur,
1253 2553 1374 2617 nisiae
1396 2553 1511 2619 audito

330 2681 363 2742 et
392 2680 573 2761 opponente
606 2675 761 2740 adversus
792 2678 1053 2761 prosecutionem
1085 2676 1173 2741 illius
1203 2677 1335 2762 negotii.
1367 2678 1507 2763 Utputa,

328 2798 434 2885 quoad
464 2800 703 2865 controversias
734 2800 1003 2881 matrimoniales,
1027 2802 1054 2864 si
1082 2800 1177 2865 iactis
1200 2801 1511 2885 proclamationibus
1624 2850 1626 2875 c

165 2956 170 2964 ·
204 2986 206 2991 ,
329 2920 499 3007 detegatur
522 2929 554 2987 et
577 2920 789 2986 denuncietur
812 2922 984 2986 existentia
998 2922 1145 2991 ,alicuius
1169 2922 1386 3007 impedimenti
1412 2926 1511 3011 impe·

330 3047 447 3112 diontis
474 3052 529 3111 aut
558 3046 753 3119 dirimentis,
782 3047 981 3112 denuncians
1010 3048 1093 3114 solet
1121 3047 1185 3113 dici
1215 3067 1380 3134 opponere
1409 3049 1509 3116 Niltit

331 3177 492 3251 transeat,
516 3192 558 3236 ne
582 3172 716 3237 ulterius
740 3172 946 3258 procedatur.

423 3298 496 3363 103.
529 3298 624 3363 Nulla
650 3304 758 3364 autem
782 3304 873 3363 certa
895 3300 1001 3365 forma
1031 3301 1154 3367 obtinet
1175 3300 1279 3386 quoad
1302 3302 1433 3368 litteras
1457 3311 1515 3372 aut

329 3424 466 3489 decreto
490 3424 717 3509 concipienda3
741 3424 897 3509 siquidem
927 3426 991 3490 hae
1014 3426 1133 3491 dantur
1158 3427 1200 3491 ad
1222 3428 1437 3513 expetendam
1462 3435 1514 3497 rei

330 3545 475 3609 notitiam
498 3550 554 3609 aut
577 3544 617 3609 ad
641 3547 856 3633 evulgandum
889 3550 1018 3633 aliquod
1052 3553 1172 3615 iussum
1202 3557 1259 3615 aut
1288 3559 1511 3638 praeceptum.

202 3694 207 3706 ·
329 3666 546 3741 Quamobrem
570 3670 662 3753 ratio,
687 3690 750 3755 qua
773 3675 998 3758 exprimantur
1021 3674 1201 3740 huiusmodi
1225 3680 1309 3749 acta,
1334 3676 1473 3743 docetur
1491 3699 1513 3743 a

329 3790 473 3855 subiecta
503 3792 655 3869 materia;
680 3793 790 3859 modus
814 3816 894 3860 vero
925 3800 1125 3863 executionis
1156 3790 1276 3863 diserte
1306 3799 1512 3886 significatur

327 3914 369 3979 ab
393 3917 469 4001 ipsis
493 3918 770 4003 praeceptionibus
794 3921 925 3988 litterae
947 3929 1003 3988 aut
1026 3923 1163 3989 demeti.
