3292 5109
276 278 343 344 334
680 226 685 239 ι
806 294 891 342 pana
914 293 952 340 11.

275 418 399 483 tineent
423 416 659 498 conditionem,
685 434 747 498 qua
771 435 836 481 non
860 415 1033 481 observata
1064 416 1154 483 nulla
1177 417 1219 482 sit
1247 414 1459 501 dispensatio;

276 550 309 610 et
332 563 488 627 quaenam
512 544 616 628 potius
639 542 860 610 monitionem
878 543 1136 626 praeceptivam
1163 545 1371 617 constituant,
1395 564 1459 628 qna

276 684 340 729 non
364 670 495 729 servata
519 664 713 750 dispensatio
738 669 787 730 est
810 663 930 731 illicita
952 665 1013 730 aad
1034 664 1161 730 aalide.
1182 666 1423 732 «conditiones
1437 685 1460 731 a

276 790 502 859 monitionibus
527 790 726 877 distinguere
750 792 922 875 aliquando
945 791 1042 857 facile
1066 812 1131 856 non
1155 798 1215 858 ast.
1240 793 1461 859 Communiter

275 912 409 978 tradunt
434 912 502 977 ΑΑ.
533 932 603 977 esse
634 912 851 978 conditionem
884 914 911 977 si
946 912 1091 979 clausula
1121 914 1315 999 exprimitur
1348 911 1459 978 verbis

278 1041 498 1120 -postquam
516 1071 534 1083 -
551 1036 581 1101 si
598 1070 615 1083 —
634 1034 819 1101 dummodo
838 1071 856 1083 -
872 1055 943 1101 aon
967 1035 1067 1101 aliter
1082 1071 1100 1084 -
1117 1036 1167 1102 cic
1188 1056 1258 1103 aon
1273 1036 1341 1103 otio
1356 1036 1459 1103 modo

278 1195 296 1207 -
321 1164 382 1224 aut
404 1158 550 1225 ablativo
575 1158 727 1225 absoluto
751 1159 804 1223 vel
828 1159 854 1223 si
879 1158 1025 1224 clausula
1047 1161 1193 1224 continet
1216 1159 1299 1244 quod
1323 1160 1403 1225 alias
1419 1159 1460 1225 de

276 1288 347 1351 iure
363 1286 522 1351 communi
540 1285 758 1351 necessarium
775 1291 825 1351 est
838 1284 878 1349 ad
891 1290 983 1351 actus
994 1285 1204 1351 substantiam
1219 1291 1274 1350 aut
1285 1306 1379 1351 secus
1391 1286 1461 1351 nul-

276 1410 401 1475 latenus
418 1408 647 1475 necessarium.
661 1408 752 1473 Haec
768 1413 876 1473 autem
892 1427 973 1473 vera
988 1414 1072 1482 sunt,
1090 1409 1150 1473 nisi
1173 1428 1217 1473 ex
1239 1409 1325 1495 stylo
1344 1411 1458 1473 curiae

276 1540 309 1601 et
325 1534 428 1603 reide
445 1554 507 1619 qua
523 1535 631 1619 agitur
647 1540 765 1599 natura
780 1536 813 1597 et
828 1534 990 1598 communi
1004 1535 1039 1597 l).
1053 1533 1089 1596 Ι).
1104 1551 1201 1598 sensu
1216 1531 1303 1597 aliud
1320 1538 1456 1598 constet.

238 1698 240 1703 ,
276 1659 373 1725 Hinc
388 1660 533 1726 clausula
555 1680 637 1744 quae
661 1660 819 1745 praecipit
843 1659 874 1724 id
898 1659 983 1742 quod
1013 1658 1094 1723 alias
1125 1658 1166 1723 de
1193 1660 1264 1724 iure
1297 1660 1459 1723 communi

276 1785 454 1867 requiritur
484 1783 524 1848 ad
555 1782 655 1848 solam
686 1788 777 1848 actus
808 1781 1000 1856 liceitatem,
1033 1781 1111 1848 licet
1144 1782 1283 1847 ablativo
1312 1780 1458 1848 absoluto

277 1926 442 1991 expressa,
466 1907 611 1973 continet
633 1908 810 1992 simplicem
835 1907 1043 1972 monitionem
1066 1927 1094 1972 e.
1112 1927 1142 1992 g.
1168 1906 1329 1972 clausula:
1354 1906 1459 1972 Prae·

276 2031 388 2095 missis
407 2030 742 2114 publicationibus».
760 2032 926 2115 Gasparri,
944 2030 994 2096 De
1015 2030 1101 2101 Mat.
1125 2031 1153 2105 1,
1178 2028 1297 2112 §364
1317 2028 1458 2104 -Quum

277 2172 356 2217 vero
391 2152 486 2217 hodie
518 2152 699 2218 huiusmodi
730 2151 984 2238 dispensationes
1015 2153 1259 2217 committantur
1289 2151 1321 2215 in
1353 2150 1459 2215 torma

277 2275 397 2350 mixta,
422 2276 561 2361 gratiam
584 2275 838 2341 continentiam
860 2274 990 2357 factam
1014 2294 1097 2359 quae
1120 2295 1184 2339 nou
1210 2276 1340 2361 expirat
1362 2276 1458 2338 etiam

277 2416 315 2461 re
345 2397 451 2462 adhuc
478 2398 752 2483 integramente
782 2396 814 2463 S.
840 2395 1024 2473 Pontificis;
1049 2416 1093 2461 ex
1123 2398 1335 2482 responsione
1365 2398 1397 2464 ἃ
1421 2396 1457 2463 G.

277 2524 346 2589 ΕΕ.
379 2529 412 2589 et
441 2524 512 2589 th.
548 2524 588 2589 15
613 2523 683 2588 Iulii
712 2522 797 2588 1740
829 2529 862 2589 et
890 2523 911 2586 7
942 2521 1024 2608 Apr.
1053 2522 1139 2588 1769
1167 2523 1263 2605 apud
1297 2522 1459 2588 Biazami

280 2652 501 2729 Collectaaea
526 2670 598 2737 pag.
625 2650 679 2716 32.
724 2685 726 2694 ·

366 2774 443 2842 275.
468 2776 560 2851 Quod
583 2794 662 2841 vero
686 2776 800 2841 attinet
823 2774 865 2839 ad
888 2793 1009 2840 causae
1032 2776 1237 2841 existentiam
1268 2795 1328 2861 pro
1351 2774 1459 2839 valida

278 2899 514 2985 dispensatione
538 2918 695 2965 concessa
717 2896 890 2979 informa
913 2897 1067 2984 pretiosa
1091 2897 1143 2961 vel
1167 2897 1206 2963 ia
1227 2897 1344 2979 forma
1367 2914 1458 2963 com-

277 3023 446 3097 missoris,
465 3027 596 3087 notetur
612 3024 751 3108 gratiam
771 3022 804 3085 in
827 3020 945 3103 forma
968 3021 1122 3107 pretioso
1145 3025 1176 3086 et
1198 3020 1311 3085 mixta
1325 3017 1459 3104 expedi-

277 3150 441 3227 tamesae
464 3144 602 3209 validam
619 3145 645 3209 si
661 3164 760 3209 causa
783 3145 932 3229 exposita
955 3163 1035 3217 vera
1058 3144 1204 3209 extiterit
1226 3150 1301 3209 actu
1325 3162 1459 3208 conces-

278 3269 377 3333 sionis
400 3273 432 3332 et
455 3266 678 3352 expeditionis,
701 3268 780 3332 licet
802 3284 842 3331 aa
864 3266 947 3331 falsa
970 3266 1071 3331 fuerit
1092 3272 1238 3352 tempore
1261 3285 1324 3350 quo
1347 3270 1460 3333 orator

279 3394 455 3481 supplicem
471 3392 558 3458 dedit
572 3392 733 3467 libellum;
758 3397 875 3458 contra
898 3391 990 3455 nulla
1012 3396 1098 3457 esset
1121 3393 1148 3457 si
1172 3411 1269 3456 causa
1290 3410 1372 3455 vera
1394 3410 1459 3456 non

279 3524 351 3585 erat
370 3524 445 3585 actu
468 3520 651 3603 impertitae
675 3517 892 3582 concessionis
915 3516 969 3581 vel
999 3536 1081 3581 vera
1106 3522 1231 3582 tantum
1259 3518 1363 3581 evasit
1389 3522 1461 3602 post

279 3644 529 3711 concessionem.
543 3641 677 3717 Quando
689 3646 796 3706 autem
808 3640 1003 3727 dispensatio
1016 3661 1171 3707 concessa
1182 3641 1331 3706 fueritin
1341 3640 1460 3725 fornia

278 3767 525 3839 commissoris,
549 3766 613 3831 erit
636 3763 741 3829 valida
764 3765 790 3829 si
816 3783 916 3829 causa
937 3764 1079 3850 allegata
1102 3766 1136 3830 in
1163 3765 1273 3830 libello
1296 3785 1377 3830 vera
1399 3764 1461 3830 luit

279 3898 425 3979 tempore
449 3913 511 3978 quo
527 3894 686 3958 executor
708 3896 788 3956 acta
810 3888 984 3976 dispensat,
1002 3892 1062 3956 etsi
1077 3895 1175 3956 antea
1197 3890 1280 3956 falsa
1303 3890 1459 3956 extiterit.

282 4019 424 4102 Denique
449 4019 476 4084 si
500 4037 598 4084 causa
617 4016 744 4082 motiva
760 4034 915 4100 processu
930 4016 1095 4101 temporis,
1112 4016 1175 4080 iam
1192 4016 1324 4081 obtenta
1339 4019 1373 4080 et
1387 4032 1460 4079 exe

279 4142 400 4206 cationi
425 4139 575 4204 mandata
598 4136 851 4222 dispensatione,
878 4134 1008 4204 deficiat
1037 4138 1070 4201 in
1101 4142 1169 4204 toto
1199 4136 1252 4202 vel
1282 4136 1316 4201 in
1346 4138 1458 4222 parte,

280 4270 393 4352 utputa
415 4269 587 4350 antequam
617 4261 856 4328 matrimonium
886 4259 1091 4336 celebretur,
1115 4261 1324 4327 nihilominus
1342 4256 1460 4325 ‘valida

279 4386 474 4473 dispensatio
498 4390 661 4454 censetur.
686 4384 754 4451 Cir.
779 4383 935 4458 Sanchez,
960 4383 1011 4450 De
1034 4384 1119 4451 Mat.
1144 4385 1185 4451 D.
1209 4383 1269 4462 30,
1292 4404 1327 4451 η.
1351 4382 1384 4449 8.
