3292 5109
504 302 549 348 na
573 302 713 353 romeus
736 302 1002 353 socnssnsmcrs
1290 291 1360 357 363

173 422 214 487 ia
243 422 404 490 aniceto
431 422 526 491 Orbe.
557 426 652 493 Unde
680 427 767 494 scut
792 428 961 513 Princeps
991 431 1227 499 auctoritatem
1258 432 1359 501 babet

178 548 304 635 ubique
326 557 359 616 et
380 550 497 635 quood
519 569 645 625 omnes,
670 552 720 618 sic
741 558 773 619 ct
794 553 825 621 ie
848 554 908 639 qui
934 556 1169 624 bicolor-itatem
1194 556 1294 625 babet
1313 558 1360 625 ob

174 677 285 761 ipso»
311 676 368 763 (l).

265 802 312 867 De
336 801 368 868 S.
394 802 653 888 congregatione
676 802 717 868 de
743 804 959 891 Propaganda
975 804 1053 871 Fide
1077 825 1143 870 uon
1166 807 1268 875 solum
1285 828 1358 873 cen·

173 930 240 992 stat
255 926 287 992 ei
300 924 522 1011 denegandam
534 945 599 991 non
611 947 682 993 esse
694 932 885 1012 potestatem
902 928 1129 1015 legislativam;
1146 930 1202 995 sod
1215 930 1358 997 eiusdem

175 1048 450 1115 declarationibus
472 1055 505 1115 et
527 1048 667 1115 decretis
690 1050 844 1135 cuiusque
867 1053 997 1138 generis
1013 1053 1110 1137 plena
1125 1053 1175 1117 vis
1194 1052 1356 1139 obligandi

174 1178 302 1237 asserta
325 1171 386 1237 fuit
409 1172 543 1257 abipso
566 1174 713 1239 Romano
735 1172 893 1240 Pontifice
916 1174 1025 1241 verbis
1047 1180 1114 1241 tam
1137 1177 1302 1261 expressis
1325 1182 1360 1242 ut

174 1295 327 1361 videatur
359 1295 569 1363 condemnari
599 1296 740 1363 abscisse
762 1298 871 1385 opinio
893 1317 977 1383 quae
999 1300 1065 1363 vim
1088 1299 1170 1385 legis
1198 1298 1360 1365 abiudicat

174 1422 269 1487 hisce
292 1420 573 1494 declarationibus,
597 1428 655 1487 aut
676 1422 771 1487 nimis
785 1422 946 1488 subtiliter
962 1424 1103 1507 inquirat
1118 1424 1158 1489 de
1173 1420 1361 1489 differentia

175 1550 264 1613 inter
288 1547 584 1629 comprehensivas
600 1552 633 1613 et
648 1549 840 1614 eoeteaeiuus
854 1550 1149 1634 interpretationes.
1169 1548 1256 1629 Hinc
1270 1550 1361 1615 iuvat

174 1673 294 1737 iterum
317 1691 378 1756 per
401 1678 571 1737 extensum
601 1672 730 1738 referre
754 1672 919 1739 decretum
943 1676 1006 1738 iam
1029 1673 1161 1739 allatum
1186 1694 1217 1739 n.
1245 1674 1309 1740 123
1327 1706 1357 1737 ·.

267 1863 308 1933 (l)
327 1862 407 1917 Haud
424 1862 525 1919 inutile
543 1863 599 1919 erit
623 1880 672 1934 per
696 1868 842 1919 extensum
867 1866 972 1919 referre
994 1865 1184 1935 nuperrimam
1211 1864 1358 1921 Decretum

177 1970 276 2025 datum
294 1971 343 2025 die
359 1971 402 2022 20
420 1969 478 2024 Iul.
499 1970 588 2036 1898,
607 1988 624 2024 a
641 1970 669 2024 S.
682 1970 768 2041 cong.
782 1969 909 2039 concilii,
926 1968 999 2041 quod
1017 1976 1164 2041 promanat
1183 1973 1218 2026 ab
1237 1972 1297 2026 eius
1318 1972 1360 2027 le·

175 2081 274 2149 gisem
295 2081 444 2147 potestate,
457 2075 601 2147 complura
612 2082 738 2132 statuens
751 2094 823 2149 quae
842 2077 977 2132 hactenus
990 2078 1050 2133 iure
1063 2095 1209 2134 commune
1228 2094 1283 2133 neu
1297 2095 1363 2133 con-

177 2185 351 2240 tinebantur.
370 2184 519 2240 Decretum
532 2214 548 2225 -
561 2185 604 2239 Dc
619 2186 795 2240 Clericomm
813 2188 1043 2241 subordinatione
1056 2196 1083 2240 et
1095 2187 1271 2240 ordinatione
1285 2215 1300 2226 -
1318 2190 1362 2239 est

174 2292 321 2363 sequentis
335 2291 455 2345 tenoris:
473 2292 529 2347 «A
548 2291 645 2360 primis
663 2291 806 2348 Ecclesiae
825 2292 946 2349 saeculis
964 2292 1045 2363 plura
1063 2291 1149 2346 Sacra
1167 2291 1294 2346 Concilio
1311 2290 1360 2345 de·

176 2404 337 2465 creverunt,
355 2397 428 2467 quod
447 2398 587 2452 recentius
604 2398 781 2452 confirmavit
792 2397 987 2453 Tridentinum
997 2368 1060 2468 *cop
1075 2399 1104 2463 8,
1118 2414 1185 2452 sess.
1198 2398 1240 2450 23
1258 2399 1294 2452 de
1312 2414 1361 2451 re·

178 2512 274 2577 forsa,
294 2505 433 2560 nemiuem
451 2505 505 2560 nisi
524 2523 541 2559 a
559 2505 672 2576 proprio
691 2506 827 2576 Episcopo
846 2522 925 2576 posse
944 2508 1075 2561 ordinari.

270 2611 403 2681 Proprius
421 2616 516 2666 autem
534 2610 654 2664 alicuius
667 2612 827 2682 Episcopus,
841 2613 920 2667 iuxta
938 2630 972 2667 ea
991 2630 1062 2683 quae
1081 2612 1241 2682 praefinivit
1258 2611 1287 2665 in
1306 2612 1363 2681 pri·

178 2721 234 2775 mis
252 2719 412 2774 Bonifatius
429 2717 493 2771 Vlll
511 2719 541 2772 in
560 2717 646 2772 Sexto
665 2716 773 2773 Decret.
786 2736 846 2790 cap.
863 2719 932 2773 Cum
945 2720 1053 2786 nullas,
1068 2718 1109 2773 De
1122 2728 1246 2787 tempore
1264 2716 1361 2771 ordin.

178 2825 382 2895 «intelligitur
400 2825 430 2878 in
448 2822 501 2878 hoc
519 2840 584 2877 casu
605 2824 757 2894 Episcopus
774 2824 808 2879 de
828 2825 907 2879 cuius
930 2824 1051 2879 dioecesi
1070 2828 1114 2879 est
1132 2825 1163 2889 is,
1185 2824 1232 2895 qui
1259 2822 1292 2877 ad
1317 2838 1360 2877 or·

179 2928 289 2984 «dines
308 2926 465 2998 promoveri
490 2926 638 2992 desiderat,
656 2926 799 2992 oriundus,
818 2944 867 2982 seu
893 2928 922 2981 in
947 2928 1027 2981 cuius
1052 2926 1170 2982 dioecesi
1196 2924 1362 2981 beneficium
1392 2982 1393 2987 χ

179 3034 323 3090 «obtinet
343 3033 575 3098 ecclesiasticum,
599 3048 648 3087 seu
667 3030 754 3087 habet
772 3033 857 3101 (licet
875 3032 944 3088 alibi
964 3039 1046 3087 natus
1063 3033 1167 3103 fuerit)
1192 3030 1363 3087 domicilium

178 3141 240 3197 «in
259 3140 356 3195 eadem
374 3156 399 3198 s.
425 3139 529 3195 Deinde
547 3156 610 3194 cum
630 3140 800 3195 consuetudo
819 3139 985 3205 invaluerit,
1004 3144 1036 3195 ut
1054 3138 1181 3210 Episcopi
1208 3137 1363 3193 familiares

179 3264 255 3314 suos,
273 3248 326 3302 etsi
345 3247 455 3302 alienae
473 3246 617 3312 dioecesis,
630 3246 717 3300 sacris
734 3245 890 3310 initiarent,
905 3251 935 3300 et
946 3249 1044 3301 sancta
1060 3245 1224 3299 Tridentino
1242 3242 1364 3314 synodus

180 3369 243 3423 cup.
263 3351 291 3418 9,
308 3368 375 3406 sess.
394 3353 438 3404 23
455 3353 490 3405 de
508 3354 626 3422 reform.
644 3349 672 3404 id
691 3350 775 3405 certis
793 3351 845 3403 sub
870 3349 1076 3404 conditionibus
1100 3349 1270 3419 probaverit,
1292 3346 1365 3401 obti-

179 3456 253 3522 nuit,
272 3460 304 3510 ut
322 3457 412 3510 tribus
431 3455 569 3525 prioribus
587 3454 687 3521 titulis,
705 3454 832 3524 originis,
850 3454 986 3509 domicilii
1000 3460 1028 3509 et
1044 3454 1182 3519 beneficii,
1200 3454 1302 3525 quibus
1320 3452 1365 3505 ius

178 3566 268 3619 fiebat
286 3563 429 3635 Episcopis
447 3564 571 3635 aliquem
589 3564 624 3618 ad
642 3564 753 3619 ordines
770 3565 958 3635 promovendi,
978 3569 1095 3635 quartus
1108 3578 1217 3635 quoque
1235 3578 1364 3617 accense·

179 3673 269 3734 retur,
287 3668 397 3723 scilicet
413 3667 624 3723 familiaritatis
639 3668 707 3723 Cum
720 3675 816 3723 autem
829 3669 862 3723 de
876 3667 1032 3723 huiusmodi
1046 3667 1136 3722 titulis
1152 3667 1366 3737 disceptaretur,

180 3775 363 3829 innocentius
381 3774 433 3827 ΧΠ
453 3791 515 3843 app.
535 3772 590 3828 litt.
609 3773 810 3844 incipientibus
828 3774 1089 3845 «Speculatores»
1107 3772 1180 3826 datis
1201 3772 1246 3826 die
1265 3772 1282 3823 4
1301 3787 1363 3825 nov.

183 3882 263 3949 1694,
281 3881 479 3937 determinavit
500 3898 534 3936 ac
558 3881 707 3936 constituit
730 3898 786 3953 quo
810 3898 893 3935 sensu
919 3886 948 3935 et
974 3881 1137 3936 extensione
1162 3880 1246 3933 iidem
1271 3886 1366 3934 essent

180 3989 338 4059 accipiendi
356 3990 391 4044 ad
409 4007 473 4045 eum
491 3990 629 4045 effectum.
649 3994 681 4043 ut
699 3989 762 4060 quis
780 3990 909 4060 proprius
928 3990 1010 4044 fieret
1023 3988 1142 4043 alicuius
1155 3988 1284 4059 Episcopi
1298 3990 1364 4041 sub·

179 4098 267 4164 ditus,
294 4114 349 4169 quo
373 4096 500 4167 legitime
525 4096 648 4152 ordinari
674 4095 789 4152 valeret.
816 4096 894 4157 Quae
918 4096 1083 4150 constitutio
1110 4100 1142 4149 ut
1166 4111 1295 4165 suprema
1319 4094 1365 4149 lex

179 4204 282 4260 deinde
300 4202 397 4258 habita
415 4209 467 4269 est,
485 4220 574 4275 eaque
593 4203 662 4258 duce
680 4219 776 4258 omnes
795 4203 974 4274 quaestiones
992 4201 1157 4271 diremptae.

274 4310 377 4365 Verum
395 4311 499 4366 nostris
517 4310 689 4381 temporibus
711 4325 800 4365 novae
826 4310 998 4364 contentioni
1024 4310 1154 4381 frequens
1180 4324 1210 4363 se
1235 4307 1368 4379 praebuit

179 4418 301 4474 occasio.
320 4418 452 4473 Pluribus
470 4418 544 4473 enim
563 4418 593 4473 iu
618 4417 687 4473 locis
712 4433 763 4472 usu
787 4421 932 4488 receptum
957 4420 1000 4473 est
1025 4421 1057 4471 ut
1079 4415 1183 4484 clerici,
1209 4414 1256 4486 qui
1279 4430 1294 4469 e
1314 4430 1366 4467 sua
