3292 5109
301 287 367 353 378
830 305 913 353 raas
938 304 974 352 11.

300 428 528 497 subiiciuntnr
550 429 701 515 aliquem
724 428 874 495 vicinam
896 427 1201 512 Metropolitanum
1224 428 1326 493 semet
1354 426 1484 513 eliaanl

300 555 338 620 in
373 555 470 622 cuites
502 554 640 640 Synodo
670 554 881 636 proiainriati·
908 573 987 620 eam
1022 553 1099 619 aliis
1130 552 1291 617 interesse
1326 550 1480 619 debeant,

301 680 332 746 S.
358 680 458 764 Cong.
482 677 624 743 eiusdem
648 677 784 744 concilii
815 679 978 762 interpres
1001 676 1056 743 die
1080 675 1121 743 31
1145 675 1342 741 Inlii1585
1373 674 1482 740 decla·

301 805 387 870 ravit
409 803 467 869 sub
491 804 555 868 hoc
577 803 710 871 decreto
740 824 806 869 non
838 802 1068 890 comprehendi
1092 803 1267 887 Episcopos
1294 802 1483 887 provinciae

301 930 467 995 Romanae
491 948 588 1013 quum
611 928 663 994 isti
685 928 870 993 immediate
885 927 1097 993 subiicientur
1114 927 1232 1012 Papae,
1248 932 1411 1011 tamquam
1431 944 1483 990 eo-

302 1075 375 1120 rum
398 1054 653 1139 Archiepiscopo
676 1059 710 1119 et
732 1054 983 1139 Metropolitano
1008 1050 1063 1137 (l).

390 1178 451 1242 Ast
480 1178 553 1241 iura
584 1196 667 1260 quae
689 1176 940 1261 bletropolitano
971 1178 1157 1260 competunt
1188 1175 1221 1239 in
1253 1170 1482 1259 Suffraganeos

299 1321 365 1366 non
399 1302 554 1367 attributa
587 1305 662 1366 sunt
693 1300 855 1367 Onrdinali
889 1300 1022 1365 Vicario
1054 1299 1170 1375 Urbis;
1204 1298 1260 1365 sed
1290 1298 1396 1368 hodie,
1420 1317 1483 1383 per

300 1419 418 1486 Sacras
443 1422 718 1509 Congregationes
740 1422 932 1499 ordinarias,
949 1423 1032 1489 haec
1055 1426 1191 1488 exercet
1211 1422 1374 1487 Romanus
1398 1420 1482 1484 Pon·

299 1543 400 1619 tifiex,
425 1552 458 1612 et
480 1546 605 1631 pridem
629 1545 777 1613 Auditori
800 1546 958 1614 Gamerae
981 1546 1172 1615 devolveret
1194 1566 1308 1611 causas
1335 1545 1478 1631 appelln-

299 1667 395 1733 tionis
424 1670 566 1735 acuriis
596 1670 829 1756 Episcoporum
860 1670 1047 1754 provinciae
1072 1670 1247 1741 Romanae,
1277 1687 1356 1751 quas
1386 1666 1481 1731 modo

299 1792 486 1879 expendent
508 1792 639 1858 eaedem
664 1792 695 1859 S.
720 1792 1006 1879 Congregatioues.

389 1919 464 1984 301.
492 1918 710 1984 «iurisdictio
734 1918 915 1985 Cardinalis
935 1918 1062 1983 Viearii
1086 1916 1146 2002 (ait
1166 1914 1267 1983 Cerci.
1284 1915 1389 1981 Petra
1413 1916 1434 1979 l.
1451 1934 1480 1979 e.

298 2064 333 2109 n.
347 2043 405 2129 64)
422 2043 647 2129 complectitur
661 2043 768 2129 legem
787 2044 1010 2110 dioecesanam
1027 2049 1060 2111 et
1076 2042 1305 2108 iurisdictionis
1321 2040 1482 2125 inquibus

298 2168 390 2235 iuxta
412 2170 664 2234 communiorem
688 2169 876 2234 divisionem
892 2170 1068 2234 resolvitur
1090 2170 1193 2233 onmis
1208 2166 1386 2233 iurisdictio
1407 2168 1479 2253 Epi-

299 2290 447 2376 scopans,
474 2297 631 2377 utsupra
651 2292 718 2358 dixi
738 2293 786 2358 ad
811 2293 921 2360 Consi.
947 2291 970 2356 4
996 2293 1124 2359 Callisti
1148 2291 1208 2357 ΙΙΙ
1232 2290 1319 2356 etde
1336 2290 1480 2357 Vicariis

298 2418 425 2483 loculus
455 2417 517 2482 fuit
539 2417 692 2483 Vestrius
715 2416 767 2483 cit.
793 2416 848 2483 tib.
873 2416 915 2497 2,
939 2434 1013 2501 cap.
1037 2416 1097 2491 16,
1121 2436 1215 2482 num.
1232 2416 1265 2488 1,
1289 2415 1391 2479 etsie
1418 2436 1479 2501 pro

298 2542 371 2629 lege
401 2542 593 2608 dioecesana
623 2560 716 2627 posse
746 2560 929 2607 convocare
962 2540 1124 2627 Syncdum
1154 2540 1240 2607 Cleri
1266 2542 1411 2621 Romani,
1443 2548 1479 2604 ut

298 2671 404 2732 actum
430 2666 537 2739 luisse.
557 2668 662 2751 liquet
685 2668 718 2730 in
741 2669 906 2753 prooemio
929 2671 1122 2732 statutorum
1146 2667 1232 2732 Cleri
1257 2668 1394 2732 Romani
1417 2668 1477 2731 im·
1497 2672 1502 2693 '

298 2811 484 2877 pressorum
508 2796 569 2857 etc.
594 2812 625 2856 ›.
649 2790 903 2877 competentiam
927 2791 1108 2857 iudicialem
1133 2792 1216 2875 quod
1239 2794 1370 2865 attinet,
1395 2792 1479 2857 haec

298 2912 400 2980 edixit
424 2912 618 2979 Benedictus
640 2913 724 2978 XIV
747 2913 785 2977 in
808 2912 861 2979 eit.
889 2912 997 2979 Consi.
1022 2913 1201 2979 Romanae
1231 2914 1349 2979 cariae
1374 2916 1396 2996 ἓ
1422 2912 1476 2977 21.

301 3060 320 3101 e
343 3040 429 3105 Item
451 3040 666 3106 decemimus
688 3039 823 3104 nnllam
846 3038 1021 3121 inprime
1043 3038 1206 3105 instantia
1237 3039 1371 3106 Viaario
1392 3059 1477 3106 corn-

294 3166 411 3245 petere
444 3160 712 3228 iurisdictionem
741 3159 780 3225 in
813 3160 1020 3234 dioecesibus
1050 3165 1082 3225 et
1112 3160 1292 3227 territoriis
1326 3161 1476 3228 aliorum

298 3285 547 3369 Episcopornnt
569 3286 639 3351 siae
665 3284 948 3360 Orciinarioram,
973 3285 1009 3349 in
1029 3285 1206 3367 praedicto
1230 3286 1381 3352 districto
1418 3286 1476 3352 Ur·

298 3407 348 3475 bis
369 3382 598 3479 earistentibas.
621 3406 789 3472 nimirum
812 3406 907 3472 intra
923 3406 1226 3492 qaadrapesimnm
1250 3407 1401 3491 lapidem
1416 3408 1477 3473 sed

296 3532 408 3599 solnm
429 3531 467 3596 in
489 3530 587 3598 dictr's
608 3530 814 3597 dioecesibus
837 3535 868 3596 et
891 3528 1072 3596 territoriis
1097 3508 1164 3613 pro
1189 3532 1301 3599 causis
1324 3532 1371 3597 ad
1397 3550 1477 3597 eran

296 3654 523 3738 spectantibus
544 3655 650 3721 citare
672 3659 704 3720 et
724 3654 911 3737 procedere
929 3674 1030 3738 posse
1054 3662 1174 3723 eontra
1197 3656 1336 3723 elericos
1353 3656 1476 3724 Roma-

296 3801 369 3857 nos,
392 3788 431 3847 at
451 3802 570 3865 snpra.
594 3782 728 3849 ratione
750 3781 896 3871 oriainis
918 3783 971 3847 ael
986 3780 1145 3868 ,beneficii
1169 3782 1229 3867 qai
1251 3782 1298 3849 ibi
1328 3802 1476 3850 eommo-

297 3912 441 3990 ranlnr3
462 3927 525 3974 nec
546 3926 618 3974 non
648 3907 773 3992 eaeqni
791 3926 893 3990 posse
920 3907 1088 3973 mandata
1112 3913 1183 3973 tam
1205 3908 1343 3973 realiter
1370 3926 1476 3993 qaam

291 4031 522 4115 personaliter
539 4050 607 4114 per
629 4051 708 4098 earn
731 4035 852 4097 contra
881 4030 974 4113 ipsos
997 4031 1167 4114 enpeclita.
1201 4032 1243 4096 Et
1274 4032 1337 4099 boc
1362 4030 1476 4114 ipsam

293 4153 428 4220 serrari
456 4156 614 4221 volamus
643 4154 681 4219 in
708 4136 915 4221 dioecesibns
942 4173 1005 4220 sen
1035 4154 1285 4237 Episcopornnt
1310 4154 1344 4221 S.
1369 4152 1409 4219 R.
1435 4156 1474 4220 Ε.
1506 4179 1509 4186 ·

385 4400 425 4472 (l)
445 4400 593 4455 Districtas
612 4400 697 4456 Urbis
716 4402 821 4455 Romae
840 4399 975 4471 appellari
995 4400 1141 4455 consuevit
1163 4402 1306 4458 Comarra
