3292 5109
462 264 507 313 ns
530 257 668 313 tumens
691 262 956 312 neonusmsrrcts
1246 244 1313 311 15u

135 384 337 452 tendentibus
360 405 424 451 non
446 386 548 452 licere
571 384 656 473 apud
678 388 765 453 hanc
788 388 888 474 Gong.
912 348 1085 453 advocatos
1111 388 1312 454 constituere

137 515 189 575 aut
210 518 441 597 procuratores
471 532 531 598 pro
560 513 627 579 suis
656 512 783 581 tuendis
813 512 947 580 iuribus.
971 512 1121 579 -Visa
1148 516 1198 579 est
1224 512 1311 579 euim

135 632 363 702 advocatorum
389 654 499 722 opera,
530 633 701 703 intendens
730 635 773 701 ud
804 636 986 723 urgendum
1009 636 1090 703 iuris
1112 637 1254 721 rigorem
1278 639 1312 701 et

136 757 264 824 studens
286 778 359 825 cum
381 760 494 845 primis
516 758 601 825 bono
624 760 780 847 peculiari
804 760 968 834 clientum,
986 760 1088 845 magis
1107 779 1202 845 quam
1225 760 1311 826 beno

135 881 275 950 fidelium
304 890 337 950 et
367 882 541 951 infidelium
572 886 751 957 communi,
776 886 872 951 nimis
897 884 1080 951 abhorrere
1102 883 1143 949 ab
1167 885 1312 951 instituto

135 1008 228 1075 huius
246 1009 345 1097 Gong.
362 1044 382 1059 -
401 1010 551 1077 Ceterum
567 1012 731 1097 integrum
755 1016 805 1076 est
826 1009 1095 1077 contendentibus
1109 1012 1160 1100 uti
1177 1011 1312 1107 consilio

135 1140 165 1200 et
186 1156 290 1223 opera
312 1139 498 1224 iurisperiti.
522 1140 696 1225 praecipue
722 1139 757 1203 in
781 1136 956 1204 exarandis
979 1139 1120 1225 propriis
1142 1138 1310 1225 allegatio-

136 1258 238 1340 nibuS,
258 1279 341 1344 quae
364 1279 430 1325 oon
453 1259 665 1326 admittuntur
680 1260 741 1325 nisi
762 1258 962 1346 subscriptae
985 1266 1019 1325 et
1041 1260 1224 1348 propositae
1246 1261 1313 1326 sint

136 1381 266 1469 abipso
289 1384 457 1469 litigante
471 1420 515 1435 -
538 1384 571 1451 si
594 1404 675 1449 vero
699 1391 852 1451 occurrat
874 1386 1050 1450 necessitas
1069 1384 1196 1471 plenius
1211 1384 1310 1469 expli·

136 1504 227 1569 candi
256 1506 459 1589 quaestiones
488 1503 573 1588 sacti
603 1509 636 1571 et
665 1504 762 1581 iuris,
791 1524 921 1591 semper
947 1505 1170 1590 expostulatur
1195 1510 1311 1571 votum

138 1630 352 1707 Consultoris;
376 1636 409 1696 et
430 1631 493 1697 hoc
517 1635 668 1698 servatur
691 1635 760 1696 tum
782 1632 815 1695 in
839 1632 978 1717 negotiis
1001 1631 1219 1712 contentiosis,
1242 1636 1310 1697 tum

137 1756 168 1819 in
191 1753 496 1821 extraiudicialibus.
523 1756 561 1820 lu
584 1755 689 1819 causis
713 1752 1001 1821 matrimonialibus
1031 1753 1116 1819 alter
1148 1752 1309 1820 consulto·

140 1896 207 1941 rum
230 1876 344 1943 scribit
366 1878 413 1943 uti
437 1875 589 1944 defensor
611 1876 733 1943 vinculi
757 1877 1014 1950 matrimonialis,
1031 1876 1117 1942 alter
1139 1897 1199 1962 pro
1221 1877 1310 1943 uert-

141 2006 211 2075 ute,
228 2001 270 2067 cf.
287 2001 350 2066 vol.
365 2002 391 2083 l,
407 2020 440 2066 n.
458 2001 529 2067 175.
545 2036 563 2049 ·
576 2001 625 2065 Ea
641 2019 724 2085 quae
740 2000 812 2065 iure
828 2001 989 2065 communi
1006 2005 1101 2068 cauta
1116 2005 1192 2067 sunt
1207 2001 1312 2067 relate

139 2125 176 2190 ad
198 2125 423 2212 appellationis
446 2126 642 2197 institutum,
666 2124 770 2209 quoad
794 2123 914 2210 gradus
941 2125 1181 2211 appellationis,
1206 2124 1310 2211 quoad

140 2248 247 2313 letalia
262 2247 300 2313 ad
317 2246 553 2333 appellandum,
578 2247 662 2332 quod
685 2247 726 2313 ad
757 2247 884 2314 modum
907 2248 1112 2333 procedendi,
1136 2254 1311 2315 servantur
1431 2308 1434 2314 .

140 2367 231 2437 etiam
258 2370 342 2458 apud
374 2364 460 2437 hauc
491 2372 605 2458 dung..
630 2392 703 2437 cum
731 2392 769 2438 eo
800 2376 910 2439 tamen
939 2377 1195 2458 temperamento
1225 2377 1261 2438 ut
1290 2392 1311 2437 a

139 2495 213 2559 iuris
235 2492 487 2559 solemnitatibus
511 2495 683 2560 recedatur
707 2499 739 2559 et
768 2497 932 2580 negotium
955 2496 1058 2580 magis
1080 2514 1141 2580 per
1163 2494 1312 2563 arbitros

139 2619 229 2693 iuris.
253 2639 348 2704 quam
371 2639 432 2705 per
454 2618 582 2686 iudices
606 2620 808 2706 intelligatur
830 2617 1056 2687 definiendum.

225 2741 297 2808 129.
321 2742 455 2807 Demum
479 2740 645 2826 singulare
668 2746 718 2807 est
739 2743 773 2806 in
796 2742 860 2807 hac
877 2742 976 2828 (long.
996 2746 1031 2808 ut
1045 2760 1149 2827 neque
1163 2740 1313 2827 Apentes

141 2864 343 2931 admittantur
357 2863 399 2930 ad
418 2864 594 2930 curandam
617 2867 820 2951 negotiorum
844 2864 1100 2951 expeditionem
1125 2864 1181 2931 sed
1203 2864 1311 2931 huius·

142 2989 221 3055 modi
242 3009 357 3055 munus
380 2994 557 3074 peragatur
580 3008 600 3053 a
623 2988 896 3055 Procuratoribus
919 2990 1114 3055 missionum.
1132 2990 1310 3055 Praeterea

143 3112 212 3179 dnm
232 3114 315 3179 aliae
340 3112 440 3199 (long.
464 3112 592 3179 litteras
615 3120 648 3179 et
670 3115 830 3200 rescripta
852 3112 986 3179 tradunt
1016 3113 1186 3199 agentibus
1210 3134 1309 3199 expe-

143 3236 260 3319 dienda,
276 3238 361 3304 haec
376 3236 408 3303 S.
423 3236 533 3323 Gong„
546 3238 573 3301 si
589 3236 697 3303 nullus
712 3257 747 3303 se
764 3233 880 3303 offerat
890 3234 1093 3302 Procurator
1109 3237 1309 3312 Missionum‚
1373 3310 1377 3316 ,

144 3360 268 3447 expedit
288 3362 360 3447 ipsa
382 3360 506 3426 directe
531 3360 713 3428 Ordinariis
736 3361 862 3426 litteras
885 3364 918 3425 ei
941 3361 1101 3445 rescripta
1124 3366 1157 3425 et
1178 3360 1219 3426 ab
1242 3361 1312 3425 istis

143 3484 316 3551 immediate
340 3483 510 3572 petitiones
533 3485 650 3568 recipit
673 3480 728 3571 (1).

224 4046 263 4117 (l)
280 4046 352 4109 Quia
364 4046 395 4101 hi
414 4048 463 4119 qui
488 4052 620 4118 praesunt
637 4066 658 4101 s.
678 4047 865 4115 missionibus,
883 4046 1111 4104 extraordinariis
1134 4051 1251 4102 utuntur
1269 4050 1310 4101 fa-

145 4149 286 4208 cultatibus
306 4154 446 4209 concessis
465 4155 515 4208 sub
535 4155 619 4209 certis
637 4154 779 4225 formulis,
799 4154 878 4207 iuvat
896 4154 1022 4208 conferre
1041 4182 1054 4195 ·
1076 4154 1311 4211 Commenturtum

147 4260 174 4311 ia
188 4261 338 4329 seculares
351 4262 553 4333 Apostolicas...
570 4278 625 4333 per
642 4262 756 4317 modum
773 4262 1094 4333 famulorum-concedi
1103 4261 1227 4316 solitus...
1246 4279 1310 4317 con·

148 4365 278 4421 mam
289 4368 324 4422 ab
336 4367 461 4422 Antonio
471 4366 598 4438 Koniugs
610 4365 640 4420 G.
655 4366 681 4420 S.
694 4364 721 4419 S.
736 4366 767 4420 R
783 4394 796 4408 ·
809 4368 887 4438 apud
896 4367 1039 4437 Bmziper
1050 4395 1064 4410 ·
1075 4366 1202 4425 Fratres.
1216 4367 1309 4422 1897.
