3292 5109
315 264 379 331 138
840 285 925 333 raas
948 283 985 330 11.

314 402 550 490 Propagandae
580 424 645 470 non
678 405 782 471 solum
817 405 926 471 extitit
957 402 1144 489 Polyglotta
1174 400 1315 468 caeteris
1345 405 1498 484 tempore

313 529 419 612 pri0r‚
451 549 546 614 quam
577 535 688 615 postea
720 531 944 595 Protestantes
971 530 1085 594 imitati
1115 532 1208 610 sunt,
1238 526 1296 593 sed
1325 526 1373 591 ita
1403 524 1500 589 dives

314 658 416 723 evasit
436 662 470 723 ut
487 656 638 723 invidiam
662 657 856 724 excitaverit
872 656 1065 742 Napoleonis
1080 656 1105 728 Ι,
1123 656 1177 740 qui
1192 652 1338 720 eamdem
1361 651 1499 738 deprae

314 779 406 847 datus
429 787 485 849 est.
505 783 627 849 -Huic
651 767 902 869 congregationi
926 782 1022 848 etiam
1045 780 1157 847 unitur
1178 777 1384 843 Tabularium
1409 774 1500 859 quod

313 926 379 971 una
401 926 474 972 cum
497 907 714 994 typographia
730 926 899 973 commune
919 911 968 973 est
983 905 1111 989 utrique
1127 904 1215 984 ritui,
1230 920 1347 987 nempe
1366 900 1499 970 Latino,

314 1034 346 1095 et
370 1029 539 1103 Orientali,
560 1032 606 1096 uti
634 1032 744 1097 statuit
763 1028 842 1095 Pius
864 1030 913 1095 IX
938 1030 971 1094 in
996 1030 1103 1095 Const.
1119 1025 1269 1094 Romani
1292 1023 1502 1110 Pontifices:

317 1152 469 1217 «Ambae
483 1152 758 1239 Congregationes
774 1151 887 1217 eodem
900 1151 1074 1217 Tabulario
1087 1149 1265 1233 eademque
1276 1145 1502 1234 typographia

314 1277 443 1343 omnino
467 1284 644 1345 utantur».
672 1280 808 1365 Notetur
833 1276 1084 1364 typographiam
1107 1272 1282 1341 Praefecto
1306 1273 1501 1357 congrega·

314 1403 409 1468 tionis
432 1404 579 1477 subesse,
604 1403 751 1488 quamvis
773 1404 837 1469 ista
866 1404 900 1468 in
930 1407 1024 1489 parte
1055 1421 1137 1486 pure
1164 1399 1423 1464 administrativa
1449 1413 1503 1459 re

314 1530 411 1612 gutur
433 1548 454 1593 a
476 1528 650 1595 Praefecto
675 1528 894 1596 Oeconomiae
916 1527 1058 1593 elusdem
1081 1523 1358 1611 congregationis.

406 1648 480 1715 121.
506 1652 570 1717 Sua
594 1651 809 1717 sollicitudine
833 1651 986 1737 pastorali
1011 1650 1076 1714 Leo
1092 1648 1187 1721 ΧΙΙΙ,
1204 1647 1260 1713 fel.
1277 1666 1357 1731 reg..
1383 1664 1505 1709 omnes

313 1775 447 1860 populos
470 1796 490 1841 a
513 1782 650 1843 veritate
666 1776 857 1845 dissidentes
875 1777 1043 1863 amplexus
1067 1779 1125 1857 est,
1150 1793 1246 1859 quum
1274 1774 1409 1858 praeter
1432 1770 1506 1833 alia

313 1901 414 1966 multa
427 1920 508 1985 quae
525 1904 689 1968 constituit
705 1907 738 1968 et
753 1901 925 1976 ordinavit,
940 1902 1201 1967 CommIssionem
1214 1919 1257 1964 ex
1269 1894 1507 1965 cardinalibus

315 2023 550 2089 coalescentem
574 2004 739 2111 deputavit
770 2024 811 2091 ad
843 2024 1020 2090 curandam
1048 2021 1265 2090 OrIentalium
1293 2026 1326 2086 et
1352 2021 1505 2084 omnium

315 2273 411 2327 eadem
436 2273 524 2341 datas,
545 2274 646 2353 quibus
670 2273 740 2329 baec
764 2275 839 2329 inter
864 2274 921 2328 alia
944 2276 1210 2337 commemorantum
1235 2268 1381 2326 videlicet:
1399 2281 1418 2324 (
1435 2268 1506 2323 Non

315 2377 401 2433 semel
420 2380 493 2435 anim
513 2378 684 2449 collegendis
702 2380 821 2434 vetustis
838 2378 981 2433 codicibus
999 2378 1174 2433 doctissimos
1191 2375 1318 2431 homines
1330 2374 1507 2445 praesertim

315 2485 349 2539 ad
368 2484 490 2541 Orientis
509 2486 768 2556 regionesmittere
786 2502 842 2543 non
860 2487 1008 2553 dubitavit,
1019 2487 1120 2557 quibus
1138 2484 1172 2538 ad
1192 2483 1353 2539 historicam
1375 2480 1508 2552 populo·

255 2626 259 2635 ·
314 2611 377 2648 rum
396 2593 524 2647 notitiam
543 2592 749 2663 acquirendam,
769 2592 803 2647 ad
822 2592 982 2647 refutandos
1001 2608 1109 2647 errores
1127 2608 1161 2645 ac
1180 2591 1267 2645 libros
1284 2588 1437 2658 liturgicon
1460 2609 1509 2646 re·

314 2701 465 2757 censendos
493 2704 628 2755 uteretur.
654 2699 732 2761 Quod
759 2700 906 2755 occasions
932 2698 1082 2768 legationis
1106 2697 1246 2752 GabrIelis
1265 2696 1339 2751 Evae
1362 2696 1508 2752 Monachi

314 2804 472 2859 Maronitee
491 2802 655 2857 Libanensis
674 2803 703 2857 in
721 2804 883 2875 Aegyptum
903 2802 937 2855 ad
958 2798 1149 2854 Patriarcbam
1165 2796 1338 2868 cophtorum
1356 2800 1508 2868 superiori

314 2912 433 2979 saeculo,
452 2913 564 2982 auspice
583 2929 621 2965 sa.
642 2928 694 2967 me.
716 2908 860 2966 Clemente
879 2910 931 2974 xl,
956 2910 1077 2963 maxime
1100 2910 1206 2964 facturn
1224 2913 1282 2974 cst3
1306 2924 1362 2978 quo
1379 2914 1509 2966 auctore

314 3019 444 3089 deluceps
467 3020 569 3074 iterum
593 3018 627 3072 ad
647 3017 779 3074 Sectense
803 3018 1007 3073 Monasterium
1033 3016 1145 3087 aliaque
1163 3014 1285 3070 Orientis
1310 3014 1373 3069 loca
1396 3015 1510 3071 missus

315 3128 358 3179 est
376 3122 474 3192 Ioseph
495 3125 673 3188 assemanus,
692 3122 735 3177 vir
752 3121 965 3188 eruditissimus,
979 3122 1026 3191 qui
1044 3113 1199 3190 peragratis
1217 3116 1315 3173 iisdem
1334 3118 1510 3187 regionibus

315 3229 499 3285 Bibliotecam
519 3230 685 3283 Vaticanum
705 3228 834 3298 pretIcsis
852 3227 977 3282 codicum
997 3225 1136 3282 thesauris
1159 3224 1260 3279 ditavit
1284 3241 1318 3279 ac
1335 3224 1511 3282 doctissima

315 3335 505 3389 Bibliothecae
528 3335 679 3388 Orientalis
698 3331 841 3387 volumina
868 3331 991 3386 eiusdem
1010 3330 1036 3383 S.
1056 3329 1157 3399 Congr.
1184 3329 1260 3400 typis
1283 3329 1371 3385 edidit
1379 3369 1489 3384 ......
1501 3358 1508 3371 -

314 3442 356 3495 Ac
374 3442 435 3511 ipsa
452 3442 563 3513 quidem
583 3440 608 3495 S.
629 3442 715 3512 Cong.
735 3438 936 3512 Typogrephia
954 3439 999 3494 vel
1018 3442 1053 3493 ab
1072 3455 1146 3493 anno
1167 3438 1235 3493 1626
1247 3437 1282 3491 ad
1295 3454 1379 3507 opera
1394 3436 1511 3493 Latina

313 3546 428 3614 Graeca,
447 3548 576 3614 Arabica,
596 3547 755 3613 chaldaica,
775 3549 906 3613 Armene,
924 3546 1041 3620 Illyrica
1058 3551 1119 3600 tum
1138 3545 1263 3601 tenebris
1281 3543 1426 3598 vindicata
1440 3550 1510 3601 tum

313 3654 471 3723 conscripta
484 3654 625 3709 recentius
635 3652 758 3709 cudeuda
768 3654 922 3707 constituta
935 3656 991 3717 est3
1004 3668 1076 3722 quaa
1086 3650 1225 3719 deinceps,
1238 3649 1303 3703 aliis
1311 3649 1509 3718 plurimarum

312 3762 472 3833 liuguerum
491 3764 567 3835 typis
586 3762 676 3817 ditata
695 3778 743 3833 per
762 3762 816 3816 duo
835 3778 867 3816 ac
886 3761 1000 3815 dimidia
1018 3760 1139 3827 saecula,
1153 3761 1194 3815 ita
1210 3760 1320 3816 delectu
1333 3776 1367 3814 ac
1379 3776 1511 3819 numero

314 3867 466 3923 editionum
484 3867 588 3934 floruit,
602 3871 634 3921 ut
646 3884 708 3922 eam
726 3882 782 3921 non
800 3865 888 3921 semel
908 3866 962 3937 ipsi
981 3864 1143 3921 heterodoxi
1163 3864 1259 3936 elapso
1277 3864 1510 3921 saeculoomnes

313 3974 384 4029 alias
403 3975 528 4045 Europae
557 3980 730 4029 caracterum
756 3974 970 4045 peregrinorum
994 3977 1130 4042 apparatu
1155 3972 1240 4028 facile
1264 3989 1399 4043 superare
1423 3974 1510 4031 ultro

313 4078 519 4133 affirmaverint.
538 4106 575 4121 -
593 4079 636 4132 Ad
654 4077 723 4133 haec
742 4078 867 4133 addenda
886 4094 958 4149 quae
978 4078 1062 4132 Sacra
1075 4078 1264 4148 congregatio
1277 4077 1386 4134 assidue
1400 4096 1418 4133 a
1431 4080 1510 4135 Mis·

315 4184 443 4239 sionariis
462 4184 640 4254 expostulare
658 4184 737 4239 nullo
755 4189 950 4255 contempora
964 4185 1276 4240 consuevitcuincirca
1293 4185 1510 4255 geographicas

313 4292 342 4343 at
360 4288 578 4358 corographicas
596 4293 688 4343 cartas
707 4288 740 4343 ed
767 4290 900 4344 obscuras
926 4289 1107 4344 barbarorum
1133 4289 1263 4359 regiones
1290 4288 1510 4358 cognoscendas

314 4392 456 4463 perutiles,
470 4398 529 4447 tum
547 4392 623 4447 circa
641 4393 790 4463 omnigena
807 4393 1021 4448 documentaad
1038 4408 1134 4447 eorum
1152 4408 1252 4461 mores,
1272 4392 1510 4462 consuetudines,
