3292 5109
511 308 555 359 on
580 307 718 356 urmcus
742 304 1012 355 aconasnsrmrs
1299 286 1365 354 179

178 431 371 505 electorum,
391 432 523 515 partim
546 430 741 497 satisfecisse
764 431 948 497 necessitati
971 429 1111 496 habendi
1135 430 1259 495 Romae
1283 430 1365 496 (lon-

179 556 258 619 cilia
282 554 500 621 Particularia
521 560 577 620 aut
601 554 776 621 Generalis
799 574 856 619 seu
881 554 1109 622 Documenica.

275 682 350 748 153.
371 682 449 748 Pius
464 682 514 748 IV
530 682 563 747 in
578 702 637 747 sue
653 682 887 749 Constitutione
904 681 1106 748 Benedictus
1122 680 1214 747 Deua
1225 700 1254 747 a
1268 680 1365 762 1563,

181 826 248 892 qua
274 806 466 893 approbarit
488 812 521 872 et
544 805 749 873 confirmarit
779 806 944 892 Synodum
968 805 1202 879 Tridentinam
1226 807 1367 893 vestigia

183 950 336 1019 premens
358 932 566 1017 imperatoris
584 934 750 999 iustiniani
768 938 801 997 et
817 933 910 997 Pont.
930 932 1051 997 Nicolai
1070 932 1118 998 lll
1136 929 1200 1015 (1),
1224 931 1367 997 maxime

182 1055 341 1121 sollicitus
365 1056 404 1120 de
428 1056 569 1141 genuina
592 1054 798 1121 decretorum
830 1055 1038 1127 executione,
1063 1056 1175 1119 statuit
1203 1056 1366 1121 neminem

183 1183 255 1246 sire
280 1181 534 1258 ecclesiasticum
558 1181 628 1247 sire
650 1181 767 1247 laicum
792 1180 957 1247 doctorem
978 1200 1072 1265 posse
1091 1180 1125 1245 in
1141 1177 1384 1255 'tridentinum-

183 1302 364 1371 Concilium
387 1322 540 1384 exarare,
564 1306 624 1367 sua
646 1306 848 1373 auctoritate.
866 1305 1126 1376 commentarios,
1147 1302 1300 1388 explicite
1318 1322 1367 1368 re·

185 1451 322 1496 servans
352 1429 423 1495 Sedi
456 1430 661 1517 Apostolicae
693 1428 871 1497 dissolvere
906 1428 1110 1495 difficultates
1141 1434 1174 1495 et
1203 1428 1299 1494 dubia
1323 1450 1366 1495 ex

183 1552 307 1619 eisdem
331 1552 471 1618 decretis
494 1555 619 1619 oritura
642 1551 701 1637 (2).

281 1764 319 1831 (l)
340 1763 381 1818 Gi.
401 1766 419 1816 l.
441 1765 464 1828 1,
483 1768 501 1829 ἓ
520 1765 563 1830 12,
585 1766 603 1819 l.
622 1768 650 1831 2,
670 1770 688 1831 5
706 1767 752 1831 21,
774 1766 837 1821 Cod.
859 1767 904 1819 aa
926 1766 947 1831 1,
971 1767 1013 1819 Dc
1031 1768 1096 1820 iare
1113 1776 1165 1821 vet,
1186 1765 1369 1830 matcaudo,

186 1869 227 1921 tit.
241 1869 291 1936 17,·
308 1872 338 1922 et
355 1867 499 1923 Pontificis
512 1868 621 1923 Nicolai
636 1868 672 1922 lll
686 1886 745 1937 cap.
759 1869 780 1921 3
794 1869 879 1932 Exiit,
901 1868 944 1922 De
956 1869 1032 1923 verb.
1046 1870 1140 1939 sipnis.
1154 1870 1183 1920 in
1197 1867 1224 1933 6,
1238 1871 1256 1933 5
1270 1866 1369 1937 ltaque

185 1972 235 2041 (V,
257 1974 309 2039 12).

279 2076 318 2147 (2)
338 2074 393 2129 Cfr.
415 2076 577 2146 Faguauum
596 2076 625 2130 in
643 2074 748 2129 Comm.
768 2080 806 2131 ad
825 2094 885 2147 cap.
901 2077 1044 2143 Quonim
1057 2049 1370 2145 decertationibus,

186 2186 218 2237 et
231 2184 268 2236 aa
281 2200 340 2253 cap.
358 2184 426 2237 Cum
443 2187 589 2249 venusam,
610 2183 789 2251 delicatioris,
809 2188 838 2237 et
850 2184 991 2251 Zamboni,
1008 2184 1123 2238 Collect.
1137 2184 1369 2239 Doctae-ationem

186 2298 253 2355 tom.
271 2286 294 2356 1,
309 2286 356 2357 qui
375 2290 404 2339 in
422 2288 626 2342 introductione
645 2288 705 2354 54,
725 2286 868 2357 explicans
886 2289 943 2341 rim
967 2286 1050 2341 huius
1069 2287 1281 2357 prohibitionis,
1300 2286 1370 2344 haec

187 2394 318 2449 advertit:
337 2394 554 2463 «Excipiuntur
573 2398 665 2449 umen
685 2396 720 2448 ab
740 2392 793 2447 hac
812 2393 1000 2464 prohibitione
1018 2394 1159 2464 Magistri,
1178 2394 1323 2461 Doctores,
1341 2400 1372 2450 et

189 2498 340 2565 Advocati,
359 2501 406 2570 qui
424 2499 536 2571 aliquod
555 2500 711 2555 Tridentini
738 2498 855 2553 Concilii
876 2500 1022 2554 Decretum
1042 2517 1099 2555 non
1124 2500 1316 2570 principaliter
1341 2506 1371 2556 et

185 2601 296 2657 directe
314 2603 363 2658 sed
380 2605 526 2658 occasione
544 2604 692 2658 solutionis
711 2619 760 2658 seu
779 2602 986 2657 dilucidationis
999 2604 1118 2658 alicuius
1133 2604 1304 2674 quaestionis
1322 2610 1373 2658 aut

185 2726 292 2765 musae
316 2710 501 2780 expeditionis
524 2711 616 2766 obiter
641 2716 670 2765 st
695 2710 830 2765 indirecte
849 2710 1087 2779 interpretantur,
1105 2714 1190 2780 atque
1214 2708 1371 2765 huiusmodi

188 2817 438 2887 interpretationes
463 2818 581 2888 scriptas
607 2822 656 2871 aut
680 2818 755 2888 typis
781 2834 897 2872 excusas
922 2818 1022 2883 edunt,
1041 2818 1088 2888 qui
1114 2833 1169 2871 nou
1193 2817 1321 2872 incidunt
1342 2820 1370 2873 in

186 2942 324 2981 censuras
343 2930 372 2980 et
391 2942 493 2995 poenas
512 2926 605 2979 Const.
624 2925 668 2979 Pii
689 2924 734 2992 lV,
752 2925 825 2996 quod
845 2925 922 2981 clare
947 2927 1046 2995 probet
1065 2926 1215 2995 Fagnauus
1233 2930 1263 2980 in
1280 2929 1325 2983 lib.
1341 2928 1377 2981 11

189 3035 301 3088 Deerat.
316 3036 345 3087 in
358 3052 417 3105 cap.
440 3036 508 3089 Cum
526 3036 665 3089 venissent
683 3051 711 3086 n.
725 3034 773 3087 80.
794 3034 830 3087 Et
849 3035 934 3088 etiam
954 3034 1085 3089 Lectores
1097 3039 1127 3089 et
1143 3034 1272 3103 Magistri
1293 3035 1373 3091 licite

189 3146 309 3212 possunt
326 3142 354 3194 in
374 3140 476 3195 scholis
494 3141 650 3196 Tridentini
670 3140 788 3194 Concilii
814 3140 928 3196 decreta
949 3145 1081 3196 oretenus
1099 3142 1288 3211 interpretari,
1306 3144 1374 3214 quia

188 3243 388 3311 interpretatio
401 3241 556 3297 huiusmodi
571 3244 604 3297 ad
615 3244 732 3298 Concilii
746 3243 964 3313 intelligentiam
977 3244 1090 3298 omnino
1103 3245 1259 3299 necessaria
1271 3245 1373 3301 saltem

188 3351 308 3405 rudibus
326 3355 356 3405 et
374 3350 525 3405 illiteratis.
545 3351 581 3405 Et
600 3351 696 3405 eadem
716 3350 744 3405 S.
763 3350 891 3422 Synodus
905 3350 1012 3406 Decret.
1032 3354 1062 3404 in
1080 3370 1139 3423 cap.
1154 3354 1174 3404 2
1189 3352 1259 3406 Sera.
1273 3356 1317 3407 25
1331 3355 1374 3409 De
1443 3381 1444 3384 ¹

188 3460 249 3527 res.
269 3458 299 3509 ia
311 3460 328 3520 ἓ
342 3457 387 3509 Ad
405 3456 473 3509 heac
492 3453 640 3523 praecipit:
659 3458 721 3509 «ut
740 3470 836 3508 omnes
855 3453 883 3521 ii,
898 3454 931 3507 ad
947 3470 1016 3524 quos
1029 3453 1252 3510 Universitatum
1265 3461 1295 3511 et
1308 3457 1373 3511 Stu-

186 3565 302 3619 diorum
321 3562 494 3632 generalium
514 3578 580 3615 cura
599 3562 729 3631 pertinet,
748 3562 899 3629 diligenter
918 3567 1017 3617 curent
1036 3566 1067 3615 ut
1085 3564 1119 3617 ab
1138 3562 1236 3618 iisdem
1256 3562 1375 3618 Univer-

189 3670 325 3725 sitatibus
344 3668 485 3733 canones,
503 3671 532 3721 et
551 3666 669 3721 Decreta
688 3656 804 3720 Concilii
832 3666 943 3735 integra
968 3666 1140 3735 recipiantur
1165 3668 1199 3721 ad
1223 3684 1375 3740 eorumque

189 3786 321 3826 normam
340 3769 478 3838 Magistri,
498 3773 527 3823 et
546 3767 678 3823 Doctores
697 3784 739 3836 ea,
758 3784 830 3839 quae
850 3767 1014 3823 Catholicae
1031 3769 1096 3823 fidei
1113 3775 1189 3851 suut,
1208 3770 1327 3825 doceant
1344 3776 1375 3826 at

190 3881 414 3950 interpretentur
427 3894 513 3948 seque
526 3876 560 3931 ad
573 3875 625 3930 hoc
638 3877 799 3931 institutum
813 3876 895 3930 initio
908 3876 1060 3931 cuiuslibet
1077 3878 1143 3931 anni
1162 3877 1278 3933 solemni
1298 3878 1376 3932 iura·

191 3989 290 4041 mento
308 3984 522 4053 adstringant».
541 3982 578 4036 Et
595 3982 722 4053 quamvis
734 3980 889 4035 Concilium
904 3998 959 4036 non
971 3981 1046 4036 dicat
1058 3997 1188 4051 expresse
1201 3986 1233 4036 ut
1244 3982 1373 4051 Magistri

193 4098 223 4149 at
243 4092 377 4147 Doctores
394 4089 615 4159 interpretentur
633 4087 759 4141 Cauones
778 4091 807 4142 et
828 4085 946 4141 Decreta
965 4085 1098 4151 Concilii,
1117 4086 1165 4141 sed
1185 4085 1377 4141 tautummodo

194 4204 227 4253 ut
250 4198 472 4267 interpretentur
497 4211 531 4249 ea
555 4210 626 4265 quae
645 4191 807 4247 Catholicae
828 4191 904 4247 Fidei
924 4198 1003 4257 suut,
1022 4196 1115 4247 tamen
1141 4210 1204 4246 cum
1228 4192 1256 4246 id
1281 4192 1377 4247 iubeat

194 4306 257 4362 fieri
275 4304 310 4359 ad
330 4319 454 4358 normam
480 4300 622 4355 (lenonum
642 4306 670 4354 et
691 4299 871 4355 Decretorum
890 4298 917 4352 S.
937 4298 1054 4370 synodi,
1074 4300 1125 4353 sub
1151 4297 1204 4353 hoc
1228 4304 1377 4369 praecepto
1489 4337 1492 4342 »

194 4412 306 4467 ridetur
324 4408 425 4463 saltem
444 4406 580 4477 implicite
599 4405 734 4459 contineri
755 4403 912 4458 huiuamodi
931 4404 1142 4473 interpretatio:
1158 4404 1220 4458 ride
1234 4403 1378 4458 laudatum
