3292 5109
394 324 483 379 QUAE
507 325 545 372 IN
569 325 719 376 SECUNDO
742 325 921 375 VOLUMINE
945 325 1184 382 CONTINENTUR

260 447 387 500 Vicarr'as
405 446 562 512 Ferocem,
584 461 646 516 pag,
666 445 727 512 3973
747 476 762 488 -

197 518 232 572 de
251 517 311 572 eius
329 517 524 588 competentia,
543 533 608 588 pag.
629 516 691 572 432.

260 661 388 714 vicarias
409 660 565 726 Generalis,
585 677 651 730 pag.
671 659 732 725 3883
746 689 761 700 -

199 736 324 802 potestas
342 735 385 786 est
403 731 553 796 ordinaris,
576 748 638 802 pag.
664 731 725 785 389.
745 759 761 770 -

201 805 246 858 An
284 801 354 857 ussit
371 802 523 873 Episcopus
542 802 764 858 animadvertere

201 820 763 1016 titubatus-113atis

201 1017 292 1071 causis
310 1032 381 1087 quse
400 1017 429 1072 in
448 1018 537 1087 prims
555 1017 690 1072 instantia
708 1032 763 1071 non

201 1092 317 1156 possunt
330 1089 460 1157 cognosci
473 1105 490 1142 a
502 1087 640 1143 iudicibus
652 1089 764 1142 inferio·

201 1159 279 1214 ribus
289 1159 434 1229 Episcopo,
446 1175 506 1229 pag.
521 1159 646 1215 424426.
658 1190 673 1200 -
684 1159 765 1214 Com·

201 1231 328 1299 petentia
347 1231 407 1284 Vic.
427 1230 503 1298 Ges,
523 1247 585 1302 pag.
599 1231 652 1286 440
665 1235 694 1286 et
707 1247 764 1302 seq.

201 1331 217 1342 -
237 1302 347 1372 Regale
360 1319 415 1373 que
427 1301 510 1358 debet
523 1303 685 1368 mensurari,
701 1318 764 1372 pag.

201 1373 262 1426 440.
282 1403 298 1414 -
318 1373 347 1428 In
370 1389 424 1445 quo
449 1374 558 1428 differat
583 1374 640 1428 Vic.
660 1373 729 1430 Gen.
748 1390 765 1427 a

201 1443 262 1500 Vic.
282 1445 381 1514 Cepit,
399 1461 462 1515 pag.
482 1445 544 1500 442.
564 1474 579 1485 -
598 1445 629 1499 in
662 1462 697 1500 uo
709 1445 764 1499 dif-

201 1517 273 1570 ferat
292 1515 421 1570 vicarius
443 1517 572 1586 Episcopi
591 1533 608 1570 a
652 1519 688 1570 ic.
711 1519 764 1570 Ar·

201 1586 379 1657 cbiepiscopi‚
393 1589 458 1643 ibid.
480 1617 495 1628 ·
509 1589 552 1642 Αιι
566 1587 679 1642 Vicsrio
692 1605 766 1642 com·

201 1663 299 1728 petent
317 1675 417 1714 causae
435 1659 603 1726 criminales,
621 1676 683 1730 pag.
702 1658 764 1713 443.

202 1757 217 1770 -
237 1729 277 1786 De
296 1730 394 1800 reguis
411 1745 497 1786 «aaa
509 1734 594 1786 alatur
611 1733 764 1802 appellatio

200 1819 219 1855 a
237 1802 347 1857 Vicario
361 1802 495 1858 Generals'
506 1804 544 1856 ad
559 1803 726 1872 Episcopum
738 1816 765 1868 t,

201 1889 264 1942 pag.
290 1874 351 1928 445.
372 1903 387 1914 -
407 1875 451 1928 An
471 1878 500 1928 et
524 1873 660 1945 quomodo
684 1874 765 1930 detur·

201 1947 380 2030 suppticatio,
398 1947 535 2016 quaerela
552 1947 700 2010 saltastis,
720 1961 765 2000 rc·

201 2017 765 2170 ιιιιιιι.ἰιιῑιιιιιιῑιιξιι

202 2157 347 2228 Episcopo,
361 2164 508 2214 censeatur
524 2163 667 2229 suspectus
680 2164 765 2214 etiam

203 2227 264 2283 Via.
283 2229 350 2285 Gen.
370 2234 399 2285 et
417 2231 568 2295 ricoverus,
587 2245 648 2300 pag.
668 2231 729 2283 447.
749 2259 764 2270 -

202 2298 302 2356 Coram
315 2317 370 2373 quo
383 2303 512 2372 cognosci
525 2302 625 2358 debeat
638 2301 766 2372 exceptio

203 2372 368 2496 puspicionis
384 2373 533 2498 4ιι4ι18ιιθιιιιι
557 2372 613 2456 Vic.
642 2371 766 2498 {enera-

216 2459 268 2511 em,
295 2460 358 2514 pag.
438 2475 480 2497 .-
527 2459 630 2498 resisus
670 2461 765 2498 aarum

1313 305 1383 373 539

817 446 976 500 dioecesum
999 445 1101 517 inquo
1125 445 1188 500 loco
1212 461 1381 516 cognoscere

817 517 918 572 debeat
936 519 1125 583 causas-ibid.
1145 545 1160 556 -
1180 521 1224 571 Αιι
1237 518 1297 572 vic.
1311 518 1379 572 Gen.

816 588 911 644 valeat
928 589 979 642 sibi
995 589 1060 644 dare
1080 589 1311 659 Vicesperentm,
1331 594 1382 643 sut

817 660 869 714 sibi
881 660 1050 716 constituere
1062 660 1232 728 delegatum,
1245 678 1307 731 pag.
1318 661 1379 714 449.

816 761 832 772 -
846 733 891 786 An
903 735 932 786 et
944 731 1066 802 qualiter
1074 732 1246 802 requirentia
1258 731 1382 802 speciale

816 803 986 870 mandatum,
1006 803 1066 858 sine
1085 819 1118 858 eo
1137 809 1217 872 gesta
1228 821 1246 858 a
1259 803 1380 871 vicarie,

818 879 881 929 rste
899 873 1004 929 hebere
1029 876 1116 945 possit
1134 873 1295 997 Episcopus,
1311 891 1380 1000 pag.

818 947 879 1001 450.
898 977 915 985 -
933 948 976 1000 sn
997 950 1086 1002 cesset
1106 963 1207 1000 munus
1257 947 1292 1000 ic.
1336 963 1379 1002 en.

818 1017 948 1087 Episcopi
974 1034 1023 1086 per
1049 1018 1257 1087 deputationem
1281 1017 1381 1072 Admi-

817 1089 978 1143 nistratoris
1003 1089 1167 1158 Apostolici,
1192 1105 1254 1159 pag.
1283 1089 1345 1144 457.
1364 1119 1381 1129 -

820 1161 1024 1215 Laaamtenaas
1042 1178 1077 1214 en
1100 1160 1233 1215 constitui
1259 1161 1345 1232 possit
1364 1177 1382 1214 s

819 1231 932 1286 Vicsrio
951 1231 1090 1298 Generaii‚
1109 1247 1171 1302 pag.
1190 1232 1252 1286 449.

880 1376 1005 1429 Vicariue
1024 1373 1127 1446 (card.)
1144 1373 1230 1429 Urbis
1243 1380 1286 1430 est
1298 1374 1381 1430 iudex

818 1447 975 1500 ordinarius
992 1446 1126 1501 dioecesis
1147 1446 1299 1512 Romanae,
1317 1462 1380 1515 pag.

818 1517 882 1583 3753
900 1547 915 1557 -
934 1533 989 1571 non
1008 1523 1122 1573 exercet
1138 1518 1201 1571 iura
1218 1516 1380 1587 metropoli·

818 1590 877 1643 tica
894 1590 1054 1660 provinciae
1072 1606 1212 1656 romanae,
1237 1607 1300 1660 pag.
1319 1587 1383 1651 3763

819 1690 836 1700 -
855 1661 889 1714 de
908 1661 968 1714 eius
985 1661 1129 1727 tribunali,
1150 1663 1221 1714 conf.
1245 1659 1381 1715 Tribunal

819 1732 925 1786 Vicarii
945 1731 1038 1787 Urbis

879 1893 943 1948 Vico
965 1891 1154 1960 Camerarius,
1172 1909 1234 1962 pag.
1251 1893 1297 1946 82.

881 2055 1163 2122 Vise-Cancellarius,
1181 2069 1244 2124 pag.
1263 2053 1323 2107 285.

881 2216 1069 2287 Vicesperene,
1089 2232 1151 2286 pag.
1170 2213 1231 2270 382.

883 2377 949 2430 Vota
960 2377 1115 2432 cameratio
1124 2376 1190 2448 qaid
1202 2377 1259 2431 sint
1271 2393 1304 2431 ex
1315 2375 1382 2430 Cod.

823 2446 906 2518 Greg.
925 2446 1000 2514 xvi,
1019 2464 1081 2518 pag.
1100 2448 1144 2502 67.
