3292 5109
473 326 516 372 nn
540 324 679 373 1un1c11s
703 323 967 372 sccunsmsrrcrs
1249 301 1322 371 ‘357

140 448 328 515 instantiam
352 449 404 513 vel
429 448 696 515 consultationem
721 450 753 511 in
777 466 855 513 casu
878 448 1067 532 particulari
1098 449 1186 513 inter
1212 454 1324 534 partes

138 582 356 645 controverso
379 576 432 641 vel
456 576 489 641 in
512 574 616 649 dubio,
644 595 686 640 an
711 575 885 643 Conciliari
913 574 1044 640 decreto
1068 580 1179 642 certus
1208 577 1325 660 aliquis

143 721 238 768 casus
261 698 572 786 comprehendatur:
595 700 683 784 atqui
708 718 865 785 responsa
891 718 989 784 super
1012 720 1089 765 casu
1121 700 1323 786 particulari,

141 826 348 913 qualitatibus
371 831 403 891 et
427 826 675 891 circumstantiis
698 823 947 909 particularibus
970 826 1095 897 vestito,
1120 825 1266 909 partibus
1287 826 1324 889 li·

138 944 318 1031 tigantibus
339 946 390 1011 vel
414 946 509 1010 alicui
534 944 713 1011 consulenti
739 944 863 1009 reddita
886 944 946 1009 etsi
969 944 1051 1030 legis
1075 946 1139 1009 vim
1170 950 1322 1030 respectu

139 1076 285 1161 ipsorum
316 1074 473 1147 habeant,
497 1094 562 1139 non
591 1080 699 1140 tamen
728 1074 850 1139 habent
879 1080 1030 1159 respectu
1060 1074 1216 1150 aliorum;
1247 1077 1324 1159 quia

141 1220 197 1265 res
220 1201 307 1267 inter
330 1200 410 1263 alios
433 1203 525 1263 actae
549 1198 628 1263 alios
652 1217 716 1262 non
739 1196 927 1262 alliciunt...
960 1202 992 1261 et
1018 1204 1051 1261 ut
1073 1197 1250 1264 declaratio
1272 1199 1323 1264 le-

138 1324 193 1409 gis
215 1324 280 1387 vim
303 1324 384 1407 legis
407 1321 524 1388 habeat
548 1340 681 1386 necesse
704 1326 762 1399 est,
787 1326 821 1385 ut
844 1319 884 1384 ab
908 1340 947 1385 eo
969 1318 1025 1385 fiat
1052 1323 1107 1405 qui
1134 1322 1323 1389 condendae

143 1450 224 1535 legis
248 1452 437 1534 potestatem
460 1446 601 1513 habet...
625 1446 712 1529 atqui
738 1464 799 1511 non
825 1450 950 1510 constat
973 1446 1056 1529 quod
1081 1447 1112 1512 S.
1136 1447 1321 1537 Congrege-

137 1576 220 1641 tioni
244 1573 342 1641 Sedes
366 1571 552 1658 Apostolica
576 1570 763 1635 condendae
786 1570 868 1655 legis
891 1576 1079 1656 potestatem
1111 1578 1320 1645 concesserit.

234 1698 506 1766 ‹difirmativam
534 1696 709 1763 defendunt
734 1696 923 1782 Rodriguez,
952 1697 1128 1780 Mirandus,
1155 1700 1312 1786 Zypaeus,

144 1825 365 1911 [tidolphinus
391 1824 544 1889 Lezanus.
570 1822 752 1907 Fagnanus,
773 1821 953 1905 Pignatelli,
973 1823 1086 1908 Engel
1106 1821 1317 1892 Reiffenstuel

136 1957 174 2015 'et
196 1951 251 2016 alii
274 1950 390 2034 passim
406 1948 552 2034 persuasi
568 1948 696 2032 gemina
711 1952 744 2011 et
760 1951 895 2027 utraque
912 1967 976 2011 non
992 1948 1074 2012 levis
1089 1951 1241 2017 momenti
1261 1971 1316 2016 ra-

139 2078 236 2140 tione.
254 2075 376 2140 Prima
399 2078 447 2139 est
470 2074 544 2157 quia
566 2072 647 2157 legis
671 2072 735 2135 vim
759 2070 844 2137 citra
866 2091 994 2136 omnem
1017 2071 1246 2140 dubitationem
1263 2075 1319 2141 ha·

140 2200 217 2265 bent
240 2200 475 2265 declarationes
498 2196 664 2264 tridentini
688 2194 785 2262 (lonc.
805 2196 948 2261 redditae
971 2196 1010 2261 ab
1032 2199 1099 2281 ipso
1118 2198 1216 2284 Papa,
1238 2221 1319 2288 ergo

140 2324 283 2390 eamdem
308 2323 428 2388 habent
457 2322 602 2387 redditae
625 2341 645 2385 a
668 2321 699 2386 S.
723 2320 1025 2405 Congregatione....
1052 2324 1132 2388 Nam
1155 2326 1319 2411 interpre-

135 2449 225 2516 tandi
252 2449 390 2514 facultas
413 2466 566 2513 concessa
591 2446 840 2531 Congregationi
857 2451 906 2510 est
931 2446 970 2511 ab
995 2448 1062 2533 ipso
1080 2450 1168 2535 Papa
1184 2456 1218 2515 ut
1234 2450 1316 2516 adeo

138 2575 228 2639 locus
252 2576 294 2640 sit
316 2574 462 2659 regulae:
490 2572 552 2644 Qui
566 2571 652 2655 fecit
669 2590 735 2653 per
751 2570 858 2637 alium
880 2578 927 2637 est
947 2574 1092 2655 perinde
1107 2595 1149 2639 cc
1164 2576 1193 2640 si
1207 2575 1318 2657 faciat
1431 2636 1433 2638 ,

132 2719 201 2782 per
231 2699 422 2782 seipsum...
458 2697 577 2763 Altera
612 2697 693 2760 ratio
726 2700 774 2760 est
820 2698 894 2779 quia
926 2698 1191 2784 congregationis
1228 2702 1320 2767 istius

137 2828 248 2909 utpote
279 2843 299 2887 a
328 2822 359 2889 S.
385 2821 467 2889 Sede
491 2824 600 2907 Apost.
626 2823 797 2893 institutae,
828 2840 893 2885 non
925 2824 1031 2887 minor
1061 2826 1237 2891 auctoritas
1269 2831 1318 2892 est

133 2970 233 3033 quam
257 2946 449 3033 prudentum
473 2968 530 3011 seu
555 2947 633 3011 iuris
657 2946 880 3011 consultorum
897 2948 1010 3030 quibus
1028 2950 1222 3015 Iustinianus
1238 2952 1315 3016 olim

138 3076 246 3161 legum
276 3070 593 3157 interpretandarum
625 3073 849 3137 auctoritatem
881 3072 1028 3137 dedite...
1060 3076 1147 3158 atqui
1179 3077 1314 3142 istorum

132 3200 316 3265 sententiae
340 3204 372 3263 et
396 3217 550 3282 responsa
573 3197 637 3261 vim
661 3198 742 3282 legis
766 3197 919 3269 obtinent,
940 3200 985 3262 ita
1010 3206 1042 3264 ut
1065 3198 1104 3263 ab
1132 3201 1195 3265 illis
1219 3222 1314 3268 rece-

134 3324 217 3391 dere
247 3324 342 3389 iudici
376 3324 424 3387 fas
454 3343 519 3387 non
551 3325 633 3388 sit...
666 3322 843 3390 Confirmat
873 3324 936 3388 hoc
965 3326 1060 3390 etiam
1092 3328 1218 3411 praxis;
1242 3348 1318 3393 nam

135 3454 220 3515 teste
252 3448 370 3514 Garcia
400 3447 481 3511 haec
512 3447 544 3513 S.
569 3446 668 3533 Cong.
701 3449 747 3513 sic
780 3450 947 3533 rescripsit
966 3450 1103 3514 cuidam
1134 3450 1316 3519 abbatissae

138 3570 354 3634 Messanensi:
379 3570 497 3634 eadem
520 3569 609 3635 ratio
633 3568 789 3635 habeam
813 3574 862 3635 est
877 3571 918 3636 de
935 3571 985 3637 bis
1009 3592 1097 3656 paene
1120 3572 1319 3640 scribuntur

134 3714 160 3758 e
188 3692 287 3759 Cerd.
314 3694 347 3759 S.
373 3691 473 3779 Conp.
494 3693 617 3760 Concit.
642 3694 734 3759 Trici
752 3695 890 3761 nonnne
912 3695 1019 3779 ipsius
1039 3695 1152 3783 Conp,
1173 3716 1215 3763 ec
1236 3697 1267 3764 si
1290 3718 1313 3765 a

136 3818 239 3901 Papa
262 3818 390 3901 scripta
414 3825 529 3885 essent.

228 3962 246 4005 ‹
271 3942 384 4008 Tertia
408 3948 440 4007 et
463 3945 573 4007 verior
596 3947 756 4010 sententia
772 3945 938 4030 distinguit
962 3948 1045 4011 inter
1062 3947 1316 4026 declarationes;

135 4086 212 4132 nam
228 4068 290 4131 hae
306 4066 442 4153 duplicis
465 4069 594 4153 generis
611 4074 693 4150 sunt,
711 4070 1008 4152 eornprcbensicce
1023 4077 1056 4136 et
1075 4076 1314 4140 extensione...

137 4194 183 4258 De
206 4193 388 4259 entensivis
410 4194 550 4259 libenter
573 4195 721 4259 concedit
745 4198 905 4260 sententia
928 4199 997 4271 ista,
1015 4199 1099 4282 quod
1124 4201 1188 4263 vim
1208 4205 1241 4265 et
1256 4220 1315 4265 au-

134 4320 320 4383 ctoritatem
343 4319 423 4404 legis
455 4340 518 4384 non
548 4320 687 4386 habeant
717 4320 783 4389 nisi
806 4323 891 4407 fiunt
914 4342 959 4389 en
981 4324 1120 4405 speciali
1150 4326 1316 4393 mandato

137 4440 258 4525 Papae
286 4448 317 4507 et
348 4442 495 4529 lepitime
520 4446 793 4530 promntpentnr.
811 4446 915 4523 ,Ratio
946 4446 1047 4512 solida
1077 4454 1110 4512 et
1141 4450 1313 4535 perspicua
