3292 5109
267 274 333 341 182
783 294 869 342 raas
893 294 931 340 11.

266 417 420 483 audiat...
437 420 518 483 Item
534 417 574 483 ab
594 417 706 484 iisdem
723 416 933 483 Praesulibus
949 416 1170 483 Ecclesiamm
1195 420 1347 501 exposcat
1363 435 1449 498 quae

266 541 300 605 in
325 540 482 605 Eccleslis
505 558 618 605 eorum
641 560 741 606 curae
768 559 808 606 ac
838 538 1131 612 fideicommissis,
1162 537 1243 603 cleri
1275 537 1449 624 populique

266 683 392 729 morum
416 662 586 749 disciplina
608 666 657 743 sit,
681 684 764 748 quae
788 663 923 730 Concilii
938 662 1122 727 Tridentini
1144 661 1349 728 decretorum
1372 682 1447 725 cnm

267 792 300 855 in
317 787 464 855 omnibus
481 794 549 855 tum
564 791 756 873 praesertim
773 791 806 853 in
821 787 1018 855 residentiae
1037 808 1173 853 munere
1189 788 1347 861 executio,
1363 804 1449 873 quae

266 914 341 978 item
366 914 438 999 piae
461 912 708 978 consuetudines
732 914 842 996 etqui
865 913 1007 977 omnium
1031 911 1169 995 denique
1192 912 1225 975 in
1247 910 1447 975 viacamini

265 1038 330 1101 sint
354 1055 554 1121 progressus.
573 1036 712 1141 ipsisque
735 1035 789 1101 det
811 1037 937 1101 litteras
961 1056 1003 1100 ex
1017 1034 1167 1099 -formula
1189 1032 1388 1119 praescripta
1410 1032 1447 1095 in

265 1162 481 1227 testimonium
517 1159 623 1225 obitae
658 1180 717 1245 per
751 1180 808 1226 eos
837 1162 1030 1226 visitationis
1066 1161 1224 1226 Liminum
1255 1159 1448 1225 Sanctorum

264 1266 451 1352 eorumdem
476 1286 712 1371 Apostolorum.
733 1284 865 1351 Habeat
879 1284 998 1351 itidem
1016 1282 1241 1371 concrepatio
1267 1283 1448 1349 auctorita·

266 1410 332 1471 tem
351 1406 580 1489 proaaooeadi
602 1405 884 1487 reformationem
911 1405 993 1472 cleri
1022 1411 1055 1471 et
1080 1404 1246 1489 papati...
1270 1404 1318 1468 ad
1340 1422 1448 1486 prae·

264 1532 431 1615 scriptam
454 1531 604 1597 eiusdem
623 1531 796 1599 Caecilii...
815 1552 846 1595 r.
871 1532 1007 1597 Demum
1024 1532 1092 1617 ipse
1109 1532 1282 1617 Fagnanus
1301 1531 1338 1595 ia
1353 1530 1373 1594 l.
1390 1531 1447 1595 cit.

264 1655 369 1722 addit:
391 1657 603 1742 «Gregorius
619 1658 702 1723 XIV
718 1677 778 1743 per
793 1658 920 1723 litteras
937 1659 969 1723 in
987 1658 1095 1723 forma
1109 1659 1226 1747 Brevis
1249 1656 1350 1722 eidem
1367 1656 1450 1721 con·

234 1762 237 1769 ¹
264 1778 449 1866 gregationi
463 1778 647 1863 impartitus
662 1785 712 1845 est
725 1780 954 1847 auctoritatem
969 1778 1132 1845 scribendi
1148 1780 1279 1844 nomine
1292 1778 1447 1863 Papae».

357 1906 430 1973 154.
456 1905 651 1971 Benedictus
666 1906 760 1987 XIV,
778 1908 842 1991 qui,
858 1927 880 1971 a
898 1908 1034 1973 secretis
1058 1926 1131 1971 cum
1155 1912 1241 1972 esset
1256 1908 1350 1972 huius
1366 1906 1450 1969 Con·

267 2030 476 2117 gregationis,
494 2034 648 2113 expertus
672 2035 753 2099 erat.
772 2030 803 2096 S.
821 2029 1116 2115 congregationem
1138 2029 1306 2113 multiplici
1324 2045 1452 2114 genere

264 2156 471 2241 negotiorum
494 2158 723 2239 pergravatam
739 2174 804 2218 non
819 2174 914 2240 posse
937 2160 1064 2219 mature
1087 2152 1285 2238 respondere
1301 2150 1451 2217 omnibus

264 2276 553 2347 consultationibus
576 2282 609 2343 et
631 2278 734 2343 dubiis
753 2277 794 2342 ab
811 2279 979 2363 Episcopis
1002 2278 1078 2343 huic
1101 2275 1351 2363 congregationi
1375 2294 1449 2360 pro-

264 2402 377 2487 positis
399 2400 568 2466 occasione
590 2402 782 2466 visitationis
806 2401 981 2469 Sacrorum
1005 2401 1177 2473 Liminum,
1194 2399 1235 2463 ad
1255 2399 1450 2483 Supremam

265 2524 494 2593 Pontificatum
525 2532 666 2602 evectus,
691 2528 724 2591 in
757 2528 864 2595 Const.
890 2528 990 2594 Decet
1016 2524 1213 2594 Romanam
1235 2524 1450 2609 Pontificm

266 2671 299 2717 a.
316 2650 419 2724 1740.
438 2650 575 2715 instituit
590 2650 762 2737 specialem
778 2648 1071 2737 congregationem
1086 2650 1313 2715 Praelatorum
1329 2648 1453 2716 curiae

229 2838 233 2847 ,
265 2774 448 2846 Romanae,
474 2773 682 2857 eamdemque
713 2772 870 2840 adnexuit
900 2775 931 2841 S.
956 2774 1208 2861 congregationi
1236 2773 1386 2845 concilii,
1412 2780 1450 2839 ut

263 2916 397 2982 operam
431 2895 524 2961 daret
554 2898 588 2961 in
615 2897 835 2983 expendendis
865 2898 1022 2982 praefatis
1044 2897 1278 2983 Episcoporum
1303 2896 1448 2962 Relatio-

263 3019 358 3085 nibus
389 3024 423 3085 et
454 3018 629 3085 enodandis
659 3022 813 3107 promotis
851 3019 1100 3105 quaestionibus.
1131 3021 1174 3086 Ut
1204 3039 1309 3084 nexus
1335 3038 1451 3083 serve·

263 3146 319 3205 tur
341 3145 454 3206 arctus
478 3142 564 3206 inter
587 3160 684 3206 unam
715 3141 877 3226 aliamque
906 3161 1023 3206 novam
1052 3141 1280 3209 Praelatorum
1309 3140 1450 3226 congre·

263 3270 443 3355 gationem,
468 3267 545 3333 huic
573 3274 704 3353 praeest
730 3269 999 3355 Congregationis
1027 3268 1163 3334 Consilii
1194 3268 1384 3333 Praefectus
1414 3272 1451 3332 et

264 3392 472 3461 Secretarius
495 3400 552 3459 est·
566 3396 620 3479 qui
644 3394 820 3462 Secretarii
843 3395 991 3481 iungitur
1013 3415 1149 3461 munere
1173 3396 1206 3460 in
1230 3394 1343 3461 eadem
1367 3396 1447 3460 con·

263 3520 467 3607 gregatione.
492 3520 623 3585 Minora
645 3519 742 3585 dubia
755 3520 796 3586 ab
811 3520 863 3585 his
886 3520 1103 3607 expediuntur
1126 3522 1160 3585 in
1182 3519 1357 3586 ordinariis
1372 3538 1450 3585 core

262 3640 446 3729 gressibus,
464 3642 590 3707 maiora
612 3647 737 3707 tantum
762 3642 953 3709 referuntur
975 3641 1016 3708 ad
1033 3644 1229 3729 generatam
1252 3646 1447 3709 conventum

265 3767 496 3833 Praelatorum
514 3766 570 3854 (l).

356 3892 430 3960 155.
456 3894 594 3976 Insuper
617 3893 695 3958 Pius
712 3892 770 3973 IX,
795 3912 857 3977 quo
881 3893 995 3959 melius
1018 3895 1221 3979 prospiceret
1243 3893 1447 3978 negotiorum

264 4016 341 4083 huic
365 4016 616 4103 congregationi
647 4016 876 4083 attributorum
907 4017 1115 4104 expeditioni,
1140 4038 1172 4084 a.
1196 4016 1448 4084 reconstruit

354 4296 393 4371 (1)
414 4300 444 4353 ln
456 4300 535 4352 curia
553 4297 625 4368 apud
646 4298 834 4367 pragmaticos
846 4296 932 4367 vulgo
950 4296 1020 4353 haec
1038 4297 1197 4352 commissio
1208 4298 1361 4351 vocatorii
1380 4313 1449 4350 con·

265 4403 369 4458 ciliano
388 4419 436 4459 seu
457 4420 542 4473 parva
561 4403 678 4458 Concilii
698 4404 889 4473 congregatio.
