3292 5109
487 286 532 332 ua
555 284 694 333 iunioris
719 284 987 331 accussmsmcis
1260 263 1327 330 303

143 432 229 476 mam
254 412 450 476 Litterarum
475 410 735 496 Apostolicorum
766 409 1041 495 expediendarum
1070 428 1130 495 per
1161 408 1325 474 diversum

142 557 302 623 organum
335 536 559 602 cancellariae
594 556 666 601 cum
701 534 990 621 subscriptionibus
1020 537 1091 621 (pro
1124 538 1326 622 negotiorum

144 662 275 728 diversa
298 660 463 746 qualitate)
479 660 765 733 vicecancellarii,
783 661 984 745 aliarumque
1005 661 1228 727 cancellariae
1243 659 1326 728 offi-

143 789 283 861 cialium,
306 808 371 853 non
395 793 503 853 autem
526 786 649 851 Datarii
674 788 805 869 eiusque
831 784 1026 852 Officialium
1051 806 1187 870 quorum
1210 785 1326 852 munus

144 919 195 979 est
215 914 318 979 solum
343 913 432 979 circa
454 911 704 998 supplicationes
727 912 903 997 originales
925 913 958 975 in
982 911 1095 995 quibus
1118 913 1245 997 gratiae
1267 932 1328 998 per

147 1040 268 1123 Papam
303 1056 477 1104 concessae
511 1038 758 1112 contineantur;
794 1041 828 1101 et
858 1056 901 1101 ex
932 1035 1046 1121 quibus
1077 1043 1243 1123 postquam
1268 1058 1328 1124 per

144 1164 254 1227 omnia
269 1162 420 1227 baiariae
442 1182 576 1248 organa,
600 1161 744 1247 legitime
768 1162 971 1227 transierunt
993 1160 1074 1226 adeo
1098 1166 1134 1227 ut
1152 1162 1327 1246 perfectae

143 1293 176 1354 et
199 1288 412 1355 authenticae
433 1286 593 1353 matrices
609 1284 672 1352 dici
696 1287 844 1363 valeant;
869 1286 1171 1353 vicecancellarius
1195 1289 1327 1373 eiusque

146 1410 322 1488 Officiales‚
344 1413 472 1479 litteras
494 1413 654 1478 solemnes
678 1431 760 1496 quae
785 1412 895 1477 bullae
918 1413 1015 1498 vulgo
1039 1412 1199 1485 dicuntur,
1224 1410 1326 1501 conli-

143 1540 235 1603 ciunt
264 1543 424 1622 tamquam
452 1557 512 1624 per
535 1538 676 1622 speciem
704 1537 836 1621 publici
863 1538 1081 1603 instrumenti
1104 1537 1188 1621 quod
1210 1539 1242 1602 in
1266 1558 1325 1624 pu·

145 1662 262 1728 blicam
285 1663 423 1727 sormam
446 1662 650 1747 probantem,
675 1682 695 1727 a
717 1662 860 1729 matrice
883 1682 940 1728 seu
962 1662 1003 1727 ab
1027 1663 1189 1749 originali
1212 1663 1327 1728 imbre

144 1789 273 1853 viatura
288 1788 321 1853 in
344 1788 450 1853 forma
473 1789 575 1875 magis
598 1788 665 1853 lata
681 1792 714 1853 et
729 1788 865 1852 solemni
890 1808 950 1874 per
973 1790 1134 1853 notarium
1159 1788 1325 1853 redactum

143 1914 195 1986 sii,
220 1918 256 1977 ut
279 1912 424 2000 partibus
445 1913 594 1980 tradatur
617 1913 656 1979 ad
686 1912 908 1999 probationem
935 1919 968 1978 et
995 1915 1258 1997 exequutionem
1282 1915 1329 1980 ita

145 2036 296 2123 fingendo
320 2037 399 2105 duos
422 2038 564 2104 eiusdem
588 2042 776 2105 contractus
799 2038 853 2102 vel
878 2036 1094 2123 dispositionis
1111 2039 1260 2104 Notarios
1283 2038 1325 2104 di-

144 2182 271 2237 versos,
296 2184 395 2229 unum
426 2164 549 2229 scilicet
571 2162 611 2228 ad
643 2158 739 2248 quem
764 2164 927 2249 pertineat
958 2164 1099 2249 rogitum
1122 2164 1175 2229 vel
1198 2164 1328 2251 stipula·

144 2288 266 2353 tionem
299 2288 408 2353 iacere
430 2290 464 2353 in
487 2289 623 2353 matrice
647 2288 698 2353 vel
728 2288 926 2374 protocollo;
950 2293 984 2353 et
1005 2288 1144 2353 alterum
1168 2289 1208 2353 ad
1232 2309 1327 2374 quem

144 2412 307 2498 pertineat
322 2433 365 2477 ex
385 2412 497 2479 eadem
520 2414 656 2479 matrice
672 2413 724 2478 vel
741 2412 920 2499 protocollo
937 2412 1099 2498 publicum
1124 2432 1328 2479 reassumere

144 2537 393 2603 instrumentum
410 2539 443 2602 in
458 2538 564 2603 forma
579 2538 723 2603 solemni.
743 2558 760 2602 ›
782 2538 869 2603 Hinc
886 2538 1018 2603 Dataria
1041 2543 1147 2622 potest
1169 2539 1326 2623 appellari

143 2660 288 2727 tribunal
302 2662 437 2749 gratiae
460 2680 657 2745 concessce;
680 2660 887 2729 cancellaria
903 2668 1011 2728 autem
1027 2661 1170 2727 tribunal
1193 2663 1328 2748 gratiae

144 2786 344 2870 expeditam
363 2788 438 2871 quia
454 2788 486 2851 in
503 2786 636 2853 [letaris
651 2791 891 2873 praeparantur
906 2786 1178 2871 dispensationum
1202 2788 1328 2872 gratiae

143 2914 202 2975 aut
231 2909 461 2976 beneficiorum
496 2912 703 2986 collationes,
728 2912 882 2997 congruis
913 2911 1086 2997 designetis
1114 2912 1268 2977 limitibus
1296 2918 1329 2979 et

144 3034 381 3101 conditionibus
417 3041 449 3101 et
482 3035 556 3101 dein
591 3035 675 3121 apud
702 3034 939 3103 cancellariam
966 3036 1096 3101 litterae
1128 3056 1186 3101 seu
1213 3034 1328 3100 Bullae

144 3158 364 3244 expediuntur
387 3159 500 3244 quibus
523 3156 602 3224 fides
625 3157 661 3223 fit
689 3158 728 3224 de
752 3178 907 3225 concessa
937 3160 1044 3244 gratia
1066 3163 1122 3224 aut
1144 3159 1327 3243 provisione

145 3282 293 3369 pluribus
326 3284 476 3350 adhibitis
510 3283 765 3351 solemnitatibus
797 3286 890 3368 quasi
922 3284 1023 3369 signis
1057 3283 1327 3359 authenticitatis3

143 3407 189 3473 cf.
205 3408 344 3483 Moloni,
362 3428 415 3493 op.
433 3409 497 3482 cit,
521 3409 676 3475 Βατανέα.
703 3411 741 3473 ln
765 3414 857 3476 textu
881 3414 988 3474 autem
1014 3410 1214 3494 exscriptos
1230 3407 1327 3472 card.

146 3534 194 3599 De
210 3534 300 3599 Luca
315 3538 458 3619 praestat
473 3534 583 3600 sedulo
606 3534 790 3609 advertere,
808 3534 967 3600 concinne
986 3534 1144 3619 explicari
1160 3535 1328 3616 utriusque

148 3654 258 3723 Officii
278 3678 393 3723 munus
413 3664 579 3743 quatenus,
596 3658 754 3725 distinctis
770 3660 803 3724 in
820 3658 922 3723 Bullis
938 3656 1060 3723 duobus
1076 3656 1221 3743 partibus
1236 3677 1329 3743 prae·

146 3782 259 3865 cipuis
285 3800 421 3866 quorum
446 3801 509 3846 una
533 3781 651 3847 dicitur
669 3800 758 3866 pars
781 3781 996 3865 dispositive,
1021 3780 1126 3845 altere
1144 3800 1232 3864 pars
1253 3780 1328 3864 for-

146 3904 248 3969 malis
279 3924 335 3970 seu
366 3907 536 3971 continens
559 3906 683 3970 formae
715 3905 932 3971 solemnitates
962 3904 1003 3969 ad
1031 3905 1254 3991 probationem
1276 3906 1327 3971 fa·

146 4025 306 4107 ciendam,
322 4028 467 4111 sequitur
483 4026 647 4093 Datariam
664 4027 696 4091 in
713 4029 850 4113 primam
865 4032 991 4113 partem
1011 4027 1179 4093 Bullerum
1202 4028 1328 4093 incum-

148 4147 235 4224 bere,
262 4150 506 4223 cancellariam
532 4152 565 4215 in
589 4151 725 4217 alteram
749 4156 887 4237 partem.

234 4274 311 4341 254.
336 4276 556 4361 competentia
575 4275 726 4341 Datariae
745 4275 921 4359 privativa
947 4273 1194 4361 comprehendit
1217 4276 1325 4360 provi·

148 4399 253 4465 siones
276 4398 507 4467 beneficiorum
530 4402 690 4467 minorum
714 4420 796 4486 qnae
813 4420 856 4467 ex
873 4401 1007 4489 Regalis
1022 4400 1246 4468 Cancellariae
1270 4406 1329 4469 aut
