<?xml version="1.0" encoding="UTF-8"?>
<!DOCTYPE html PUBLIC "-//W3C//DTD XHTML 1.0 Transitional//EN"
    "http://www.w3.org/TR/xhtml1/DTD/xhtml1-transitional.dtd">
<html xmlns="http://www.w3.org/1999/xhtml" xml:lang="en" lang="en">
 <head>
  <title>
</title>
<meta http-equiv="Content-Type" content="text/html;charset=utf-8" />
  <meta name='ocr-system' content='tesseract 3.04.00' />
  <meta name='ocr-capabilities' content='ocr_page ocr_carea ocr_par ocr_line ocrx_word'/>
</head>
<body>
  <div class='ocr_page' id='page_1' title='image "./praelectionesin03legagoog_0090.png"; bbox 0 0 3292 5109; ppageno 0'>
   <div class='ocr_carea' id='block_1_1' title="bbox 306 257 972 328">
    <p class='ocr_par' dir='ltr' id='par_1_1' title="bbox 306 257 972 328">
     <span class='ocr_line' id='line_1_1' title="bbox 306 257 972 328; baseline 0.006 -6"><span class='ocrx_word' id='word_1_1' title='bbox 306 257 351 323; x_wconf 89' lang='lat'><strong>86</strong></span> <span class='ocrx_word' id='word_1_2' title='bbox 826 280 911 328; x_wconf 79' lang='lat' dir='ltr'><strong>rans</strong></span> <span class='ocrx_word' id='word_1_3' title='bbox 935 282 972 327; x_wconf 87' lang='lat'><strong>11.</strong></span> 
     </span>
    </p>
   </div>
   <div class='ocr_carea' id='block_1_2' title="bbox 328 398 1491 487">
    <p class='ocr_par' dir='ltr' id='par_1_2' title="bbox 328 398 1491 487">
     <span class='ocr_line' id='line_1_2' title="bbox 328 398 1491 487; baseline 0.005 -24"><span class='ocrx_word' id='word_1_4' title='bbox 328 480 333 487; x_wconf 19' lang='lat'><em>⁶</em></span> <span class='ocrx_word' id='word_1_5' title='bbox 401 398 456 463; x_wconf 82' lang='lat'><strong>87.</strong></span> <span class='ocrx_word' id='word_1_6' title='bbox 481 398 622 465; x_wconf 81' lang='lat' dir='ltr'><strong>Articuli</strong></span> <span class='ocrx_word' id='word_1_7' title='bbox 646 400 700 483; x_wconf 91' lang='lat' dir='ltr'><strong>qui</strong></span> <span class='ocrx_word' id='word_1_8' title='bbox 723 406 902 485; x_wconf 88' lang='lat' dir='ltr'><strong>sequuntur</strong></span> <span class='ocrx_word' id='word_1_9' title='bbox 924 421 968 467; x_wconf 91' lang='lat' dir='ltr'><strong>ex</strong></span> <span class='ocrx_word' id='word_1_10' title='bbox 991 402 1089 469; x_wconf 90' lang='lat' dir='ltr'><strong>citato</strong></span> <span class='ocrx_word' id='word_1_11' title='bbox 1110 403 1204 469; x_wconf 90' lang='lat' dir='ltr'><strong>titulo</strong></span> <span class='ocrx_word' id='word_1_12' title='bbox 1227 404 1288 479; x_wconf 93' lang='lat' dir='ltr'><strong>llI,</strong></span> <span class='ocrx_word' id='word_1_13' title='bbox 1300 402 1418 469; x_wconf 82' lang='lat' dir='ltr'><strong>limites</strong></span> <span class='ocrx_word' id='word_1_14' title='bbox 1439 402 1491 469; x_wconf 89' lang='lat' dir='ltr'><strong>de·</strong></span> 
     </span>
    </p>
   </div>
   <div class='ocr_carea' id='block_1_3' title="bbox 196 522 1491 617">
    <p class='ocr_par' dir='ltr' id='par_1_3' title="bbox 196 522 1491 617">
     <span class='ocr_line' id='line_1_3' title="bbox 196 522 1491 617; baseline 0.007 -32"><span class='ocrx_word' id='word_1_15' title='bbox 196 546 201 555; x_wconf 93' lang='lat'>·</span> <span class='ocrx_word' id='word_1_16' title='bbox 311 522 490 588; x_wconf 88' lang='lat' dir='ltr'><strong>terminant</strong></span> <span class='ocrx_word' id='word_1_17' title='bbox 525 527 771 611; x_wconf 87' lang='lat' dir='ltr'><strong>competentiae;</strong></span> <span class='ocrx_word' id='word_1_18' title='bbox 806 526 862 592; x_wconf 91' lang='lat' dir='ltr'><strong>sed</strong></span> <span class='ocrx_word' id='word_1_19' title='bbox 893 530 968 612; x_wconf 90' lang='lat' dir='ltr'><strong>quia</strong></span> <span class='ocrx_word' id='word_1_20' title='bbox 1003 528 1182 617; x_wconf 87' lang='lat' dir='ltr'><strong>huiusmodi</strong></span> <span class='ocrx_word' id='word_1_21' title='bbox 1215 530 1491 614; x_wconf 82' lang='lat' dir='ltr'><strong>praescriptiones</strong></span> 
     </span>
    </p>
   </div>
   <div class='ocr_carea' id='block_1_4' title="bbox 294 652 1494 2107">
    <p class='ocr_par' dir='ltr' id='par_1_4' title="bbox 306 652 1490 988">
     <span class='ocr_line' id='line_1_4' title="bbox 306 652 1489 722; baseline 0.004 -7"><span class='ocrx_word' id='word_1_22' title='bbox 306 652 447 716; x_wconf 82' lang='lat' dir='ltr'><strong>maxime</strong></span> <span class='ocrx_word' id='word_1_23' title='bbox 471 672 506 717; x_wconf 86' lang='lat' dir='ltr'><strong>se</strong></span> <span class='ocrx_word' id='word_1_24' title='bbox 530 652 679 718; x_wconf 79' lang='lat' dir='ltr'><strong>referunt</strong></span> <span class='ocrx_word' id='word_1_25' title='bbox 709 654 749 720; x_wconf 92' lang='lat' dir='ltr'><strong>ad</strong></span> <span class='ocrx_word' id='word_1_26' title='bbox 779 654 1014 721; x_wconf 81' lang='lat' dir='ltr'><strong>ordinationem</strong></span> <span class='ocrx_word' id='word_1_27' title='bbox 1049 655 1190 721; x_wconf 89' lang='lat' dir='ltr'><strong>iudicum</strong></span> <span class='ocrx_word' id='word_1_28' title='bbox 1226 658 1433 722; x_wconf 75' lang='lat' dir='ltr'><strong>constitutam</strong></span> <span class='ocrx_word' id='word_1_29' title='bbox 1456 658 1489 720; x_wconf 92' lang='lat' dir='ltr'><strong>in</strong></span> 
     </span>
     <span class='ocr_line' id='line_1_5' title="bbox 306 776 1490 869; baseline 0.005 -28"><span class='ocrx_word' id='word_1_30' title='bbox 306 781 391 842; x_wconf 89' lang='lat' dir='ltr'><strong>statu</strong></span> <span class='ocrx_word' id='word_1_31' title='bbox 409 776 587 866; x_wconf 67' lang='lat' dir='ltr'><strong>Pontificio</strong></span> <span class='ocrx_word' id='word_1_32' title='bbox 605 779 681 843; x_wconf 88' lang='lat' dir='ltr'><strong>hinc</strong></span> <span class='ocrx_word' id='word_1_33' title='bbox 704 800 764 864; x_wconf 93' lang='lat' dir='ltr'><strong>pro</strong></span> <span class='ocrx_word' id='word_1_34' title='bbox 787 786 902 846; x_wconf 85' lang='lat' dir='ltr'><strong>nostro</strong></span> <span class='ocrx_word' id='word_1_35' title='bbox 925 801 1021 866; x_wconf 90' lang='lat' dir='ltr'><strong>scopo</strong></span> <span class='ocrx_word' id='word_1_36' title='bbox 1046 782 1145 846; x_wconf 89' lang='lat' dir='ltr'><strong>satius</strong></span> <span class='ocrx_word' id='word_1_37' title='bbox 1169 784 1232 849; x_wconf 91' lang='lat' dir='ltr'><strong>erit</strong></span> <span class='ocrx_word' id='word_1_38' title='bbox 1253 785 1365 869; x_wconf 88' lang='lat' dir='ltr'><strong>paucis</strong></span> <span class='ocrx_word' id='word_1_39' title='bbox 1387 802 1490 848; x_wconf 88' lang='lat' dir='ltr'><strong>enun-</strong></span> 
     </span>
     <span class='ocr_line' id='line_1_6' title="bbox 306 901 983 988; baseline -0.001 -20"><span class='ocrx_word' id='word_1_40' title='bbox 306 903 396 968; x_wconf 90' lang='lat' dir='ltr'><strong>ciare</strong></span> <span class='ocrx_word' id='word_1_41' title='bbox 421 903 581 988; x_wconf 89' lang='lat' dir='ltr'><strong>principia</strong></span> <span class='ocrx_word' id='word_1_42' title='bbox 605 901 708 987; x_wconf 88' lang='lat' dir='ltr'><strong>quoad</strong></span> <span class='ocrx_word' id='word_1_43' title='bbox 733 903 782 968; x_wconf 91' lang='lat' dir='ltr'><strong>ius</strong></span> <span class='ocrx_word' id='word_1_44' title='bbox 805 922 983 969; x_wconf 88' lang='lat' dir='ltr'><strong>commune.</strong></span> 
     </span>
    </p>

    <p class='ocr_par' dir='ltr' id='par_1_5' title="bbox 294 1025 1494 1861">
     <span class='ocr_line' id='line_1_7' title="bbox 400 1025 1493 1121; baseline 0.005 -30"><span class='ocrx_word' id='word_1_45' title='bbox 400 1028 499 1093; x_wconf 78' lang='lat' dir='ltr'><strong>«Hic</strong></span> <span class='ocrx_word' id='word_1_46' title='bbox 521 1027 660 1094; x_wconf 79' lang='lat' dir='ltr'><strong>Auditor</strong></span> <span class='ocrx_word' id='word_1_47' title='bbox 686 1025 744 1113; x_wconf 83' lang='lat' dir='ltr'><strong>(ait</strong></span> <span class='ocrx_word' id='word_1_48' title='bbox 770 1028 817 1093; x_wconf 88' lang='lat' dir='ltr'><strong>De</strong></span> <span class='ocrx_word' id='word_1_49' title='bbox 840 1029 945 1103; x_wconf 91' lang='lat' dir='ltr'><strong>Luca,</strong></span> <span class='ocrx_word' id='word_1_50' title='bbox 970 1049 1023 1113; x_wconf 83' lang='lat' dir='ltr'><strong>op.</strong></span> <span class='ocrx_word' id='word_1_51' title='bbox 1049 1030 1101 1095; x_wconf 85' lang='lat' dir='ltr'><strong>cit.</strong></span> <span class='ocrx_word' id='word_1_52' title='bbox 1127 1030 1217 1097; x_wconf 76' lang='lat' dir='ltr'><strong>Dico.</strong></span> <span class='ocrx_word' id='word_1_53' title='bbox 1242 1031 1297 1104; x_wconf 80' lang='grc'><strong>44,</strong></span> <span class='ocrx_word' id='word_1_54' title='bbox 1322 1052 1355 1096; x_wconf 81' lang='lat' dir='ltr'><strong>a.</strong></span> <span class='ocrx_word' id='word_1_55' title='bbox 1379 1030 1417 1121; x_wconf 61' lang='grc' dir='ltr'><strong>ἓ)</strong></span> <span class='ocrx_word' id='word_1_56' title='bbox 1442 1037 1493 1097; x_wconf 89' lang='lat' dir='ltr'><strong>est</strong></span> 
     </span>
     <span class='ocr_line' id='line_1_8' title="bbox 307 1148 1492 1234; baseline 0.006 -23"><span class='ocrx_word' id='word_1_57' title='bbox 307 1148 405 1214; x_wconf 81' lang='lat' dir='ltr'><strong>iudex</strong></span> <span class='ocrx_word' id='word_1_58' title='bbox 421 1154 606 1234; x_wconf 87' lang='lat' dir='ltr'><strong>competens</strong></span> <span class='ocrx_word' id='word_1_59' title='bbox 619 1154 651 1215; x_wconf 90' lang='lat' dir='ltr'><strong>et</strong></span> <span class='ocrx_word' id='word_1_60' title='bbox 663 1148 848 1215; x_wconf 89' lang='lat' dir='ltr'><strong>ordinarius</strong></span> <span class='ocrx_word' id='word_1_61' title='bbox 859 1152 1002 1215; x_wconf 91' lang='lat' dir='ltr'><strong>omnium</strong></span> <span class='ocrx_word' id='word_1_62' title='bbox 1015 1150 1255 1233; x_wconf 88' lang='lat' dir='ltr'><strong>Praelatorum‚</strong></span> <span class='ocrx_word' id='word_1_63' title='bbox 1268 1154 1365 1217; x_wconf 89' lang='lat' dir='ltr'><strong>etiam</strong></span> <span class='ocrx_word' id='word_1_64' title='bbox 1377 1172 1492 1218; x_wconf 82' lang='lat' dir='ltr'><strong>eorum</strong></span> 
     </span>
     <span class='ocr_line' id='line_1_9' title="bbox 308 1274 1493 1364; baseline 0.005 -25"><span class='ocrx_word' id='word_1_65' title='bbox 308 1275 362 1358; x_wconf 91' lang='lat' dir='ltr'><strong>qui</strong></span> <span class='ocrx_word' id='word_1_66' title='bbox 397 1275 633 1348; x_wconf 83' lang='lat' dir='ltr'><strong>Patriarohali,</strong></span> <span class='ocrx_word' id='word_1_67' title='bbox 663 1276 942 1361; x_wconf 84' lang='lat' dir='ltr'><strong>Archiepiscopali</strong></span> <span class='ocrx_word' id='word_1_68' title='bbox 973 1274 1128 1362; x_wconf 86' lang='lat' dir='ltr'><strong>dignitate</strong></span> <span class='ocrx_word' id='word_1_69' title='bbox 1159 1278 1402 1364; x_wconf 82' lang='lat' dir='ltr'><strong>praefulgeant,</strong></span> <span class='ocrx_word' id='word_1_70' title='bbox 1425 1279 1493 1345; x_wconf 83' lang='lat' dir='ltr'><strong>illis</strong></span> 
     </span>
     <span class='ocr_line' id='line_1_10' title="bbox 311 1400 1491 1490; baseline 0 -21"><span class='ocrx_word' id='word_1_71' title='bbox 311 1404 465 1488; x_wconf 87' lang='lat' dir='ltr'><strong>exceptis,</strong></span> <span class='ocrx_word' id='word_1_72' title='bbox 491 1404 543 1487; x_wconf 89' lang='lat' dir='ltr'><strong>qui</strong></span> <span class='ocrx_word' id='word_1_73' title='bbox 568 1423 611 1467; x_wconf 87' lang='lat' dir='ltr'><strong>ex</strong></span> <span class='ocrx_word' id='word_1_74' title='bbox 633 1400 811 1487; x_wconf 85' lang='lat' dir='ltr'><strong>privilegiis</strong></span> <span class='ocrx_word' id='word_1_75' title='bbox 836 1404 1071 1487; x_wconf 82' lang='lat' dir='ltr'><strong>exemptionem</strong></span> <span class='ocrx_word' id='word_1_76' title='bbox 1096 1402 1245 1477; x_wconf 85' lang='lat' dir='ltr'><strong>habeant,</strong></span> <span class='ocrx_word' id='word_1_77' title='bbox 1269 1409 1366 1488; x_wconf 87' lang='lat' dir='ltr'><strong>atque</strong></span> <span class='ocrx_word' id='word_1_78' title='bbox 1388 1405 1491 1490; x_wconf 88' lang='lat' dir='ltr'><strong>parti·</strong></span> 
     </span>
     <span class='ocr_line' id='line_1_11' title="bbox 311 1524 1493 1614; baseline 0 -22"><span class='ocrx_word' id='word_1_79' title='bbox 311 1526 475 1592; x_wconf 83' lang='lat' dir='ltr'><strong>cularibus</strong></span> <span class='ocrx_word' id='word_1_80' title='bbox 506 1524 629 1591; x_wconf 90' lang='lat' dir='ltr'><strong>subsint</strong></span> <span class='ocrx_word' id='word_1_81' title='bbox 655 1524 896 1611; x_wconf 86' lang='lat' dir='ltr'><strong>magistratibus</strong></span> <span class='ocrx_word' id='word_1_82' title='bbox 918 1525 971 1590; x_wconf 86' lang='lat' dir='ltr'><strong>vel</strong></span> <span class='ocrx_word' id='word_1_83' title='bbox 1001 1524 1174 1602; x_wconf 86' lang='lat' dir='ltr'><strong>iudicibus;</strong></span> <span class='ocrx_word' id='word_1_84' title='bbox 1205 1532 1243 1592; x_wconf 90' lang='lat' dir='ltr'><strong>ut</strong></span> <span class='ocrx_word' id='word_1_85' title='bbox 1264 1546 1317 1592; x_wconf 85' lang='lat' dir='ltr'><strong>ex.</strong></span> <span class='ocrx_word' id='word_1_86' title='bbox 1342 1548 1392 1614; x_wconf 89' lang='lat' dir='ltr'><strong>gr.</strong></span> <span class='ocrx_word' id='word_1_87' title='bbox 1416 1534 1493 1593; x_wconf 88' lang='lat' dir='ltr'><strong>sunt</strong></span> 
     </span>
     <span class='ocr_line' id='line_1_12' title="bbox 309 1649 1494 1737; baseline 0 -21"><span class='ocrx_word' id='word_1_88' title='bbox 309 1650 453 1716; x_wconf 89' lang='lat' dir='ltr'><strong>Praelati</strong></span> <span class='ocrx_word' id='word_1_89' title='bbox 475 1650 653 1715; x_wconf 86' lang='lat' dir='ltr'><strong>camerales</strong></span> <span class='ocrx_word' id='word_1_90' title='bbox 677 1655 710 1715; x_wconf 90' lang='lat' dir='ltr'><strong>et</strong></span> <span class='ocrx_word' id='word_1_91' title='bbox 732 1649 884 1734; x_wconf 90' lang='lat' dir='ltr'><strong>palatini;</strong></span> <span class='ocrx_word' id='word_1_92' title='bbox 909 1651 972 1713; x_wconf 92' lang='lat' dir='ltr'><strong>imo</strong></span> <span class='ocrx_word' id='word_1_93' title='bbox 995 1650 1091 1715; x_wconf 90' lang='lat' dir='ltr'><strong>etiam</strong></span> <span class='ocrx_word' id='word_1_94' title='bbox 1115 1654 1166 1715; x_wconf 90' lang='lat' dir='ltr'><strong>est</strong></span> <span class='ocrx_word' id='word_1_95' title='bbox 1187 1649 1285 1716; x_wconf 90' lang='lat' dir='ltr'><strong>iudex</strong></span> <span class='ocrx_word' id='word_1_96' title='bbox 1305 1656 1494 1737; x_wconf 87' lang='lat' dir='ltr'><strong>competens</strong></span> 
     </span>
     <span class='ocr_line' id='line_1_13' title="bbox 294 1770 821 1861; baseline 0 -24"><span class='ocrx_word' id='word_1_97' title='bbox 294 1774 340 1838; x_wconf 82' lang='lat' dir='ltr'><strong>&#39;in</strong></span> <span class='ocrx_word' id='word_1_98' title='bbox 363 1775 469 1841; x_wconf 87' lang='lat' dir='ltr'><strong>causis</strong></span> <span class='ocrx_word' id='word_1_99' title='bbox 493 1774 710 1841; x_wconf 85' lang='lat' dir='ltr'><strong>Cardinalium</strong></span> <span class='ocrx_word' id='word_1_100' title='bbox 727 1794 745 1838; x_wconf 70' lang='lat' dir='ltr'><strong>n</strong></span> <span class='ocrx_word' id='word_1_101' title='bbox 764 1770 821 1861; x_wconf 87' lang='lat'>(1).</span> 
     </span>
    </p>

    <p class='ocr_par' dir='ltr' id='par_1_6' title="bbox 306 1897 1493 2107">
     <span class='ocr_line' id='line_1_14' title="bbox 399 1897 1493 1981; baseline 0.002 -18"><span class='ocrx_word' id='word_1_102' title='bbox 399 1899 438 1963; x_wconf 92' lang='lat' dir='ltr'><strong>In</strong></span> <span class='ocrx_word' id='word_1_103' title='bbox 459 1898 578 1981; x_wconf 84' lang='lat' dir='ltr'><strong>prima</strong></span> <span class='ocrx_word' id='word_1_104' title='bbox 594 1898 756 1967; x_wconf 85' lang='lat' dir='ltr'><strong>instantia,</strong></span> <span class='ocrx_word' id='word_1_105' title='bbox 774 1897 920 1981; x_wconf 90' lang='lat' dir='ltr'><strong>pluribus</strong></span> <span class='ocrx_word' id='word_1_106' title='bbox 939 1897 972 1961; x_wconf 93' lang='lat' dir='ltr'><strong>in</strong></span> <span class='ocrx_word' id='word_1_107' title='bbox 989 1897 1124 1973; x_wconf 87' lang='lat' dir='ltr'><strong>casibus,</strong></span> <span class='ocrx_word' id='word_1_108' title='bbox 1143 1899 1369 1965; x_wconf 89' lang='lat' dir='ltr'><strong>cumulativam</strong></span> <span class='ocrx_word' id='word_1_109' title='bbox 1393 1899 1493 1965; x_wconf 89' lang='lat' dir='ltr'><strong>habet</strong></span> 
     </span>
     <span class='ocr_line' id='line_1_15' title="bbox 306 2022 1055 2107; baseline 0 -17"><span class='ocrx_word' id='word_1_110' title='bbox 306 2024 561 2091; x_wconf 88' lang='lat' dir='ltr'><strong>iurisdictionem</strong></span> <span class='ocrx_word' id='word_1_111' title='bbox 586 2044 658 2089; x_wconf 90' lang='lat' dir='ltr'><strong>cum</strong></span> <span class='ocrx_word' id='word_1_112' title='bbox 682 2022 834 2107; x_wconf 88' lang='lat' dir='ltr'><strong>tribunali</strong></span> <span class='ocrx_word' id='word_1_113' title='bbox 857 2024 1055 2090; x_wconf 75' lang='lat' dir='ltr'><strong>vicariatus.</strong></span> 
     </span>
    </p>
   </div>
   <div class='ocr_carea' id='block_1_5' title="bbox 400 2144 1493 2233">
    <p class='ocr_par' dir='ltr' id='par_1_7' title="bbox 400 2144 1493 2233">
     <span class='ocr_line' id='line_1_16' title="bbox 400 2144 1493 2233; baseline -0.002 -20"><span class='ocrx_word' id='word_1_114' title='bbox 400 2145 472 2219; x_wconf 89' lang='lat' dir='ltr'><strong>Sed,</strong></span> <span class='ocrx_word' id='word_1_115' title='bbox 498 2152 594 2211; x_wconf 87' lang='lat' dir='ltr'><strong>extra</strong></span> <span class='ocrx_word' id='word_1_116' title='bbox 616 2144 789 2213; x_wconf 88' lang='lat' dir='ltr'><strong>dioecesim</strong></span> <span class='ocrx_word' id='word_1_117' title='bbox 814 2165 990 2219; x_wconf 86' lang='lat' dir='ltr'><strong>romanam,</strong></span> <span class='ocrx_word' id='word_1_118' title='bbox 1008 2151 1057 2211; x_wconf 90' lang='lat' dir='ltr'><strong>est</strong></span> <span class='ocrx_word' id='word_1_119' title='bbox 1080 2146 1177 2212; x_wconf 84' lang='lat' dir='ltr'><strong>iudex</strong></span> <span class='ocrx_word' id='word_1_120' title='bbox 1193 2147 1416 2232; x_wconf 88' lang='lat' dir='ltr'><strong>appellationis</strong></span> <span class='ocrx_word' id='word_1_121' title='bbox 1433 2168 1493 2233; x_wconf 88' lang='lat' dir='ltr'><strong>ge-</strong></span> 
     </span>
    </p>
   </div>
   <div class='ocr_carea' id='block_1_6' title="bbox 307 2266 1494 2727">
    <p class='ocr_par' dir='ltr' id='par_1_8' title="bbox 307 2266 1494 2727">
     <span class='ocr_line' id='line_1_17' title="bbox 310 2266 1491 2356; baseline 0.001 -22"><span class='ocrx_word' id='word_1_122' title='bbox 310 2269 471 2334; x_wconf 89' lang='lat' dir='ltr'><strong>neraliter</strong></span> <span class='ocrx_word' id='word_1_123' title='bbox 487 2268 520 2332; x_wconf 91' lang='lat' dir='ltr'><strong>in</strong></span> <span class='ocrx_word' id='word_1_124' title='bbox 539 2266 684 2333; x_wconf 90' lang='lat' dir='ltr'><strong>omnibus</strong></span> <span class='ocrx_word' id='word_1_125' title='bbox 707 2270 827 2346; x_wconf 86' lang='lat' dir='ltr'><strong>causie;</strong></span> <span class='ocrx_word' id='word_1_126' title='bbox 850 2271 967 2356; x_wconf 86' lang='lat' dir='ltr'><strong>quippe</strong></span> <span class='ocrx_word' id='word_1_127' title='bbox 982 2270 1015 2333; x_wconf 94' lang='lat' dir='ltr'><strong>in</strong></span> <span class='ocrx_word' id='word_1_128' title='bbox 1034 2270 1152 2352; x_wconf 83' lang='lat' dir='ltr'><strong>primo</strong></span> <span class='ocrx_word' id='word_1_129' title='bbox 1176 2271 1329 2336; x_wconf 88' lang='lat' dir='ltr'><strong>instantia</strong></span> <span class='ocrx_word' id='word_1_130' title='bbox 1351 2270 1491 2335; x_wconf 89' lang='lat' dir='ltr'><strong>aliarum</strong></span> 
     </span>
     <span class='ocr_line' id='line_1_18' title="bbox 314 2391 1491 2481; baseline 0 -26"><span class='ocrx_word' id='word_1_131' title='bbox 314 2391 478 2456; x_wconf 89' lang='lat' dir='ltr'><strong>curiarum</strong></span> <span class='ocrx_word' id='word_1_132' title='bbox 512 2391 756 2476; x_wconf 88' lang='lat' dir='ltr'><strong>competentiam</strong></span> <span class='ocrx_word' id='word_1_133' title='bbox 781 2391 936 2476; x_wconf 90' lang='lat' dir='ltr'><strong>impedire</strong></span> <span class='ocrx_word' id='word_1_134' title='bbox 950 2410 1024 2481; x_wconf 43' lang='lat' dir='ltr'><strong>,non</strong></span> <span class='ocrx_word' id='word_1_135' title='bbox 1046 2392 1144 2457; x_wconf 89' lang='lat' dir='ltr'><strong>valet.</strong></span> <span class='ocrx_word' id='word_1_136' title='bbox 1177 2392 1390 2458; x_wconf 85' lang='lat' dir='ltr'><strong>Nihilominus</strong></span> <span class='ocrx_word' id='word_1_137' title='bbox 1412 2412 1491 2478; x_wconf 77' lang='lat' dir='ltr'><strong>pro</strong></span> 
     </span>
     <span class='ocr_line' id='line_1_19' title="bbox 307 2515 1494 2601; baseline 0.003 -21"><span class='ocrx_word' id='word_1_138' title='bbox 307 2534 423 2600; x_wconf 81' lang='lat' dir='ltr'><strong>gressu</strong></span> <span class='ocrx_word' id='word_1_139' title='bbox 454 2516 626 2599; x_wconf 90' lang='lat' dir='ltr'><strong>temporis,</strong></span> <span class='ocrx_word' id='word_1_140' title='bbox 655 2516 830 2601; x_wconf 87' lang='lat' dir='ltr'><strong>praecipue</strong></span> <span class='ocrx_word' id='word_1_141' title='bbox 864 2522 936 2601; x_wconf 90' lang='lat' dir='ltr'><strong>post</strong></span> <span class='ocrx_word' id='word_1_142' title='bbox 970 2516 1131 2580; x_wconf 87' lang='lat' dir='ltr'><strong>institutas</strong></span> <span class='ocrx_word' id='word_1_143' title='bbox 1154 2515 1186 2581; x_wconf 91' lang='lat' dir='ltr'><strong>S.</strong></span> <span class='ocrx_word' id='word_1_144' title='bbox 1212 2516 1494 2601; x_wconf 82' lang='lat' dir='ltr'><strong>Congregationes</strong></span> 
     </span>
     <span class='ocr_line' id='line_1_20' title="bbox 309 2638 1493 2727; baseline 0.001 -22"><span class='ocrx_word' id='word_1_145' title='bbox 309 2658 424 2705; x_wconf 88' lang='lat' dir='ltr'><strong>causas</strong></span> <span class='ocrx_word' id='word_1_146' title='bbox 457 2640 626 2724; x_wconf 87' lang='lat' dir='ltr'><strong>graviores</strong></span> <span class='ocrx_word' id='word_1_147' title='bbox 657 2640 903 2712; x_wconf 87' lang='lat' dir='ltr'><strong>ecclesiasticas,</strong></span> <span class='ocrx_word' id='word_1_148' title='bbox 929 2641 975 2703; x_wconf 94' lang='lat' dir='ltr'><strong>uti</strong></span> <span class='ocrx_word' id='word_1_149' title='bbox 1004 2638 1220 2714; x_wconf 84' lang='lat' dir='ltr'><strong>beneficiales,</strong></span> <span class='ocrx_word' id='word_1_150' title='bbox 1246 2647 1279 2704; x_wconf 92' lang='lat' dir='ltr'><strong>et</strong></span> <span class='ocrx_word' id='word_1_151' title='bbox 1304 2640 1493 2727; x_wconf 85' lang='lat' dir='ltr'><strong>spirituales</strong></span> 
     </span>
    </p>
   </div>
   <div class='ocr_carea' id='block_1_7' title="bbox 312 2765 1493 2976">
    <p class='ocr_par' dir='ltr' id='par_1_9' title="bbox 312 2765 1493 2976">
     <span class='ocr_line' id='line_1_21' title="bbox 312 2765 1302 2851; baseline 0.003 -21"><span class='ocrx_word' id='word_1_152' title='bbox 312 2765 413 2841; x_wconf 89' lang='lat' dir='ltr'><strong>veluti</strong></span> <span class='ocrx_word' id='word_1_153' title='bbox 435 2765 697 2837; x_wconf 83' lang='lat' dir='ltr'><strong>matrimoniales,</strong></span> <span class='ocrx_word' id='word_1_154' title='bbox 722 2785 920 2851; x_wconf 87' lang='lat' dir='ltr'><strong>cognoscere</strong></span> <span class='ocrx_word' id='word_1_155' title='bbox 944 2766 1080 2851; x_wconf 88' lang='lat' dir='ltr'><strong>amplius</strong></span> <span class='ocrx_word' id='word_1_156' title='bbox 1103 2787 1168 2831; x_wconf 91' lang='lat' dir='ltr'><strong>non</strong></span> <span class='ocrx_word' id='word_1_157' title='bbox 1190 2768 1302 2833; x_wconf 85' lang='lat' dir='ltr'><strong>valuit.</strong></span> 
     </span>
     <span class='ocr_line' id='line_1_22' title="bbox 406 2890 1493 2976; baseline 0.002 -21"><span class='ocrx_word' id='word_1_158' title='bbox 406 2890 516 2965; x_wconf 87' lang='lat' dir='ltr'><strong>Quoad</strong></span> <span class='ocrx_word' id='word_1_159' title='bbox 553 2910 667 2957; x_wconf 85' lang='lat' dir='ltr'><strong>causas</strong></span> <span class='ocrx_word' id='word_1_160' title='bbox 701 2892 842 2956; x_wconf 87' lang='lat' dir='ltr'><strong>maxime</strong></span> <span class='ocrx_word' id='word_1_161' title='bbox 865 2890 1087 2976; x_wconf 88' lang='lat' dir='ltr'><strong>disciplinares</strong></span> <span class='ocrx_word' id='word_1_162' title='bbox 1113 2892 1358 2965; x_wconf 84' lang='lat' dir='ltr'><strong>ecclesiasticas,</strong></span> <span class='ocrx_word' id='word_1_163' title='bbox 1380 2894 1493 2958; x_wconf 82' lang='lat' dir='ltr'><strong>statuit</strong></span> 
     </span>
    </p>
   </div>
   <div class='ocr_carea' id='block_1_8' title="bbox 308 3017 1494 3600">
    <p class='ocr_par' dir='ltr' id='par_1_10' title="bbox 308 3017 1494 3478">
     <span class='ocr_line' id='line_1_23' title="bbox 315 3017 1494 3100; baseline 0.002 -15"><span class='ocrx_word' id='word_1_164' title='bbox 315 3021 394 3085; x_wconf 91' lang='lat' dir='ltr'><strong>Pius</strong></span> <span class='ocrx_word' id='word_1_165' title='bbox 410 3020 487 3093; x_wconf 83' lang='lat' dir='ltr'><strong>VII,</strong></span> <span class='ocrx_word' id='word_1_166' title='bbox 506 3020 612 3085; x_wconf 86' lang='lat' dir='ltr'><strong>Const.</strong></span> <span class='ocrx_word' id='word_1_167' title='bbox 626 3019 708 3087; x_wconf 81' lang='lat' dir='ltr'><strong>Post</strong></span> <span class='ocrx_word' id='word_1_168' title='bbox 727 3019 919 3089; x_wconf 81' lang='lat' dir='ltr'><strong>diuturnas,</strong></span> <span class='ocrx_word' id='word_1_169' title='bbox 937 3018 1005 3084; x_wconf 84' lang='lat' dir='ltr'><strong>dici</strong></span> <span class='ocrx_word' id='word_1_170' title='bbox 1020 3017 1073 3085; x_wconf 88' lang='lat'><strong>30</strong></span> <span class='ocrx_word' id='word_1_171' title='bbox 1096 3017 1245 3086; x_wconf 74' lang='lat' dir='ltr'><strong>Octobris</strong></span> <span class='ocrx_word' id='word_1_172' title='bbox 1259 3020 1362 3100; x_wconf 87' lang='grc'><em>1800,</em></span> <span class='ocrx_word' id='word_1_173' title='bbox 1379 3040 1494 3087; x_wconf 87' lang='lat' dir='ltr'><strong>ornnes</strong></span> 
     </span>
     <span class='ocr_line' id='line_1_24' title="bbox 313 3141 1492 3227; baseline -0.001 -18"><span class='ocrx_word' id='word_1_174' title='bbox 313 3162 429 3209; x_wconf 85' lang='lat' dir='ltr'><strong>causas</strong></span> <span class='ocrx_word' id='word_1_175' title='bbox 450 3163 471 3207; x_wconf 87' lang='lat' dir='ltr'><strong>a</strong></span> <span class='ocrx_word' id='word_1_176' title='bbox 495 3144 593 3209; x_wconf 90' lang='lat' dir='ltr'><strong>curiis</strong></span> <span class='ocrx_word' id='word_1_177' title='bbox 610 3141 852 3227; x_wconf 85' lang='lat' dir='ltr'><strong>Episcopalibus</strong></span> <span class='ocrx_word' id='word_1_178' title='bbox 867 3143 1095 3227; x_wconf 83' lang='lat' dir='ltr'><strong>provenientes</strong></span> <span class='ocrx_word' id='word_1_179' title='bbox 1112 3142 1356 3207; x_wconf 82' lang='lat' dir='ltr'><strong>transferendas</strong></span> <span class='ocrx_word' id='word_1_180' title='bbox 1374 3162 1448 3208; x_wconf 89' lang='lat' dir='ltr'><strong>esse</strong></span> <span class='ocrx_word' id='word_1_181' title='bbox 1471 3164 1492 3207; x_wconf 88' lang='lat' dir='ltr'><strong>a</strong></span> 
     </span>
     <span class='ocr_line' id='line_1_25' title="bbox 311 3266 1493 3352; baseline -0.002 -19"><span class='ocrx_word' id='word_1_182' title='bbox 311 3269 466 3334; x_wconf 88' lang='lat' dir='ltr'><strong>tribunali</strong></span> <span class='ocrx_word' id='word_1_183' title='bbox 491 3266 657 3333; x_wconf 89' lang='lat' dir='ltr'><strong>Auditoris</strong></span> <span class='ocrx_word' id='word_1_184' title='bbox 674 3268 761 3333; x_wconf 87' lang='lat' dir='ltr'><strong>Cam.</strong></span> <span class='ocrx_word' id='word_1_185' title='bbox 778 3266 819 3332; x_wconf 87' lang='lat' dir='ltr'><strong>ad</strong></span> <span class='ocrx_word' id='word_1_186' title='bbox 843 3267 874 3333; x_wconf 89' lang='lat' dir='ltr'><strong>S.</strong></span> <span class='ocrx_word' id='word_1_187' title='bbox 893 3266 1185 3352; x_wconf 87' lang='lat' dir='ltr'><strong>Congregationem</strong></span> <span class='ocrx_word' id='word_1_188' title='bbox 1208 3267 1442 3352; x_wconf 87' lang='lat' dir='ltr'><strong>Episcoporum</strong></span> <span class='ocrx_word' id='word_1_189' title='bbox 1458 3271 1493 3331; x_wconf 91' lang='lat' dir='ltr'><strong>et</strong></span> 
     </span>
     <span class='ocr_line' id='line_1_26' title="bbox 308 3390 530 3478; baseline -0.009 -22"><span class='ocrx_word' id='word_1_190' title='bbox 308 3390 530 3478; x_wconf 88' lang='lat' dir='ltr'><strong>Regularium.</strong></span> 
     </span>
    </p>

    <p class='ocr_par' dir='ltr' id='par_1_11' title="bbox 400 3511 1492 3600">
     <span class='ocr_line' id='line_1_27' title="bbox 400 3511 1492 3600; baseline -0.003 -19"><span class='ocrx_word' id='word_1_191' title='bbox 400 3516 455 3581; x_wconf 88' lang='lat'><strong>88.</strong></span> <span class='ocrx_word' id='word_1_192' title='bbox 479 3513 611 3580; x_wconf 90' lang='lat' dir='ltr'><strong>Modum</strong></span> <span class='ocrx_word' id='word_1_193' title='bbox 638 3512 835 3600; x_wconf 89' lang='lat' dir='ltr'><strong>procedendi</strong></span> <span class='ocrx_word' id='word_1_194' title='bbox 864 3512 947 3597; x_wconf 91' lang='lat' dir='ltr'><strong>quod</strong></span> <span class='ocrx_word' id='word_1_195' title='bbox 971 3515 1110 3597; x_wconf 88' lang='lat' dir='ltr'><strong>spectat,</strong></span> <span class='ocrx_word' id='word_1_196' title='bbox 1133 3516 1261 3597; x_wconf 84' lang='lat' dir='ltr'><strong>oportet</strong></span> <span class='ocrx_word' id='word_1_197' title='bbox 1289 3511 1492 3599; x_wconf 82' lang='lat' dir='ltr'><strong>distinguere</strong></span> 
     </span>
    </p>
   </div>
   <div class='ocr_carea' id='block_1_9' title="bbox 301 3753 1492 4353">
    <p class='ocr_par' dir='ltr' id='par_1_12' title="bbox 301 3753 1492 4353">
     <span class='ocr_line' id='line_1_28' title="bbox 402 3753 1492 3832; baseline 0 -18"><span class='ocrx_word' id='word_1_198' title='bbox 402 3760 441 3832; x_wconf 84' lang='lat' dir='ltr'><strong>(l)</strong></span> <span class='ocrx_word' id='word_1_199' title='bbox 461 3760 532 3821; x_wconf 84' lang='lat' dir='ltr'><strong>Quia</strong></span> <span class='ocrx_word' id='word_1_200' title='bbox 545 3759 663 3813; x_wconf 78' lang='lat' dir='ltr'><strong>Auditor</strong></span> <span class='ocrx_word' id='word_1_201' title='bbox 679 3757 811 3813; x_wconf 80' lang='lat' dir='ltr'><strong>Gamerae</strong></span> <span class='ocrx_word' id='word_1_202' title='bbox 831 3761 873 3811; x_wconf 86' lang='lat' dir='ltr'><strong>est</strong></span> <span class='ocrx_word' id='word_1_203' title='bbox 892 3761 1025 3811; x_wconf 84' lang='lat' dir='ltr'><strong>executor</strong></span> <span class='ocrx_word' id='word_1_204' title='bbox 1042 3762 1125 3811; x_wconf 85' lang='lat' dir='ltr'><strong>uatus</strong></span> <span class='ocrx_word' id='word_1_205' title='bbox 1143 3753 1374 3812; x_wconf 87' lang='lat' dir='ltr'><strong>constitutionum</strong></span> <span class='ocrx_word' id='word_1_206' title='bbox 1394 3760 1492 3814; x_wconf 85' lang='lat' dir='ltr'><strong>Ponti·</strong></span> 
     </span>
     <span class='ocr_line' id='line_1_29' title="bbox 308 3861 1492 3934; baseline -0.001 -15"><span class='ocrx_word' id='word_1_207' title='bbox 308 3866 393 3920; x_wconf 88' lang='lat' dir='ltr'><strong>ficum</strong></span> <span class='ocrx_word' id='word_1_208' title='bbox 413 3870 443 3919; x_wconf 91' lang='lat' dir='ltr'><strong>et</strong></span> <span class='ocrx_word' id='word_1_209' title='bbox 462 3866 669 3933; x_wconf 84' lang='lat' dir='ltr'><strong>rescriptorum,</strong></span> <span class='ocrx_word' id='word_1_210' title='bbox 688 3868 718 3919; x_wconf 85' lang='lat' dir='ltr'><strong>et</strong></span> <span class='ocrx_word' id='word_1_211' title='bbox 735 3864 877 3917; x_wconf 88' lang='lat' dir='ltr'><strong>concurrit</strong></span> <span class='ocrx_word' id='word_1_212' title='bbox 902 3861 964 3916; x_wconf 77' lang='lat' dir='ltr'><strong>cum</strong></span> <span class='ocrx_word' id='word_1_213' title='bbox 990 3879 1164 3934; x_wconf 89' lang='lat' dir='ltr'><strong>quocumque</strong></span> <span class='ocrx_word' id='word_1_214' title='bbox 1187 3868 1338 3919; x_wconf 87' lang='lat' dir='ltr'><strong>executore</strong></span> <span class='ocrx_word' id='word_1_215' title='bbox 1356 3862 1443 3918; x_wconf 84' lang='lat' dir='ltr'><strong>etiam</strong></span> <span class='ocrx_word' id='word_1_216' title='bbox 1461 3864 1492 3918; x_wconf 90' lang='lat' dir='ltr'><strong>in</strong></span> 
     </span>
     <span class='ocr_line' id='line_1_30' title="bbox 302 3966 1489 4040; baseline 0 -16"><span class='ocrx_word' id='word_1_217' title='bbox 302 3970 409 4025; x_wconf 85' lang='lat' dir='ltr'><strong>litteris</strong></span> <span class='ocrx_word' id='word_1_218' title='bbox 421 3970 576 4040; x_wconf 86' lang='lat' dir='ltr'><strong>designato,</strong></span> <span class='ocrx_word' id='word_1_219' title='bbox 590 3968 655 4023; x_wconf 91' lang='lat' dir='ltr'><strong>hinc</strong></span> <span class='ocrx_word' id='word_1_220' title='bbox 668 3967 745 4022; x_wconf 84' lang='lat' dir='ltr'><strong>illiue</strong></span> <span class='ocrx_word' id='word_1_221' title='bbox 757 3984 867 4040; x_wconf 90' lang='lat' dir='ltr'><strong>quoque</strong></span> <span class='ocrx_word' id='word_1_222' title='bbox 881 3972 924 4022; x_wconf 89' lang='lat' dir='ltr'><strong>est</strong></span> <span class='ocrx_word' id='word_1_223' title='bbox 936 3968 1037 4039; x_wconf 84' lang='lat' dir='ltr'><strong>exequi</strong></span> <span class='ocrx_word' id='word_1_224' title='bbox 1048 3967 1185 4038; x_wconf 85' lang='lat' dir='ltr'><strong>r·escripte</strong></span> <span class='ocrx_word' id='word_1_225' title='bbox 1195 3968 1222 4021; x_wconf 87' lang='lat' dir='ltr'><strong>S.</strong></span> <span class='ocrx_word' id='word_1_226' title='bbox 1231 3966 1489 4039; x_wconf 84' lang='lat' dir='ltr'><strong>Congregationum</strong></span> 
     </span>
     <span class='ocr_line' id='line_1_31' title="bbox 302 4069 1490 4143; baseline -0.003 -14"><span class='ocrx_word' id='word_1_227' title='bbox 302 4078 333 4129; x_wconf 88' lang='lat' dir='ltr'><strong>et</strong></span> <span class='ocrx_word' id='word_1_228' title='bbox 359 4073 509 4143; x_wconf 82' lang='lat' dir='ltr'><strong>praecipue</strong></span> <span class='ocrx_word' id='word_1_229' title='bbox 534 4072 689 4127; x_wconf 84' lang='lat' dir='ltr'><strong>sententias</strong></span> <span class='ocrx_word' id='word_1_230' title='bbox 712 4070 870 4135; x_wconf 86' lang='lat' dir='ltr'><strong>iudicialee;</strong></span> <span class='ocrx_word' id='word_1_231' title='bbox 898 4070 952 4125; x_wconf 90' lang='lat' dir='ltr'><strong>hoc</strong></span> <span class='ocrx_word' id='word_1_232' title='bbox 975 4086 1105 4140; x_wconf 84' lang='lat' dir='ltr'><strong>expresse</strong></span> <span class='ocrx_word' id='word_1_233' title='bbox 1129 4069 1218 4125; x_wconf 87' lang='lat' dir='ltr'><strong>edixit</strong></span> <span class='ocrx_word' id='word_1_234' title='bbox 1235 4071 1301 4125; x_wconf 85' lang='lat' dir='ltr'><strong>Cod.</strong></span> <span class='ocrx_word' id='word_1_235' title='bbox 1321 4070 1403 4141; x_wconf 89' lang='lat' dir='ltr'><strong>Greg.</strong></span> <span class='ocrx_word' id='word_1_236' title='bbox 1422 4070 1490 4126; x_wconf 81' lang='lat' dir='ltr'><strong>xvi</strong></span> 
     </span>
     <span class='ocr_line' id='line_1_32' title="bbox 302 4174 1491 4247; baseline -0.003 -14"><span class='ocrx_word' id='word_1_237' title='bbox 302 4189 360 4233; x_wconf 83' lang='lat' dir='ltr'><strong>art.</strong></span> <span class='ocrx_word' id='word_1_238' title='bbox 373 4177 441 4232; x_wconf 83' lang='lat'><strong>372</strong></span> <span class='ocrx_word' id='word_1_239' title='bbox 462 4176 621 4232; x_wconf 83' lang='lat' dir='ltr'><strong>decernens:</strong></span> <span class='ocrx_word' id='word_1_240' title='bbox 640 4188 658 4231; x_wconf 74' lang='lat' dir='ltr'><strong>tt</strong></span> <span class='ocrx_word' id='word_1_241' title='bbox 674 4174 860 4230; x_wconf 83' lang='lat' dir='ltr'><strong>Executicnee</strong></span> <span class='ocrx_word' id='word_1_242' title='bbox 880 4174 1078 4244; x_wconf 84' lang='lat' dir='ltr'><strong>rescriptorum</strong></span> <span class='ocrx_word' id='word_1_243' title='bbox 1096 4174 1122 4227; x_wconf 90' lang='lat' dir='ltr'><strong>S.</strong></span> <span class='ocrx_word' id='word_1_244' title='bbox 1142 4174 1399 4246; x_wconf 78' lang='lat' dir='ltr'><strong>congregationum</strong></span> <span class='ocrx_word' id='word_1_245' title='bbox 1417 4192 1491 4247; x_wconf 78' lang='lat' dir='ltr'><strong>quae</strong></span> 
     </span>
     <span class='ocr_line' id='line_1_33' title="bbox 301 4282 1490 4353; baseline -0.003 -12"><span class='ocrx_word' id='word_1_246' title='bbox 301 4303 360 4341; x_wconf 78' lang='lat' dir='ltr'><strong>non</strong></span> <span class='ocrx_word' id='word_1_247' title='bbox 383 4288 485 4343; x_wconf 75' lang='lat' dir='ltr'><strong>habene</strong></span> <span class='ocrx_word' id='word_1_248' title='bbox 504 4286 701 4341; x_wconf 77' lang='lat' dir='ltr'><strong>contentiosum</strong></span> <span class='ocrx_word' id='word_1_249' title='bbox 718 4282 955 4347; x_wconf 78' lang='lat' dir='ltr'><strong>iurisdictionem,</strong></span> <span class='ocrx_word' id='word_1_250' title='bbox 969 4282 1110 4353; x_wconf 64' lang='lat' dir='ltr'><strong>privatim</strong></span> <span class='ocrx_word' id='word_1_251' title='bbox 1127 4282 1292 4336; x_wconf 83' lang='lat' dir='ltr'><strong>ordinantur</strong></span> <span class='ocrx_word' id='word_1_252' title='bbox 1303 4283 1339 4336; x_wconf 81' lang='lat' dir='ltr'><strong>ab</strong></span> <span class='ocrx_word' id='word_1_253' title='bbox 1352 4282 1490 4337; x_wconf 81' lang='lat' dir='ltr'><strong>Auditore</strong></span> 
     </span>
    </p>
   </div>
   <div class='ocr_carea' id='block_1_10' title="bbox 301 4392 472 4451">
    <p class='ocr_par' dir='ltr' id='par_1_13' title="bbox 301 4392 472 4451">
     <span class='ocr_line' id='line_1_34' title="bbox 301 4392 472 4451; baseline -0.023 -2"><span class='ocrx_word' id='word_1_254' title='bbox 301 4392 435 4449; x_wconf 76' lang='lat' dir='ltr'><strong>Gamerae</strong></span> <span class='ocrx_word' id='word_1_255' title='bbox 446 4407 472 4451; x_wconf 69' lang='lat' dir='ltr'><strong>n.</strong></span> 
     </span>
    </p>
   </div>
   <div class='ocr_carea' id='block_1_11' title="bbox 0 0 1650 5109">
    <p class='ocr_par' dir='ltr' id='par_1_14' title="bbox 0 0 1650 5109">
     <span class='ocr_line' id='line_1_35' title="bbox 0 0 1650 5109; baseline 0 0"><span class='ocrx_word' id='word_1_256' title='bbox 0 0 1650 5109; x_wconf 95' lang='lat' dir='ltr'><strong> </strong></span> 
     </span>
    </p>
   </div>
  </div>
 </body>
</html>
