3292 5109
311 236 379 301 402
827 252 911 301 rues
935 252 971 299 11.

312 382 346 443 et
368 376 549 443 Turcarum
572 378 699 441 notoria
720 377 834 463 praxis
857 373 959 448 docet,
983 370 1067 457 qnod
1090 372 1124 437 in
1147 367 1287 455 qualibet
1306 360 1497 449 Metropoli-

312 503 378 570 tica
406 503 537 568 civitate
566 520 632 567 non
663 501 765 567 solum
796 498 850 565 ubi
873 498 913 566 de
935 500 1032 564 totius
1062 496 1261 583 principatus
1284 490 1338 557 vel
1368 484 1498 573 imperii

312 630 388 697 sede
412 632 509 695 etiam
527 649 649 715 parvae
663 648 703 693 ac
717 626 944 695 subordinatas
968 624 1155 712 provinciae
1178 618 1352 704 Metropoli
1375 616 1500 701 agitur,

311 755 501 821 Tribuualia
524 755 681 840 Suprema
702 774 762 838 pro
785 750 990 839 gravioribus
1013 750 1120 815 causis
1142 743 1359 833 peremptorie
1388 738 1500 805 termi-

309 877 425 944 nandis
448 882 560 944 erecta
583 878 754 963 collegiata
773 878 847 952 sint,
864 894 906 941 ex
927 874 1041 941 maiori
1056 873 1110 939 vel
1126 870 1244 937 minori
1267 886 1404 934 numero
1422 882 1502 930 ccu-

311 1006 432 1077 stituta
457 1010 554 1091 prout
576 1004 764 1089 provinciae
786 1002 840 1067 vel
863 1002 1062 1087 principatus
1085 995 1260 1082 amplitudo
1277 994 1402 1081 exigat;
1421 1008 1499 1057 cum

310 1129 464 1196 iudicium
488 1132 583 1195 nnius
605 1133 730 1195 tantum
752 1132 912 1214 congruat
935 1126 1044 1211 parvis
1067 1124 1147 1189 locis
1169 1122 1223 1187 vel
1246 1122 1344 1185 etiam
1367 1115 1500 1201 magnis

312 1274 385 1321 cum
409 1254 674 1320 subordinatione
698 1259 804 1318 tamen
828 1250 1031 1336 Magistratui
1055 1247 1109 1313 rel
1131 1244 1286 1312 tribunali
1312 1242 1500 1326 collegiata,

311 1383 409 1463 atque
432 1379 465 1442 in
490 1379 627 1464 ipsomet
642 1377 714 1441 foro
736 1376 895 1462 spirituali
910 1376 1055 1461 quamvis
1071 1373 1111 1439 de
1134 1375 1206 1438 iure
1229 1391 1313 1437 unns
1329 1371 1371 1433 sit
1386 1365 1499 1437 iudex,

311 1520 429 1588 nempe
444 1503 624 1587 Episcopus
639 1499 691 1566 rel
708 1502 777 1567 eius
791 1501 945 1566 Vicarius
968 1496 1147 1570 Generalis,
1164 1494 1271 1562 adbuc
1294 1499 1404 1559 tamen
1421 1508 1499 1555 con·
1615 1540 1616 1551 ,

311 1624 431 1691 sultum
455 1631 504 1691 est
520 1631 556 1691 ut
577 1645 747 1710 supremus
769 1622 867 1689 iudex
883 1622 936 1708 qui
952 1621 1170 1707 peremptorie
1196 1616 1325 1683 decidat
1340 1636 1406 1681 non
1424 1632 1503 1681 con·

311 1751 465 1818 stituatur
488 1772 532 1816 en
555 1771 618 1816 una
642 1769 781 1835 persona
803 1748 963 1813 materiali
986 1746 1042 1813 sed
1058 1744 1261 1831 expluribus
1284 1762 1384 1808 unam
1399 1741 1501 1807 intel·

311 1876 487 1941 lectualem
509 1894 567 1941 seu
590 1874 793 1959 collegiatam
816 1870 1092 1943 constituentibus,
1117 1876 1153 1935 ut
1175 1874 1224 1935 est
1249 1870 1333 1933 Rota
1360 1873 1393 1932 et
1422 1871 1501 1931 sunt

311 1998 344 2065 S.
361 1998 648 2083 congregationes.
664 1997 708 2062 Et
728 1995 949 2061 nihilominus
971 1994 1030 2060 ubi
1044 1994 1161 2080 agitur
1183 1993 1226 2059 de
1249 1994 1388 2079 magnis
1403 1992 1499 2059 dioe-
1615 2060 1616 2077 χ

314 2120 444 2189 casibus
475 2126 509 2186 et
531 2121 737 2203 praesertim
766 2138 976 2205 magnarum
998 2125 1030 2185 et
1051 2118 1380 2203 metropolitiocmm
1413 2114 1501 2183 aivi·

314 2248 423 2311 raam
446 2244 484 2309 in
506 2244 629 2329 quibas
650 2264 775 2311 cumae
795 2244 973 2330 graviores
1003 2244 1210 2330 contingant,
1238 2242 1378 2311 inolevit
1408 2260 1498 2308 com·
1615 2230 1616 2235 ’

311 2368 515 2437 mandabitis
537 2388 621 2435 uem
642 2368 946 2456 congregationum
968 2369 1088 2435 saltem
1111 2368 1381 2435 consuitioarum
1402 2386 1436 2431 ›.
1455 2365 1499 2430 Et

312 2510 350 2555 re
373 2491 501 2575 quidem
523 2512 606 2557 vera
627 2490 808 2557 huiusmodi
824 2491 1092 2577 congregationes
1114 2491 1315 2556 cousultivae
1330 2488 1418 2576 apud
1440 2509 1500 2555 cu·

310 2616 379 2681 rias
401 2615 612 2683 dioecesanas
641 2636 833 2702 magnarum
857 2616 990 2683 Urbium
1018 2618 1053 2681 in
1076 2616 1171 2683 ltalia
1202 2617 1397 2681 constitutae
1430 2614 1502 2679 fue·

311 2745 390 2808 runt
411 2746 446 2807 et
468 2761 587 2828 magno
609 2743 681 2807 usui
703 2747 787 2813 sunt,
803 2741 904 2808 veluti
928 2744 962 2806 in
984 2743 1114 2807 civitate
1138 2742 1345 2805 Bononiensi.
1364 2737 1500 2815 -Quod
1615 2762 1616 2775 ¹

310 2861 467 2928 facillime
497 2864 632 2948 quisque
661 2862 722 2927 sibi
750 2860 958 2947 persuadebit
987 2864 1041 2947 qui
1072 2862 1236 2944 advertat,
1268 2863 1373 2947 ipsum
1406 2862 1501 2947 Capi·

311 2988 416 3055 tulu'm
439 2986 636 3054 Getbedrale
666 3008 710 3053 ex
738 2988 917 3054 intentione
941 2987 1105 3053 Canouum
1135 3008 1207 3053 esso
1237 2988 1392 3055 Senatum
1416 2988 1501 3073 Epi·
1615 2960 1616 3039 ἕ

310 3111 419 3198 scopi;
450 3112 625 3177 canonicos
655 3130 736 3176 vero
766 3130 832 3195 qua
861 3110 1062 3177 consiliarios
1093 3132 1227 3197 operam
1258 3134 1350 3178 suam
1386 3114 1500 3179 utilius
1615 3184 1616 3213 ¹

312 3234 518 3320 praebituros
541 3255 623 3307 esse,
646 3235 674 3299 si
697 3253 762 3299 non
788 3233 957 3299 dumtaxat
986 3236 1018 3299 in
1049 3235 1184 3301 solemni
1208 3238 1381 3322 capitulari
1416 3258 1501 3303 cou—

310 3362 414 3425 ventu
436 3378 551 3422 eorum
573 3358 754 3423 sententiae
777 3359 1001 3441 exquirantur,
1017 3357 1073 3423 sed
1097 3360 1193 3424 etiam
1221 3360 1440 3427 adhibeantur
1463 3364 1500 3429 in
1615 3368 1616 3439 j

311 3481 496 3567 peculiares
511 3502 707 3567 congremus
720 3502 779 3552 seu
794 3484 1071 3568 congregationes.
1088 3483 1259 3552 dividendo
1276 3490 1413 3575 singulis
1426 3512 1500 3555 mu·

310 3624 395 3671 nera
416 3606 508 3670 iuxta
529 3608 695 3699 propriam
717 3606 868 3693 peritiam
891 3610 925 3671 et
946 3606 1129 3673 adhibendo
1151 3628 1279 3697 quoque
1301 3614 1384 3678 elios
1407 3616 1502 3682 viros
1615 3584 1616 3611 ἶ

310 3729 435 3815 peritos
458 3730 698 3795 ecclesiasticos
721 3732 782 3795 etsi
803 3750 871 3794 non
894 3733 1077 3798 canonicos.

402 3853 446 3919 Ut
459 3852 601 3921 alterum
622 3848 798 3918 afferamus
813 3854 998 3939 exemplum
1021 3856 1061 3921 de
1084 3859 1257 3946 modoque
1273 3867 1429 3931 constitui
1451 3886 1501 3933 so·

311 3977 383 4043 lent
404 3976 581 4042 tribunalia
603 3978 736 4064 proprie
758 3977 845 4043 dicta
865 3976 951 4065 apud
973 3980 1081 4047 curias
1103 3980 1186 4049 bene
1209 3986 1386 4073 ordinatas,
1412 3990 1501 4058 rese

311 4120 423 4165 remus
438 4101 700 4166 constitutionem
712 4100 830 4166 Curiae
841 4099 1083 4187 Neapolitanae,
1094 4108 1202 4192 prouti
1215 4130 1374 4195 expressa
1386 4115 1451 4181 fuit
1464 4116 1500 4182 in
1615 4186 1616 4193 χ

312 4225 393 4311 syn.
409 4224 547 4291 noem
563 4225 676 4291 narra
689 4245 719 4290 a
739 4225 826 4290 rasa
840 4224 882 4289 ar
897 4226 1003 4293 const.
1019 4228 1112 4296 une
1126 4232 1218 4301 rom
1239 4238 1355 4303 eccae
1373 4260 1451 4325 eap.
1469 4245 1498 4317 r,

312 4367 348 4412 aa
371 4348 400 4411 1.
426 4347 727 4434 «Quandoquidem
749 4348 875 4440 varium
899 4354 932 4415 et
953 4350 1122 4437 multiplex
1144 4359 1351 4444 negotiorum
1378 4384 1498 4451 genus,
