3292 5109
254 299 324 366 350
786 315 870 362 rans
895 314 930 360 11.

255 442 439 509 eduntura
467 443 612 530 legitima
641 443 836 508 auctoritate
864 439 895 505 S.
920 437 1217 524 congregationum
1248 457 1314 502 non
1342 455 1436 502 secus

252 570 368 635 ualere
391 589 430 636 ac
453 570 480 635 si
504 568 662 635 darentur
684 578 703 632 a
726 585 876 651 supremo
893 565 1057 651 Principe.
1075 565 1136 628 Hic
1153 564 1238 627 enim
1254 568 1311 628 aut
1326 583 1386 648 per
1400 583 1436 629 se

252 695 312 756 aut
329 711 389 777 per
407 691 488 756 alios
510 710 600 755 suam
623 690 849 755 auctoritatem
872 706 1032 753 exercere
1056 686 1152 759 valet,
1169 691 1203 751 et
1218 686 1350 772 plenum
1374 691 1434 751 est.

344 814 422 881 287.
446 815 499 881 Ad
520 816 604 881 haec
632 816 697 881 tria
719 833 843 901 genera
872 810 1038 878 commode
1062 811 1263 877 reducuntur
1293 811 1325 877 S.
1351 811 1436 878 con-

253 938 481 1023 gregationum
497 943 580 1017 acta,
593 941 716 1003 attenta
731 935 934 1003 auctoritate
947 954 968 999 a
982 953 1048 1018 qna
1061 938 1256 1019 promanant
1270 938 1302 998 et
1316 935 1434 1000 oewre

252 1083 319 1147 quo
335 1063 496 1128 fruuntur.
511 1098 526 1111 -
538 1064 672 1127 Attente
686 1082 765 1128 vero
778 1062 903 1127 ratione
918 1080 975 1127 seu
989 1060 1107 1141 forma
1119 1079 1182 1144 qua
1194 1063 1432 1145 exprimuntur.

255 1186 317 1251 ista
340 1188 561 1253 recensuimus
576 1188 609 1251 in
624 1191 763 1272 quatuor
784 1187 914 1259 classes,
931 1185 1165 1271 distinguentes
1185 1184 1214 1269 1)
1231 1184 1377 1258 decreta,
1393 1184 1429 1267 2)

251 1312 446 1387 sententias,
471 1312 504 1400 3)
527 1314 705 1395 rescripta,
731 1312 764 1397 4)
787 1312 956 1395 epistolar.

345 1437 469 1503 Horum
494 1438 680 1506 auctoritas
702 1456 759 1503 seu
775 1436 937 1522 obligandi
953 1436 1003 1499 vis
1026 1434 1223 1500 desumenda
1245 1441 1294 1500 est
1317 1435 1351 1499 in
1373 1436 1436 1500 sin·

252 1562 331 1646 gulo
351 1582 428 1627 casu
451 1580 498 1629 ece
517 1563 664 1631 subiecta
678 1563 833 1635 materie,
851 1562 1005 1647 siquidem
1022 1581 1095 1626 suas
1115 1561 1168 1625 vel
1185 1560 1433 1633 declarationes,

254 1684 309 1749 vel
331 1684 509 1751 decisiones
532 1686 708 1772 expediunt
729 1685 1005 1771 congregationes
1036 1684 1208 1768 aliquando
1238 1684 1296 1749 sub
1325 1685 1433 1750 forma

130 1884 131 1887 Ἴ
252 1807 307 1871 rel
331 1807 466 1889 decreti,
490 1809 542 1873 vel
565 1808 757 1881 sententiae,
782 1807 835 1873 vel
858 1807 1024 1890 rescripti,
1046 1806 1101 1873 vel
1122 1808 1294 1891 epistotae.
1312 1808 1433 1874 Nihilo-

187 1978 191 1987 .
253 1929 359 1993 minus
382 1949 442 2014 pro
465 1928 620 2012 qualitate
642 1934 789 1996 actorum
805 1930 887 1995 solet
910 1934 1001 1995 certa
1016 1928 1122 1994 forma
1140 1931 1304 2015 usurpari.
1318 1965 1336 1978 -
1350 1930 1435 2013 Epi·

251 2055 341 2121 stolo
364 2060 399 2120 ut
421 2056 594 2139 plurimum
609 2056 754 2121 continet
768 2056 889 2128 iussum
905 2054 1031 2120 cuidam
1047 2054 1222 2122 Ordiuario
1238 2055 1370 2137 factum,
1387 2062 1433 2121 ut-

255 2182 332 2265 puta
358 2180 584 2247 manifestandi
614 2180 780 2266 proprium
809 2185 926 2246 uotum
949 2180 1038 2244 circa
1064 2180 1251 2265 petitionem
1279 2181 1430 2253 oratoris,

251 2304 426 2387 aliquando
449 2310 656 2390 praeceptum
672 2306 816 2371 continet
838 2306 891 2370 vel
914 2304 1096 2370 immediate
1118 2308 1248 2371 nomine
1266 2303 1435 2372 Pontificis

254 2427 308 2493 vel
323 2431 516 2495 auctoritate
531 2430 651 2496 Sacrae
667 2430 933 2517 Congregationis
945 2431 1091 2496 omnibus
1102 2434 1157 2495 aut
1168 2430 1326 2515 aliquibus
1340 2429 1433 2497 Ordi-

255 2554 356 2618 nariis
378 2556 570 2638 impositum,
595 2560 628 2620 et
649 2557 694 2619 ita
717 2575 826 2642 porro,
844 2591 862 2604 -
878 2554 1058 2639 Rescripta
1081 2561 1198 2629 autem,
1221 2561 1344 2639 suapte
1366 2575 1432 2621 rto-

252 2686 342 2755 tura,
361 2681 558 2767 respondent
580 2682 806 2746 consultationi
828 2685 885 2746 aut
906 2682 1078 2746 instantiae
1102 2680 1267 2745 cuiusdam
1290 2682 1432 2766 particu-

253 2806 342 2888 lariS,
358 2807 435 2872 hinc
451 2806 600 2871 ordinata
615 2812 690 2872 sunt
704 2828 777 2871 cum
793 2807 915 2891 primis.
932 2806 1052 2889 aliquid
1067 2809 1221 2878 statuere,
1238 2805 1430 2886 concedere,

251 2930 441 3016 dispensare
457 2932 489 2995 in
505 2931 624 2996 bonum
648 2931 835 3005 cratonum,
852 2928 963 2995 habita
977 2931 1103 2995 ratione
1128 2950 1240 2995 eornm
1259 2931 1432 3015 petitionis.

256 3092 274 3105 -
299 3056 492 3122 Sententiae
513 3055 688 3130 iudiciales,
712 3056 746 3121 oi
761 3075 835 3132 suu,
861 3057 910 3120 ius
933 3055 1057 3121 faciunt
1073 3056 1159 3120 inter
1173 3060 1284 3140 partes
1304 3063 1433 3121 conten·

250 3176 383 3255 dentes;
408 3179 482 3263 quia
508 3200 526 3241 ‹
549 3197 605 3245 rer
627 3178 716 3243 iuter
739 3176 824 3243 atior
839 3182 925 3249 ueto,
943 3176 1021 3241 eliis
1043 3196 1105 3243 nec
1128 3195 1251 3243 nocere
1272 3196 1336 3243 nec
1346 3194 1432 3259 prc-

251 3302 349 3368 desse
367 3294 477 3385 potest
493 3323 522 3366 ».
547 3302 694 3369 Decreta
717 3321 798 3385 quae
822 3300 1098 3386 congregationes
1112 3300 1166 3366 vel
1182 3320 1228 3367 ea·
1250 3300 1358 3387 officio
1378 3300 1431 3365 vel

253 3428 387 3511 praevia
417 3426 546 3490 illorum
576 3426 738 3491 instantia
769 3444 905 3509 quorum
936 3425 1073 3489 interest
1098 3420 1206 3505 edunt,
1235 3428 1358 3509 suapte.
1371 3443 1431 3488 na-

251 3556 329 3615 tura
343 3557 465 3618 certam
480 3554 546 3616 vim
562 3551 681 3616 habent
697 3550 869 3636 obligandi,
885 3569 1023 3634 namque
1039 3556 1232 3635 promanant
1250 3570 1271 3613 a
1285 3549 1431 3634 legitima

251 3677 445 3742 auctoritate
468 3677 536 3742 sive
560 3676 740 3742 ordinaria
764 3678 832 3741 sive
855 3677 1012 3762 delegata
1035 3695 1130 3759 quam
1155 3680 1315 3744 exercent
1344 3675 1431 3742 con-

254 3802 461 3887 gregationes
488 3803 522 3866 in
553 3801 684 3867 edendis
708 3802 857 3868 decretis.
890 3802 959 3867 Nec
987 3800 1118 3867 difficile
1148 3808 1197 3867 est
1226 3801 1431 3887 perpendere

251 3942 419 4007 quousque
442 3944 476 3989 se
499 3925 671 4009 protendat
693 3925 743 3989 vis
765 3926 884 3990 horum
914 3924 1138 4002 decretorum
1162 3924 1317 4008 siquidem
1348 3924 1432 3991 haec

253 4050 299 4115 ita
322 4051 548 4135 concipiuntur
571 4057 606 4117 ut
629 4051 793 4136 explicent
816 4051 916 4124 clare,
941 4051 1093 4136 quidnam
1115 4049 1247 4116 iubeant
1274 4057 1309 4117 et
1335 4070 1431 4135 quas·

253 4194 330 4239 nam
353 4194 510 4260 personas
532 4174 677 4259 obligare
700 4174 878 4240 intendant.
906 4210 922 4223 ·
948 4173 1052 4249 Quum
1076 4180 1183 4240 autem
1207 4176 1316 4261 agitur
1329 4174 1369 4241 de
1385 4177 1432 4240 in·

252 4297 401 4363 ducenda
422 4318 508 4363 nova
530 4298 603 4384 lege
627 4300 739 4383 quaeri
762 4303 868 4384 potest
882 4319 923 4363 an
939 4298 1021 4364 haec
1045 4298 1178 4365 decreta
1198 4318 1342 4385 congrue
1358 4318 1433 4385 pro·

255 4424 449 4510 mulgentur,
474 4423 530 4490 scd
554 4424 594 4490 de
617 4425 679 4490 hac
702 4424 891 4492 difficultate
914 4445 1046 4511 agemus
1069 4425 1216 4490 inferius.
