<?xml version="1.0" encoding="UTF-8"?>
<!DOCTYPE html PUBLIC "-//W3C//DTD XHTML 1.0 Transitional//EN"
    "http://www.w3.org/TR/xhtml1/DTD/xhtml1-transitional.dtd">
<html xmlns="http://www.w3.org/1999/xhtml" xml:lang="en" lang="en">
 <head>
  <title>
</title>
<meta http-equiv="Content-Type" content="text/html;charset=utf-8" />
  <meta name='ocr-system' content='tesseract 3.04.00' />
  <meta name='ocr-capabilities' content='ocr_page ocr_carea ocr_par ocr_line ocrx_word'/>
</head>
<body>
  <div class='ocr_page' id='page_1' title='image "./praelectionesin03legagoog_0170.png"; bbox 0 0 3292 5109; ppageno 0'>
   <div class='ocr_carea' id='block_1_1' title="bbox 362 255 1038 325">
    <p class='ocr_par' dir='ltr' id='par_1_1' title="bbox 362 255 1038 325">
     <span class='ocr_line' id='line_1_1' title="bbox 362 255 1038 325; baseline -0.003 0"><span class='ocrx_word' id='word_1_1' title='bbox 362 255 429 325; x_wconf 87' lang='grc'>166</span> <span class='ocrx_word' id='word_1_2' title='bbox 890 274 978 325; x_wconf 76' lang='lat' dir='ltr'>raas</span> <span class='ocrx_word' id='word_1_3' title='bbox 999 274 1038 323; x_wconf 86' lang='lat'>11.</span> 
     </span>
    </p>
   </div>
   <div class='ocr_carea' id='block_1_2' title="bbox 343 396 1531 4210">
    <p class='ocr_par' dir='ltr' id='par_1_2' title="bbox 357 396 1531 983">
     <span class='ocr_line' id='line_1_2' title="bbox 358 396 1526 474; baseline 0.002 -13"><span class='ocrx_word' id='word_1_4' title='bbox 358 396 571 474; x_wconf 88' lang='lat' dir='ltr'>niendarum;</span> <span class='ocrx_word' id='word_1_5' title='bbox 595 404 628 464; x_wconf 89' lang='lat' dir='ltr'>et</span> <span class='ocrx_word' id='word_1_6' title='bbox 643 398 757 465; x_wconf 76' lang='lat' dir='ltr'>lactem</span> <span class='ocrx_word' id='word_1_7' title='bbox 778 399 910 465; x_wconf 80' lang='lat' dir='ltr'>relator</span> <span class='ocrx_word' id='word_1_8' title='bbox 930 398 973 464; x_wconf 88' lang='lat' dir='ltr'>ad</span> <span class='ocrx_word' id='word_1_9' title='bbox 994 397 1189 469; x_wconf 79' lang='lat' dir='ltr'>referendas</span> <span class='ocrx_word' id='word_1_10' title='bbox 1211 417 1326 463; x_wconf 79' lang='lat' dir='ltr'><strong>causas</strong></span> <span class='ocrx_word' id='word_1_11' title='bbox 1348 397 1526 463; x_wconf 78' lang='lat' dir='ltr'><strong>criminales.</strong></span> 
     </span>
     <span class='ocr_line' id='line_1_3' title="bbox 360 518 1530 607; baseline 0 -24"><span class='ocrx_word' id='word_1_12' title='bbox 360 518 428 584; x_wconf 88' lang='lat' dir='ltr'>Pro</span> <span class='ocrx_word' id='word_1_13' title='bbox 452 518 628 587; x_wconf 78' lang='lat' dir='ltr'>enodandis</span> <span class='ocrx_word' id='word_1_14' title='bbox 649 521 730 587; x_wconf 88' lang='lat' dir='ltr'>iuris</span> <span class='ocrx_word' id='word_1_15' title='bbox 752 520 1001 607; x_wconf 84' lang='lat' dir='ltr'>quaestiouibus,</span> <span class='ocrx_word' id='word_1_16' title='bbox 1016 519 1145 607; x_wconf 90' lang='lat' dir='ltr'>quando</span> <span class='ocrx_word' id='word_1_17' title='bbox 1163 538 1229 586; x_wconf 92' lang='lat' dir='ltr'>uon</span> <span class='ocrx_word' id='word_1_18' title='bbox 1252 525 1426 607; x_wconf 89' lang='lat' dir='ltr'>suppetunt</span> <span class='ocrx_word' id='word_1_19' title='bbox 1446 519 1530 585; x_wconf 83' lang='lat' dir='ltr'>advo</span> 
     </span>
     <span class='ocr_line' id='line_1_4' title="bbox 358 614 1531 727; baseline 0 -20"><span class='ocrx_word' id='word_1_20' title='bbox 358 646 504 707; x_wconf 88' lang='lat' dir='ltr'>catorum</span> <span class='ocrx_word' id='word_1_21' title='bbox 520 642 827 725; x_wconf 85' lang='lat' dir='ltr'>animadversiones,</span> <span class='ocrx_word' id='word_1_22' title='bbox 840 643 894 709; x_wconf 86' lang='lat' dir='ltr'>vel</span> <span class='ocrx_word' id='word_1_23' title='bbox 909 642 1105 708; x_wconf 79' lang='lat' dir='ltr'>adhibentur</span> <span class='ocrx_word' id='word_1_24' title='bbox 1121 614 1333 709; x_wconf 82' lang='lat' dir='ltr'>consultores</span> <span class='ocrx_word' id='word_1_25' title='bbox 1348 661 1391 709; x_wconf 86' lang='lat' dir='ltr'>ex</span> <span class='ocrx_word' id='word_1_26' title='bbox 1405 648 1531 727; x_wconf 88' lang='lat' dir='ltr'>utroque</span> 
     </span>
     <span class='ocr_line' id='line_1_5' title="bbox 358 766 1528 855; baseline -0.002 -22"><span class='ocrx_word' id='word_1_27' title='bbox 358 766 448 853; x_wconf 88' lang='lat' dir='ltr'>clero</span> <span class='ocrx_word' id='word_1_28' title='bbox 472 766 580 851; x_wconf 88' lang='lat' dir='ltr'>electi,</span> <span class='ocrx_word' id='word_1_29' title='bbox 597 768 650 835; x_wconf 85' lang='lat' dir='ltr'>vel</span> <span class='ocrx_word' id='word_1_30' title='bbox 671 788 717 835; x_wconf 77' lang='lat' dir='ltr'>em</span> <span class='ocrx_word' id='word_1_31' title='bbox 739 770 850 855; x_wconf 80' lang='lat' dir='ltr'>officio</span> <span class='ocrx_word' id='word_1_32' title='bbox 873 766 1051 835; x_wconf 88' lang='lat' dir='ltr'>Summista</span> <span class='ocrx_word' id='word_1_33' title='bbox 1072 774 1129 834; x_wconf 91' lang='lat' dir='ltr'>aut</span> <span class='ocrx_word' id='word_1_34' title='bbox 1151 766 1256 833; x_wconf 82' lang='lat' dir='ltr'>Index</span> <span class='ocrx_word' id='word_1_35' title='bbox 1277 767 1412 841; x_wconf 86' lang='lat' dir='ltr'>relator.</span> <span class='ocrx_word' id='word_1_36' title='bbox 1434 786 1528 852; x_wconf 84' lang='lat' dir='ltr'>respe</span> 
     </span>
     <span class='ocr_line' id='line_1_6' title="bbox 357 896 989 983; baseline 0 -22"><span class='ocrx_word' id='word_1_37' title='bbox 357 896 455 968; x_wconf 79' lang='lat' dir='ltr'>utine,</span> <span class='ocrx_word' id='word_1_38' title='bbox 479 896 561 963; x_wconf 87' lang='lat' dir='ltr'>iuris</span> <span class='ocrx_word' id='word_1_39' title='bbox 584 898 790 982; x_wconf 85' lang='lat' dir='ltr'>quaestiones</span> <span class='ocrx_word' id='word_1_40' title='bbox 813 896 989 983; x_wconf 79' lang='lat' dir='ltr'>explicant</span> 
     </span>
    </p>

    <p class='ocr_par' dir='ltr' id='par_1_3' title="bbox 343 1014 1531 4210">
     <span class='ocr_line' id='line_1_7' title="bbox 447 1014 1531 1107; baseline -0.004 -22"><span class='ocrx_word' id='word_1_41' title='bbox 447 1018 523 1085; x_wconf 89' lang='lat'><strong>139.</strong></span> <span class='ocrx_word' id='word_1_42' title='bbox 547 1020 585 1085; x_wconf 95' lang='lat' dir='ltr'>ln</span> <span class='ocrx_word' id='word_1_43' title='bbox 609 1022 747 1107; x_wconf 89' lang='lat' dir='ltr'>negotiis</span> <span class='ocrx_word' id='word_1_44' title='bbox 776 1025 884 1084; x_wconf 87' lang='lat' dir='ltr'>autem</span> <span class='ocrx_word' id='word_1_45' title='bbox 915 1040 981 1085; x_wconf 91' lang='lat' dir='ltr'>non</span> <span class='ocrx_word' id='word_1_46' title='bbox 1014 1018 1223 1084; x_wconf 88' lang='lat' dir='ltr'>contentiosis</span> <span class='ocrx_word' id='word_1_47' title='bbox 1245 1016 1434 1104; x_wconf 81' lang='lat' dir='ltr'>proceditur</span> <span class='ocrx_word' id='word_1_48' title='bbox 1454 1014 1531 1081; x_wconf 73' lang='lat' dir='ltr'>iuria</span> 
     </span>
     <span class='ocr_line' id='line_1_8' title="bbox 355 1138 1530 1229; baseline -0.003 -20"><span class='ocrx_word' id='word_1_49' title='bbox 355 1140 477 1209; x_wconf 81' lang='lat' dir='ltr'>ordine</span> <span class='ocrx_word' id='word_1_50' title='bbox 506 1162 577 1209; x_wconf 80' lang='lat' dir='ltr'>non</span> <span class='ocrx_word' id='word_1_51' title='bbox 606 1150 750 1210; x_wconf 73' lang='lat' dir='ltr'>amanto.</span> <span class='ocrx_word' id='word_1_52' title='bbox 776 1140 969 1208; x_wconf 78' lang='lat' dir='ltr'>Huiusmodi</span> <span class='ocrx_word' id='word_1_53' title='bbox 992 1142 1123 1229; x_wconf 89' lang='lat' dir='ltr'>negotia</span> <span class='ocrx_word' id='word_1_54' title='bbox 1148 1142 1390 1214; x_wconf 82' lang='lat' dir='ltr'>interveniunt,</span> <span class='ocrx_word' id='word_1_55' title='bbox 1414 1138 1530 1225; x_wconf 90' lang='lat' dir='ltr'>quando</span> 
     </span>
     <span class='ocr_line' id='line_1_9' title="bbox 355 1262 1530 1355; baseline -0.003 -23"><span class='ocrx_word' id='word_1_56' title='bbox 355 1272 473 1354; x_wconf 83' lang='lat' dir='ltr'>agatur</span> <span class='ocrx_word' id='word_1_57' title='bbox 502 1268 543 1333; x_wconf 91' lang='lat' dir='ltr'>de</span> <span class='ocrx_word' id='word_1_58' title='bbox 571 1268 775 1355; x_wconf 84' lang='lat' dir='ltr'>corrigendis</span> <span class='ocrx_word' id='word_1_59' title='bbox 806 1267 958 1335; x_wconf 84' lang='lat' dir='ltr'>abusibus</span> <span class='ocrx_word' id='word_1_60' title='bbox 987 1268 1022 1332; x_wconf 94' lang='lat' dir='ltr'>in</span> <span class='ocrx_word' id='word_1_61' title='bbox 1051 1267 1161 1353; x_wconf 89' lang='lat' dir='ltr'>aliquo</span> <span class='ocrx_word' id='word_1_62' title='bbox 1190 1266 1389 1333; x_wconf 87' lang='lat' dir='ltr'>monasterio</span> <span class='ocrx_word' id='word_1_63' title='bbox 1420 1265 1470 1330; x_wconf 86' lang='lat' dir='ltr'>vel</span> <span class='ocrx_word' id='word_1_64' title='bbox 1495 1262 1530 1328; x_wconf 90' lang='lat' dir='ltr'>de</span> 
     </span>
     <span class='ocr_line' id='line_1_10' title="bbox 356 1388 1527 1477; baseline -0.006 -20"><span class='ocrx_word' id='word_1_65' title='bbox 356 1390 547 1477; x_wconf 84' lang='lat' dir='ltr'>excipiendo</span> <span class='ocrx_word' id='word_1_66' title='bbox 569 1392 677 1477; x_wconf 87' lang='lat' dir='ltr'>aliquo</span> <span class='ocrx_word' id='word_1_67' title='bbox 699 1412 838 1459; x_wconf 89' lang='lat' dir='ltr'>recursu</span> <span class='ocrx_word' id='word_1_68' title='bbox 868 1392 1035 1458; x_wconf 81' lang='lat' dir='ltr'>inferioris</span> <span class='ocrx_word' id='word_1_69' title='bbox 1066 1398 1182 1457; x_wconf 86' lang='lat' dir='ltr'>contra</span> <span class='ocrx_word' id='word_1_70' title='bbox 1211 1410 1306 1457; x_wconf 87' lang='lat' dir='ltr'>suum</span> <span class='ocrx_word' id='word_1_71' title='bbox 1329 1388 1527 1457; x_wconf 86' lang='lat' dir='ltr'>Ordinarium</span> 
     </span>
     <span class='ocr_line' id='line_1_11' title="bbox 354 1508 1527 1599; baseline -0.006 -20"><span class='ocrx_word' id='word_1_72' title='bbox 354 1518 412 1579; x_wconf 88' lang='lat' dir='ltr'>aut</span> <span class='ocrx_word' id='word_1_73' title='bbox 433 1516 502 1581; x_wconf 89' lang='lat' dir='ltr'>eius</span> <span class='ocrx_word' id='word_1_74' title='bbox 525 1513 985 1587; x_wconf 81' lang='lat' dir='ltr'>VicariunnGene1·alem,vel</span> <span class='ocrx_word' id='word_1_75' title='bbox 1008 1515 1105 1579; x_wconf 90' lang='lat' dir='ltr'>etiam</span> <span class='ocrx_word' id='word_1_76' title='bbox 1120 1514 1305 1599; x_wconf 88' lang='lat' dir='ltr'>Superioris</span> <span class='ocrx_word' id='word_1_77' title='bbox 1328 1516 1444 1577; x_wconf 90' lang='lat' dir='ltr'>contra</span> <span class='ocrx_word' id='word_1_78' title='bbox 1465 1508 1527 1574; x_wconf 89' lang='lat' dir='ltr'>sub-</span> 
     </span>
     <span class='ocr_line' id='line_1_12' title="bbox 354 1640 1528 1727; baseline -0.003 -20"><span class='ocrx_word' id='word_1_79' title='bbox 354 1640 457 1707; x_wconf 92' lang='lat' dir='ltr'>ditum</span> <span class='ocrx_word' id='word_1_80' title='bbox 488 1640 654 1709; x_wconf 84' lang='lat' dir='ltr'>rebellem.</span> <span class='ocrx_word' id='word_1_81' title='bbox 679 1642 725 1707; x_wconf 89' lang='lat' dir='ltr'>De</span> <span class='ocrx_word' id='word_1_82' title='bbox 749 1643 846 1723; x_wconf 88' lang='lat' dir='ltr'>Luca,</span> <span class='ocrx_word' id='word_1_83' title='bbox 869 1642 908 1708; x_wconf 81' lang='lat' dir='ltr'>in</span> <span class='ocrx_word' id='word_1_84' title='bbox 931 1642 1021 1711; x_wconf 81' lang='lat' dir='ltr'>Dino.</span> <span class='ocrx_word' id='word_1_85' title='bbox 1046 1642 1119 1709; x_wconf 86' lang='lat' dir='ltr'>ium</span> <span class='ocrx_word' id='word_1_86' title='bbox 1141 1642 1195 1709; x_wconf 85' lang='lat' dir='ltr'>cit.</span> <span class='ocrx_word' id='word_1_87' title='bbox 1218 1663 1254 1708; x_wconf 72' lang='lat' dir='ltr'>m</span> <span class='ocrx_word' id='word_1_88' title='bbox 1278 1640 1311 1717; x_wconf 90' lang='lat'>8,</span> <span class='ocrx_word' id='word_1_89' title='bbox 1328 1641 1374 1706; x_wconf 89' lang='lat' dir='ltr'>ita</span> <span class='ocrx_word' id='word_1_90' title='bbox 1397 1640 1528 1727; x_wconf 84' lang='lat' dir='ltr'>explicat</span> 
     </span>
     <span class='ocr_line' id='line_1_13' title="bbox 355 1761 1526 1849; baseline -0.002 -22"><span class='ocrx_word' id='word_1_91' title='bbox 355 1761 525 1827; x_wconf 84' lang='lat' dir='ltr'>relativam</span> <span class='ocrx_word' id='word_1_92' title='bbox 548 1764 694 1849; x_wconf 82' lang='lat' dir='ltr'>praxim:</span> <span class='ocrx_word' id='word_1_93' title='bbox 721 1762 876 1828; x_wconf 80' lang='lat' dir='ltr'>«Habito</span> <span class='ocrx_word' id='word_1_94' title='bbox 900 1764 1001 1849; x_wconf 90' lang='lat' dir='ltr'>igitur</span> <span class='ocrx_word' id='word_1_95' title='bbox 1023 1782 1162 1828; x_wconf 90' lang='lat' dir='ltr'>recursu</span> <span class='ocrx_word' id='word_1_96' title='bbox 1184 1781 1244 1847; x_wconf 89' lang='lat' dir='ltr'>per</span> <span class='ocrx_word' id='word_1_97' title='bbox 1267 1781 1322 1827; x_wconf 91' lang='lat' dir='ltr'>eos</span> <span class='ocrx_word' id='word_1_98' title='bbox 1345 1762 1400 1846; x_wconf 93' lang='lat' dir='ltr'>qui</span> <span class='ocrx_word' id='word_1_99' title='bbox 1415 1780 1526 1845; x_wconf 87' lang='lat' dir='ltr'>segm-</span> 
     </span>
     <span class='ocr_line' id='line_1_14' title="bbox 356 1884 1528 1976; baseline -0.001 -26"><span class='ocrx_word' id='word_1_100' title='bbox 356 1890 448 1951; x_wconf 86' lang='lat' dir='ltr'>vatos</span> <span class='ocrx_word' id='word_1_101' title='bbox 471 1886 621 1966; x_wconf 88' lang='lat' dir='ltr'>sentiant,</span> <span class='ocrx_word' id='word_1_102' title='bbox 636 1904 697 1971; x_wconf 90' lang='lat' dir='ltr'>per</span> <span class='ocrx_word' id='word_1_103' title='bbox 712 1887 798 1951; x_wconf 84' lang='lat' dir='ltr'>viam</span> <span class='ocrx_word' id='word_1_104' title='bbox 814 1886 969 1973; x_wconf 84' lang='lat' dir='ltr'>supplicis</span> <span class='ocrx_word' id='word_1_105' title='bbox 982 1885 1082 1951; x_wconf 92' lang='lat' dir='ltr'>libelli</span> <span class='ocrx_word' id='word_1_106' title='bbox 1102 1887 1137 1950; x_wconf 93' lang='lat' dir='ltr'>in</span> <span class='ocrx_word' id='word_1_107' title='bbox 1161 1885 1267 1953; x_wconf 83' lang='lat' dir='ltr'>forma</span> <span class='ocrx_word' id='word_1_108' title='bbox 1290 1884 1528 1976; x_wconf 70' lang='lat' dir='ltr'>extraiudiciali</span> 
     </span>
     <span class='ocr_line' id='line_1_15' title="bbox 353 2010 1528 2098; baseline -0.003 -21"><span class='ocrx_word' id='word_1_109' title='bbox 353 2010 457 2097; x_wconf 78' lang='lat' dir='ltr'>stylus</span> <span class='ocrx_word' id='word_1_110' title='bbox 480 2016 528 2077; x_wconf 90' lang='lat' dir='ltr'>est</span> <span class='ocrx_word' id='word_1_111' title='bbox 551 2010 635 2096; x_wconf 94' lang='lat' dir='ltr'>quod</span> <span class='ocrx_word' id='word_1_112' title='bbox 658 2011 821 2077; x_wconf 89' lang='lat' dir='ltr'>scribatur</span> <span class='ocrx_word' id='word_1_113' title='bbox 844 2010 979 2098; x_wconf 91' lang='lat' dir='ltr'>epistola</span> <span class='ocrx_word' id='word_1_114' title='bbox 1001 2011 1180 2083; x_wconf 80' lang='lat' dir='ltr'>familiaris,</span> <span class='ocrx_word' id='word_1_115' title='bbox 1192 2010 1378 2097; x_wconf 87' lang='lat' dir='ltr'>subscripta</span> <span class='ocrx_word' id='word_1_116' title='bbox 1400 2030 1421 2075; x_wconf 93' lang='lat' dir='ltr'>a</span> <span class='ocrx_word' id='word_1_117' title='bbox 1440 2010 1528 2074; x_wconf 82' lang='lat' dir='ltr'>Prae</span> 
     </span>
     <span class='ocr_line' id='line_1_16' title="bbox 352 2134 1528 2221; baseline -0.002 -22"><span class='ocrx_word' id='word_1_118' title='bbox 352 2134 439 2199; x_wconf 85' lang='lat' dir='ltr'>lecto</span> <span class='ocrx_word' id='word_1_119' title='bbox 463 2139 497 2200; x_wconf 93' lang='lat' dir='ltr'>et</span> <span class='ocrx_word' id='word_1_120' title='bbox 520 2134 705 2203; x_wconf 87' lang='lat' dir='ltr'>Secretario</span> <span class='ocrx_word' id='word_1_121' title='bbox 729 2136 859 2201; x_wconf 90' lang='lat' dir='ltr'>nomine</span> <span class='ocrx_word' id='word_1_122' title='bbox 883 2135 1160 2221; x_wconf 85' lang='lat' dir='ltr'>Congregationis,</span> <span class='ocrx_word' id='word_1_123' title='bbox 1182 2135 1342 2220; x_wconf 81' lang='lat' dir='ltr'>Episcopo</span> <span class='ocrx_word' id='word_1_124' title='bbox 1365 2134 1419 2199; x_wconf 88' lang='lat' dir='ltr'>vel</span> <span class='ocrx_word' id='word_1_125' title='bbox 1442 2134 1528 2198; x_wconf 87' lang='lat' dir='ltr'>alteri</span> 
     </span>
     <span class='ocr_line' id='line_1_17' title="bbox 353 2260 1531 2350; baseline -0.002 -21"><span class='ocrx_word' id='word_1_126' title='bbox 353 2260 522 2349; x_wconf 89' lang='lat' dir='ltr'>Superiori</span> <span class='ocrx_word' id='word_1_127' title='bbox 552 2265 644 2329; x_wconf 84' lang='lat' dir='ltr'>iuxta</span> <span class='ocrx_word' id='word_1_128' title='bbox 674 2264 860 2348; x_wconf 82' lang='lat' dir='ltr'>qualitatem</span> <span class='ocrx_word' id='word_1_129' title='bbox 893 2283 1052 2350; x_wconf 82' lang='lat' dir='ltr'>personae</span> <span class='ocrx_word' id='word_1_130' title='bbox 1081 2262 1260 2329; x_wconf 88' lang='lat' dir='ltr'>saecularis</span> <span class='ocrx_word' id='word_1_131' title='bbox 1290 2267 1347 2329; x_wconf 89' lang='lat' dir='ltr'>aut</span> <span class='ocrx_word' id='word_1_132' title='bbox 1379 2262 1531 2349; x_wconf 88' lang='lat' dir='ltr'>regularis</span> 
     </span>
     <span class='ocr_line' id='line_1_18' title="bbox 352 2384 1531 2471; baseline -0.002 -22"><span class='ocrx_word' id='word_1_133' title='bbox 352 2404 426 2449; x_wconf 88' lang='lat' dir='ltr'>cum</span> <span class='ocrx_word' id='word_1_134' title='bbox 450 2385 628 2453; x_wconf 83' lang='lat' dir='ltr'>insertione</span> <span class='ocrx_word' id='word_1_135' title='bbox 651 2386 762 2471; x_wconf 89' lang='lat' dir='ltr'>copiae</span> <span class='ocrx_word' id='word_1_136' title='bbox 785 2384 887 2450; x_wconf 93' lang='lat' dir='ltr'>libelli</span> <span class='ocrx_word' id='word_1_137' title='bbox 911 2384 1051 2471; x_wconf 87' lang='lat' dir='ltr'>desuper</span> <span class='ocrx_word' id='word_1_138' title='bbox 1065 2387 1200 2471; x_wconf 89' lang='lat' dir='ltr'>peracti,</span> <span class='ocrx_word' id='word_1_139' title='bbox 1213 2389 1249 2450; x_wconf 93' lang='lat' dir='ltr'>ut</span> <span class='ocrx_word' id='word_1_140' title='bbox 1265 2404 1366 2471; x_wconf 87' lang='lat' dir='ltr'>super</span> <span class='ocrx_word' id='word_1_141' title='bbox 1381 2384 1531 2451; x_wconf 81' lang='lat' dir='ltr'>contentis</span> 
     </span>
     <span class='ocr_line' id='line_1_19' title="bbox 350 2507 1529 2607; baseline -0.003 -34"><span class='ocrx_word' id='word_1_142' title='bbox 350 2511 384 2573; x_wconf 92' lang='lat' dir='ltr'>in</span> <span class='ocrx_word' id='word_1_143' title='bbox 408 2528 447 2575; x_wconf 91' lang='lat' dir='ltr'>eo</span> <span class='ocrx_word' id='word_1_144' title='bbox 471 2509 606 2576; x_wconf 87' lang='lat' dir='ltr'>Sacram</span> <span class='ocrx_word' id='word_1_145' title='bbox 629 2508 924 2595; x_wconf 81' lang='lat' dir='ltr'>congregationem</span> <span class='ocrx_word' id='word_1_146' title='bbox 947 2510 1150 2577; x_wconf 78' lang='lat' dir='ltr'>informet».</span> <span class='ocrx_word' id='word_1_147' title='bbox 1167 2509 1231 2575; x_wconf 88' lang='lat' dir='ltr'>Sed</span> <span class='ocrx_word' id='word_1_148' title='bbox 1245 2528 1311 2607; x_wconf 89' lang='lat' dir='ltr'>non</span> <span class='ocrx_word' id='word_1_149' title='bbox 1326 2510 1372 2573; x_wconf 90' lang='lat' dir='ltr'>ita</span> <span class='ocrx_word' id='word_1_150' title='bbox 1388 2507 1529 2594; x_wconf 86' lang='lat' dir='ltr'>expedita</span> 
     </span>
     <span class='ocr_line' id='line_1_20' title="bbox 351 2628 1529 2728; baseline -0.004 -29"><span class='ocrx_word' id='word_1_151' title='bbox 351 2654 408 2699; x_wconf 88' lang='lat' dir='ltr'>res</span> <span class='ocrx_word' id='word_1_152' title='bbox 431 2638 490 2709; x_wconf 88' lang='lat' dir='ltr'>est,</span> <span class='ocrx_word' id='word_1_153' title='bbox 511 2632 638 2728; x_wconf 88' lang='lat' dir='ltr'>quando</span> <span class='ocrx_word' id='word_1_154' title='bbox 659 2632 852 2700; x_wconf 89' lang='lat' dir='ltr'>Ordinarins</span> <span class='ocrx_word' id='word_1_155' title='bbox 871 2632 925 2698; x_wconf 85' lang='lat' dir='ltr'>vel</span> <span class='ocrx_word' id='word_1_156' title='bbox 944 2633 1027 2727; x_wconf 86' lang='lat' dir='ltr'>alius</span> <span class='ocrx_word' id='word_1_157' title='bbox 1045 2633 1210 2720; x_wconf 86' lang='lat' dir='ltr'>Superior,</span> <span class='ocrx_word' id='word_1_158' title='bbox 1231 2632 1285 2718; x_wconf 90' lang='lat' dir='ltr'>qui</span> <span class='ocrx_word' id='word_1_159' title='bbox 1309 2630 1350 2696; x_wconf 92' lang='lat' dir='ltr'>de</span> <span class='ocrx_word' id='word_1_160' title='bbox 1372 2650 1461 2696; x_wconf 90' lang='lat' dir='ltr'>more</span> <span class='ocrx_word' id='word_1_161' title='bbox 1484 2628 1529 2695; x_wconf 83' lang='lat' dir='ltr'>de</span> 
     </span>
     <span class='ocr_line' id='line_1_21' title="bbox 352 2755 1525 2845; baseline -0.005 -22"><span class='ocrx_word' id='word_1_162' title='bbox 352 2756 446 2823; x_wconf 90' lang='lat' dir='ltr'>beret</span> <span class='ocrx_word' id='word_1_163' title='bbox 469 2758 598 2823; x_wconf 86' lang='lat' dir='ltr'>referre</span> <span class='ocrx_word' id='word_1_164' title='bbox 620 2755 870 2845; x_wconf 86' lang='lat' dir='ltr'>Congregationi</span> <span class='ocrx_word' id='word_1_165' title='bbox 894 2778 985 2822; x_wconf 89' lang='lat' dir='ltr'>snam</span> <span class='ocrx_word' id='word_1_166' title='bbox 1012 2759 1206 2824; x_wconf 89' lang='lat' dir='ltr'>sententiam</span> <span class='ocrx_word' id='word_1_167' title='bbox 1236 2758 1327 2824; x_wconf 89' lang='lat' dir='ltr'>circa</span> <span class='ocrx_word' id='word_1_168' title='bbox 1355 2774 1525 2825; x_wconf 85' lang='lat' dir='ltr'>recursum,</span> 
     </span>
     <span class='ocr_line' id='line_1_22' title="bbox 350 2881 1528 2969; baseline -0.003 -22"><span class='ocrx_word' id='word_1_169' title='bbox 350 2884 421 2969; x_wconf 90' lang='lat' dir='ltr'>ipse</span> <span class='ocrx_word' id='word_1_170' title='bbox 436 2890 485 2950; x_wconf 90' lang='lat' dir='ltr'>est</span> <span class='ocrx_word' id='word_1_171' title='bbox 502 2890 617 2949; x_wconf 90' lang='lat' dir='ltr'>contra</span> <span class='ocrx_word' id='word_1_172' title='bbox 632 2904 727 2969; x_wconf 89' lang='lat' dir='ltr'>quem</span> <span class='ocrx_word' id='word_1_173' title='bbox 741 2885 944 2949; x_wconf 82' lang='lat' dir='ltr'>recurritur:</span> <span class='ocrx_word' id='word_1_174' title='bbox 970 2882 1127 2967; x_wconf 91' lang='lat' dir='ltr'>quomodo</span> <span class='ocrx_word' id='word_1_175' title='bbox 1143 2883 1229 2949; x_wconf 92' lang='lat' dir='ltr'>enim</span> <span class='ocrx_word' id='word_1_176' title='bbox 1249 2881 1334 2948; x_wconf 88' lang='lat' dir='ltr'>idem</span> <span class='ocrx_word' id='word_1_177' title='bbox 1353 2884 1528 2948; x_wconf 75' lang='lat' dir='ltr'>conventus</span> 
     </span>
     <span class='ocr_line' id='line_1_23' title="bbox 352 3004 1528 3093; baseline -0.004 -22"><span class='ocrx_word' id='word_1_178' title='bbox 352 3026 412 3071; x_wconf 89' lang='lat' dir='ltr'>seu</span> <span class='ocrx_word' id='word_1_179' title='bbox 439 3026 539 3091; x_wconf 78' lang='lat' dir='ltr'>reus,</span> <span class='ocrx_word' id='word_1_180' title='bbox 564 3008 628 3073; x_wconf 89' lang='lat' dir='ltr'>erit</span> <span class='ocrx_word' id='word_1_181' title='bbox 649 3004 756 3073; x_wconf 79' lang='lat' dir='ltr'>iudea</span> <span class='ocrx_word' id='word_1_182' title='bbox 778 3011 811 3071; x_wconf 91' lang='lat' dir='ltr'>et</span> <span class='ocrx_word' id='word_1_183' title='bbox 833 3007 923 3073; x_wconf 79' lang='lat' dir='ltr'>testis</span> <span class='ocrx_word' id='word_1_184' title='bbox 945 3009 979 3072; x_wconf 91' lang='lat' dir='ltr'>io</span> <span class='ocrx_word' id='word_1_185' title='bbox 1002 3027 1101 3073; x_wconf 89' lang='lat' dir='ltr'>causa</span> <span class='ocrx_word' id='word_1_186' title='bbox 1123 3004 1276 3093; x_wconf 72' lang='lat' dir='ltr'>propria?</span> <span class='ocrx_word' id='word_1_187' title='bbox 1304 3005 1347 3070; x_wconf 81' lang='lat' dir='ltr'>Et</span> <span class='ocrx_word' id='word_1_188' title='bbox 1375 3024 1436 3091; x_wconf 91' lang='lat' dir='ltr'>pro</span> <span class='ocrx_word' id='word_1_189' title='bbox 1465 3005 1528 3068; x_wconf 85' lang='lat' dir='ltr'>istis</span> 
     </span>
     <span class='ocr_line' id='line_1_24' title="bbox 352 3125 1527 3215; baseline -0.003 -23"><span class='ocrx_word' id='word_1_190' title='bbox 352 3132 387 3192; x_wconf 90' lang='lat' dir='ltr'>et</span> <span class='ocrx_word' id='word_1_191' title='bbox 411 3128 567 3195; x_wconf 89' lang='lat' dir='ltr'>similibus</span> <span class='ocrx_word' id='word_1_192' title='bbox 591 3128 717 3195; x_wconf 90' lang='lat' dir='ltr'>casibus</span> <span class='ocrx_word' id='word_1_193' title='bbox 746 3129 791 3194; x_wconf 89' lang='lat' dir='ltr'>ita</span> <span class='ocrx_word' id='word_1_194' title='bbox 817 3148 942 3193; x_wconf 92' lang='lat' dir='ltr'>morem</span> <span class='ocrx_word' id='word_1_195' title='bbox 973 3128 1168 3215; x_wconf 90' lang='lat' dir='ltr'>procedendi</span> <span class='ocrx_word' id='word_1_196' title='bbox 1200 3127 1343 3214; x_wconf 81' lang='lat' dir='ltr'>explicat</span> <span class='ocrx_word' id='word_1_197' title='bbox 1365 3125 1459 3192; x_wconf 88' lang='lat' dir='ltr'>Card.</span> <span class='ocrx_word' id='word_1_198' title='bbox 1488 3126 1527 3189; x_wconf 82' lang='lat' dir='ltr'>lle</span> 
     </span>
     <span class='ocr_line' id='line_1_25' title="bbox 348 3246 1525 3337; baseline -0.003 -24"><span class='ocrx_word' id='word_1_199' title='bbox 348 3246 439 3313; x_wconf 87' lang='lat' dir='ltr'>Luca</span> <span class='ocrx_word' id='word_1_200' title='bbox 455 3250 477 3315; x_wconf 87' lang='lat' dir='ltr'>i.</span> <span class='ocrx_word' id='word_1_201' title='bbox 493 3268 521 3315; x_wconf 89' lang='lat' dir='ltr'>c.</span> <span class='ocrx_word' id='word_1_202' title='bbox 538 3268 573 3314; x_wconf 76' lang='lat' dir='ltr'>a.</span> <span class='ocrx_word' id='word_1_203' title='bbox 589 3249 654 3315; x_wconf 88' lang='lat'><em>10.-</em></span> <span class='ocrx_word' id='word_1_204' title='bbox 679 3270 698 3315; x_wconf 84' lang='lat'>‹</span> <span class='ocrx_word' id='word_1_205' title='bbox 715 3250 774 3318; x_wconf 93' lang='lat' dir='ltr'>Ubi</span> <span class='ocrx_word' id='word_1_206' title='bbox 790 3270 871 3315; x_wconf 82' lang='lat' dir='ltr'>vero</span> <span class='ocrx_word' id='word_1_207' title='bbox 887 3250 943 3317; x_wconf 89' lang='lat' dir='ltr'>ille</span> <span class='ocrx_word' id='word_1_208' title='bbox 967 3270 988 3315; x_wconf 90' lang='lat' dir='ltr'>a</span> <span class='ocrx_word' id='word_1_209' title='bbox 1010 3269 1073 3335; x_wconf 91' lang='lat' dir='ltr'>quo</span> <span class='ocrx_word' id='word_1_210' title='bbox 1094 3252 1216 3337; x_wconf 90' lang='lat' dir='ltr'>petitur</span> <span class='ocrx_word' id='word_1_211' title='bbox 1240 3248 1436 3325; x_wconf 81' lang='lat' dir='ltr'>informatio,</span> <span class='ocrx_word' id='word_1_212' title='bbox 1461 3266 1525 3311; x_wconf 88' lang='lat' dir='ltr'>eam</span> 
     </span>
     <span class='ocr_line' id='line_1_26' title="bbox 348 3369 1526 3459; baseline -0.004 -23"><span class='ocrx_word' id='word_1_213' title='bbox 348 3371 496 3457; x_wconf 89' lang='lat' dir='ltr'>negligat</span> <span class='ocrx_word' id='word_1_214' title='bbox 513 3372 583 3437; x_wconf 87' lang='lat' dir='ltr'>sive</span> <span class='ocrx_word' id='word_1_215' title='bbox 598 3372 832 3457; x_wconf 84' lang='lat' dir='ltr'>praetendatur</span> <span class='ocrx_word' id='word_1_216' title='bbox 848 3372 934 3457; x_wconf 88' lang='lat' dir='ltr'>quod</span> <span class='ocrx_word' id='word_1_217' title='bbox 949 3373 1088 3439; x_wconf 86' lang='lat' dir='ltr'>alterata</span> <span class='ocrx_word' id='word_1_218' title='bbox 1102 3374 1271 3457; x_wconf 90' lang='lat' dir='ltr'>minusque</span> <span class='ocrx_word' id='word_1_219' title='bbox 1285 3391 1368 3438; x_wconf 88' lang='lat' dir='ltr'>vera</span> <span class='ocrx_word' id='word_1_220' title='bbox 1383 3369 1458 3439; x_wconf 89' lang='lat' dir='ltr'>data</span> <span class='ocrx_word' id='word_1_221' title='bbox 1471 3369 1526 3459; x_wconf 70' lang='lat' dir='ltr'>sit3</span> 
     </span>
     <span class='ocr_line' id='line_1_27' title="bbox 348 3493 1521 3581; baseline -0.006 -22"><span class='ocrx_word' id='word_1_222' title='bbox 348 3498 427 3561; x_wconf 89' lang='lat' dir='ltr'>tunc</span> <span class='ocrx_word' id='word_1_223' title='bbox 451 3495 604 3560; x_wconf 88' lang='lat' dir='ltr'>committi</span> <span class='ocrx_word' id='word_1_224' title='bbox 629 3494 712 3563; x_wconf 90' lang='lat' dir='ltr'>solet</span> <span class='ocrx_word' id='word_1_225' title='bbox 733 3495 831 3560; x_wconf 86' lang='lat' dir='ltr'>alicui</span> <span class='ocrx_word' id='word_1_226' title='bbox 855 3496 1014 3581; x_wconf 83' lang='lat' dir='ltr'>Episcopo</span> <span class='ocrx_word' id='word_1_227' title='bbox 1037 3496 1185 3561; x_wconf 85' lang='lat' dir='ltr'>viciniori</span> <span class='ocrx_word' id='word_1_228' title='bbox 1209 3494 1261 3559; x_wconf 88' lang='lat' dir='ltr'>vel</span> <span class='ocrx_word' id='word_1_229' title='bbox 1280 3493 1521 3579; x_wconf 77' lang='lat' dir='ltr'>Metropolitum</span> 
     </span>
     <span class='ocr_line' id='line_1_28' title="bbox 347 3618 1519 3715; baseline -0.006 -30"><span class='ocrx_word' id='word_1_230' title='bbox 347 3624 406 3685; x_wconf 89' lang='lat' dir='ltr'>aut</span> <span class='ocrx_word' id='word_1_231' title='bbox 427 3620 524 3685; x_wconf 89' lang='lat' dir='ltr'>alteri</span> <span class='ocrx_word' id='word_1_232' title='bbox 548 3638 706 3711; x_wconf 89' lang='lat' dir='ltr'>personae</span> <span class='ocrx_word' id='word_1_233' title='bbox 733 3618 936 3707; x_wconf 87' lang='lat' dir='ltr'>qualificatae</span> <span class='ocrx_word' id='word_1_234' title='bbox 960 3620 992 3684; x_wconf 92' lang='lat' dir='ltr'>in</span> <span class='ocrx_word' id='word_1_235' title='bbox 1016 3619 1161 3715; x_wconf 88' lang='lat' dir='ltr'>partibus</span> <span class='ocrx_word' id='word_1_236' title='bbox 1190 3624 1227 3685; x_wconf 91' lang='lat' dir='ltr'>ut</span> <span class='ocrx_word' id='word_1_237' title='bbox 1256 3618 1395 3705; x_wconf 86' lang='lat' dir='ltr'>desuper</span> <span class='ocrx_word' id='word_1_238' title='bbox 1418 3637 1455 3681; x_wconf 91' lang='lat' dir='ltr'>re</span> <span class='ocrx_word' id='word_1_239' title='bbox 1476 3618 1519 3679; x_wconf 91' lang='lat' dir='ltr'>in·</span> 
     </span>
     <span class='ocr_line' id='line_1_29' title="bbox 345 3735 1524 3833; baseline -0.006 -23"><span class='ocrx_word' id='word_1_240' title='bbox 345 3744 468 3811; x_wconf 82' lang='lat' dir='ltr'>formet</span> <span class='ocrx_word' id='word_1_241' title='bbox 482 3750 579 3831; x_wconf 89' lang='lat' dir='ltr'>atque</span> <span class='ocrx_word' id='word_1_242' title='bbox 594 3766 708 3812; x_wconf 87' lang='lat' dir='ltr'>sacrae</span> <span class='ocrx_word' id='word_1_243' title='bbox 724 3744 974 3833; x_wconf 80' lang='lat' dir='ltr'>congregationi</span> <span class='ocrx_word' id='word_1_244' title='bbox 998 3746 1138 3821; x_wconf 64' lang='lat' dir='ltr'>referam</span> <span class='ocrx_word' id='word_1_245' title='bbox 1161 3735 1214 3811; x_wconf 82' lang='lat' dir='ltr'>ac&#39;</span> <span class='ocrx_word' id='word_1_246' title='bbox 1224 3740 1524 3831; x_wconf 20' lang='lat' dir='ltr'>etiamlqnandoque</span> 
     </span>
     <span class='ocr_line' id='line_1_30' title="bbox 345 3869 1519 3957; baseline -0.005 -21"><span class='ocrx_word' id='word_1_247' title='bbox 345 3890 405 3956; x_wconf 89' lang='lat' dir='ltr'>pro</span> <span class='ocrx_word' id='word_1_248' title='bbox 438 3872 647 3955; x_wconf 85' lang='lat' dir='ltr'>negociorum</span> <span class='ocrx_word' id='word_1_249' title='bbox 678 3872 832 3957; x_wconf 86' lang='lat' dir='ltr'>qualitate</span> <span class='ocrx_word' id='word_1_250' title='bbox 862 3872 1020 3938; x_wconf 85' lang='lat' dir='ltr'>committi</span> <span class='ocrx_word' id='word_1_251' title='bbox 1051 3871 1158 3938; x_wconf 91' lang='lat' dir='ltr'>solent</span> <span class='ocrx_word' id='word_1_252' title='bbox 1180 3872 1342 3937; x_wconf 88' lang='lat' dir='ltr'>Praelatis</span> <span class='ocrx_word' id='word_1_253' title='bbox 1364 3888 1403 3933; x_wconf 94' lang='lat' dir='ltr'>ao</span> <span class='ocrx_word' id='word_1_254' title='bbox 1431 3869 1519 3932; x_wconf 88' lang='lat' dir='ltr'>etiam</span> 
     </span>
     <span class='ocr_line' id='line_1_31' title="bbox 347 3995 1524 4084; baseline -0.005 -22"><span class='ocrx_word' id='word_1_255' title='bbox 347 3996 521 4083; x_wconf 89' lang='lat' dir='ltr'>Religiosis</span> <span class='ocrx_word' id='word_1_256' title='bbox 552 3997 687 4083; x_wconf 88' lang='lat' dir='ltr'>aliisque</span> <span class='ocrx_word' id='word_1_257' title='bbox 718 3997 863 4084; x_wconf 89' lang='lat' dir='ltr'>probatis</span> <span class='ocrx_word' id='word_1_258' title='bbox 893 4000 972 4065; x_wconf 85' lang='lat' dir='ltr'>viris</span> <span class='ocrx_word' id='word_1_259' title='bbox 1004 3998 1251 4065; x_wconf 86' lang='lat' dir='ltr'>informationes</span> <span class='ocrx_word' id='word_1_260' title='bbox 1282 4003 1377 4083; x_wconf 90' lang='lat' dir='ltr'>atque</span> <span class='ocrx_word' id='word_1_261' title='bbox 1398 3995 1524 4062; x_wconf 89' lang='lat' dir='ltr'>relatio-</span> 
     </span>
     <span class='ocr_line' id='line_1_32' title="bbox 343 4120 1521 4210; baseline -0.005 -24"><span class='ocrx_word' id='word_1_262' title='bbox 343 4140 401 4187; x_wconf 88' lang='lat' dir='ltr'>nes</span> <span class='ocrx_word' id='word_1_263' title='bbox 425 4122 619 4208; x_wconf 76' lang='lat' dir='ltr'>scriptae».</span> <span class='ocrx_word' id='word_1_264' title='bbox 644 4122 740 4188; x_wconf 86' lang='lat' dir='ltr'>Ratio</span> <span class='ocrx_word' id='word_1_265' title='bbox 762 4128 872 4188; x_wconf 90' lang='lat' dir='ltr'>autem</span> <span class='ocrx_word' id='word_1_266' title='bbox 890 4123 1088 4210; x_wconf 90' lang='lat' dir='ltr'>procedendi</span> <span class='ocrx_word' id='word_1_267' title='bbox 1105 4122 1408 4195; x_wconf 75' lang='lat' dir='ltr'>extraiudieialitem</span> <span class='ocrx_word' id='word_1_268' title='bbox 1433 4120 1521 4186; x_wconf 87' lang='lat' dir='ltr'>etiam</span> 
     </span>
    </p>
   </div>
   <div class='ocr_carea' id='block_1_3' title="bbox 342 4243 1525 4333">
    <p class='ocr_par' dir='ltr' id='par_1_4' title="bbox 342 4243 1525 4333">
     <span class='ocr_line' id='line_1_33' title="bbox 342 4243 1525 4333; baseline 0.001 -23"><span class='ocrx_word' id='word_1_269' title='bbox 342 4264 403 4331; x_wconf 90' lang='lat' dir='ltr'>par</span> <span class='ocrx_word' id='word_1_270' title='bbox 427 4250 573 4315; x_wconf 83' lang='lat' dir='ltr'>secretas</span> <span class='ocrx_word' id='word_1_271' title='bbox 596 4247 842 4314; x_wconf 83' lang='lat' dir='ltr'>informationes</span> <span class='ocrx_word' id='word_1_272' title='bbox 864 4250 1028 4330; x_wconf 85' lang='lat' dir='ltr'>servatur,</span> <span class='ocrx_word' id='word_1_273' title='bbox 1049 4250 1189 4313; x_wconf 79' lang='lat' dir='ltr'>maxime</span> <span class='ocrx_word' id='word_1_274' title='bbox 1212 4250 1245 4313; x_wconf 92' lang='lat' dir='ltr'>iu</span> <span class='ocrx_word' id='word_1_275' title='bbox 1268 4248 1376 4313; x_wconf 87' lang='lat' dir='ltr'>causis</span> <span class='ocrx_word' id='word_1_276' title='bbox 1398 4243 1525 4333; x_wconf 75' lang='lat' dir='ltr'>privatis</span> 
     </span>
    </p>
   </div>
   <div class='ocr_carea' id='block_1_4' title="bbox 346 4372 1522 4462">
    <p class='ocr_par' dir='ltr' id='par_1_5' title="bbox 346 4372 1522 4462">
     <span class='ocr_line' id='line_1_34' title="bbox 346 4372 1522 4462; baseline -0.002 -26"><span class='ocrx_word' id='word_1_277' title='bbox 346 4372 433 4436; x_wconf 89' lang='lat' dir='ltr'>inter</span> <span class='ocrx_word' id='word_1_278' title='bbox 447 4372 535 4458; x_wconf 91' lang='lat' dir='ltr'>ipsos</span> <span class='ocrx_word' id='word_1_279' title='bbox 551 4372 735 4460; x_wconf 88' lang='lat' dir='ltr'>Regulares</span> <span class='ocrx_word' id='word_1_280' title='bbox 751 4378 808 4440; x_wconf 90' lang='lat' dir='ltr'>aut</span> <span class='ocrx_word' id='word_1_281' title='bbox 822 4375 857 4439; x_wconf 90' lang='lat' dir='ltr'>in</span> <span class='ocrx_word' id='word_1_282' title='bbox 875 4393 988 4440; x_wconf 91' lang='lat' dir='ltr'>eorum</span> <span class='ocrx_word' id='word_1_283' title='bbox 1005 4374 1191 4441; x_wconf 90' lang='lat' dir='ltr'>recursibus</span> <span class='ocrx_word' id='word_1_284' title='bbox 1204 4379 1321 4441; x_wconf 88' lang='lat' dir='ltr'>contra</span> <span class='ocrx_word' id='word_1_285' title='bbox 1333 4373 1522 4462; x_wconf 82' lang='lat' dir='ltr'>Superiores</span> 
     </span>
    </p>
   </div>
   <div class='ocr_carea' id='block_1_5' title="bbox 0 0 1650 5109">
    <p class='ocr_par' dir='ltr' id='par_1_6' title="bbox 0 0 1650 5109">
     <span class='ocr_line' id='line_1_35' title="bbox 0 0 1650 5109; baseline 0 4"><span class='ocrx_word' id='word_1_286' title='bbox 0 0 1650 5109; x_wconf 95' lang='lat' dir='ltr'> </span> 
     </span>
    </p>
   </div>
  </div>
 </body>
</html>
