3292 5109
756 551 908 617 CAPUT.
934 552 978 617 11.

310 762 355 810 DE
377 762 626 811 TRIBUNALIBUS
650 762 917 811 accusatasrwls
940 763 984 811 AD
1008 762 1154 813 INVIOEM
1179 761 1429 810 corrsmmterls.

280 952 497 1012 Summarium.
513 984 551 999 -
567 955 628 1010 319.
648 956 812 1010 Tribuualia
825 956 948 1011 eiusdem
962 956 1067 1010 ordinis
1081 954 1259 1021 hierarchici,
1272 954 1464 1009 materialiter

367 1064 479 1115 tentum
496 1063 562 1114 sunt
579 1059 727 1124 distincta3
744 1075 816 1130 quaa
835 1059 937 1113 diversi
961 1059 1066 1115 ordinis
1084 1064 1157 1126 suut,
1175 1061 1340 1131 formaliter
1361 1058 1459 1112 distin·

333 1210 337 1220 ,
369 1166 615 1237 gramma-320.
623 1166 769 1237 inferiora
777 1171 843 1221 sunt
852 1166 1042 1237 superioribus
1051 1168 1233 1223 subordinate
1241 1168 1349 1221 ratione
1356 1166 1459 1236 gradus

368 1272 580 1341 competentiae.
592 1300 629 1313 -
647 1270 708 1325 321.
727 1272 863 1326 inferiora
876 1272 996 1327 eiusdem
1009 1272 1114 1326 ordinis
1126 1276 1191 1326 suut
1207 1273 1377 1337 coordinata,
1390 1268 1462 1325 adeo

367 1383 401 1432 ut
419 1396 490 1433 unus
509 1379 591 1433 iudex
609 1379 693 1435 alteri
712 1380 865 1433 subsidium
885 1384 1016 1450 praestet
1035 1409 1070 1422 -
1089 1380 1150 1434 322.
1170 1379 1358 1433 Nihilominus
1375 1378 1459 1434 iudea

367 1484 517 1555 impeditus
535 1485 564 1539 in
583 1502 633 1539 suo
658 1485 809 1550 territorio,
830 1490 922 1555 potest
939 1486 984 1539 ius
1008 1486 1100 1541 dicere
1119 1486 1148 1541 in
1166 1486 1308 1540 territorio
1332 1486 1457 1540 alterius

368 1621 402 1633 -
421 1592 482 1648 323.
504 1594 542 1649 De
566 1594 657 1649 literis
680 1596 953 1665 requisitorialihas,
978 1596 1231 1662 remissorialihus,
1257 1595 1459 1664 compulsoris·

369 1697 450 1763 libus,
469 1698 760 1752 commemorialilus.
778 1726 816 1738 -
834 1696 897 1751 324.
924 1697 963 1751 Da
982 1696 1062 1751 modo
1081 1713 1136 1769 quo
1159 1696 1317 1752 executioni
1342 1697 1458 1751 deman-

366 1782 473 1857 daudae
490 1807 557 1856 sunt
574 1802 731 1857 huiusmodi
752 1802 812 1857 sive
830 1804 1008 1858 remissiores
1027 1803 1085 1857 sive
1108 1803 1311 1873 requisitiones.
1335 1830 1370 1843 -
1394 1799 1456 1855 325.

367 1906 530 1961 Tribuualia
554 1925 627 1979 quae
651 1908 806 1962 subduntur
830 1911 939 1963 ratione
964 1910 1162 1979 competentiae
1187 1914 1253 1961 suut
1277 1906 1457 1960 subordinate

366 2010 452 2064 etiam
476 2012 585 2066 ratione
609 2012 786 2082 disciplinae.
806 2038 841 2051 -
861 2010 922 2065 326.
942 2010 1020 2063 Hanc
1038 2010 1213 2080 disciplinam
1231 2009 1356 2063 severius
1375 2011 1458 2077 urget

366 2118 519 2189 Episcopus
541 2120 600 2175 sive
624 2119 873 2190 Archiepiscopus,
893 2120 1057 2189 respective,
1076 2120 1104 2173 iu
1127 2136 1177 2172 sue
1201 2118 1320 2172 dioecesi
1339 2114 1385 2172 val
1409 2134 1458 2170 ar·

367 2225 541 2281 chidioecesi.
566 2256 600 2268 -
625 2226 685 2282 327.
711 2227 861 2288 Quaeritur
884 2244 921 2280 au
946 2227 1097 2297 Episcopus
1122 2224 1344 2279 animadvertere
1369 2222 1457 2291 possit

365 2332 395 2386 iu
414 2332 474 2386 Vic.
499 2332 677 2398 GensmIem,
696 2349 752 2403 qua
770 2332 899 2387 iudicem.
916 2360 953 2373 -
971 2331 1033 2385 328.
1055 2330 1169 2401 Triplex
1187 2330 1335 2385 sententia
1355 2328 1457 2384 Verior

365 2438 513 2508 distinguit
530 2456 625 2492 casum
644 2456 699 2511 quo
717 2440 870 2509 Episcopus
889 2438 1028 2509 particeps
1046 2439 1131 2493 tuerit
1150 2438 1248 2507 culpae
1268 2436 1330 2491 Vic.
1345 2436 1412 2490 Gen.
1425 2440 1457 2490 et

364 2546 395 2599 in
412 2546 468 2601 isto
486 2552 595 2601 tantum
613 2563 679 2600 casu
699 2546 832 2612 admittit,
844 2546 1006 2600 facultatem
1026 2545 1157 2615 puniendi
1176 2544 1334 2599 devolutam
1346 2560 1406 2599 esse
1419 2542 1456 2597 sd

365 2654 621 2725 Archiepiscopum.
635 2685 650 2695 -
664 2655 792 2709 Vicsrius
811 2660 924 2709 nonest
942 2654 1130 2710 subiciiendus
1149 2654 1328 2724 syndacatui5
1348 2658 1378 2708 at
1391 2652 1455 2722 Epi·

364 2778 448 2831 scopo
466 2761 615 2833 aliquando
633 2762 788 2832 imputatur
806 2761 889 2831 culpa
907 2760 952 2816 vel
970 2761 1049 2815 dolus
1068 2760 1181 2815 Vicarii.

364 2996 441 3061 319.
466 2994 655 3059 Tribunalia
670 2994 892 3095 ecclesiastica
908 2999 1064 3079 quatenus
1081 2996 1166 3059 inter
1189 3014 1225 3059 se
1248 2992 1394 3057 ordinem
1410 2989 1454 3056 di·

276 3126 362 3193 cunt,
386 3125 442 3184 aui
464 3125 539 3185 suut
561 3120 701 3186 eiusdem
725 3126 781 3184 aut
803 3119 924 3184 diversi
947 3119 1069 3184 ordinis
1097 3140 1154 3185 seu
1184 3118 1305 3205 gradus
1328 3118 1452 3181 hierar·

275 3244 370 3311 chici.
394 3245 428 3310 Si
452 3244 593 3308 eiusdem
608 3245 673 3309 siut
691 3243 823 3323 ordinis,
841 3240 993 3307 differunt
1007 3249 1133 3309 tautum
1156 3241 1380 3307 materialiter
1395 3260 1453 3306 scu

274 3364 315 3430 ob
338 3364 502 3430 diversum
524 3366 724 3431 territorium
749 3384 861 3429 eorum
884 3366 1073 3429 territoriali
1097 3364 1331 3449 competentiae
1358 3364 1451 3429 attri-

274 3490 403 3568 butum;
427 3491 649 3575 quodcumque
672 3492 757 3555 cuim
781 3490 923 3555 tribunal
954 3489 1052 3555 habet
1079 3490 1235 3555 exercitio
1263 3511 1339 3556 suae
1364 3510 1453 3555 com-

274 3618 436 3702 petentiae
460 3616 708 3682 determinatum
738 3615 927 3681 districtum.
954 3616 986 3681 Si
1011 3636 1124 3681 verum
1156 3616 1219 3680 sint
1245 3615 1366 3681 diversi
1397 3635 1452 3679 or·

274 3740 374 3814 dinis,
406 3738 589 3806 differentia
618 3747 668 3806 est
697 3741 858 3824 formalis
891 3740 931 3806 ob
962 3740 1125 3807 diversum
1157 3740 1292 3826 gradum
1324 3760 1451 3827 compe·

272 3870 394 3933 tentiae
425 3868 545 3934 eisdem
568 3869 752 3967 assignatae
775 3888 838 3953 quo
869 3866 905 3933 fit
934 3873 969 3933 ut
995 3868 1174 3951 privative,
1199 3867 1303 3951 quoad
1332 3868 1455 3933 iudices

274 3993 456 4064 inferiores.
481 3998 589 4061 certas
612 4014 726 4060 causas
748 3994 861 4058 videre
884 3995 1016 4079 possint.

362 4117 438 4182 320.
470 4116 553 4191 Quia
583 4117 758 4183 tribunalia
789 4118 955 4181 inferioris
986 4117 1108 4181 ordinis
1139 4122 1213 4183 sunt
1243 4115 1454 4182 subordinate

272 4242 491 4328 superioribus
514 4243 706 4330 praesertim
730 4242 770 4308 ob
794 4230 988 4308 revisionem
1014 4242 1184 4309 causarum
1208 4243 1240 4306 in
1268 4240 1371 4329 gradu
1394 4260 1452 4327 ap·

271 4366 465 4455 pollutionis,
488 4366 610 4433 factum
634 4372 683 4433 est
705 4374 741 4433 ut
763 4366 921 4433 iuferiora
942 4366 1119 4433 tribunalia
1148 4368 1394 4433 continerentur
1416 4367 1451 4431 in
