<?xml version="1.0" encoding="UTF-8"?>
<!DOCTYPE html PUBLIC "-//W3C//DTD XHTML 1.0 Transitional//EN"
    "http://www.w3.org/TR/xhtml1/DTD/xhtml1-transitional.dtd">
<html xmlns="http://www.w3.org/1999/xhtml" xml:lang="en" lang="en">
 <head>
  <title>
</title>
<meta http-equiv="Content-Type" content="text/html;charset=utf-8" />
  <meta name='ocr-system' content='tesseract 3.04.00' />
  <meta name='ocr-capabilities' content='ocr_page ocr_carea ocr_par ocr_line ocrx_word'/>
</head>
<body>
  <div class='ocr_page' id='page_1' title='image "./praelectionesin03legagoog_0490.png"; bbox 0 0 3292 5109; ppageno 0'>
   <div class='ocr_carea' id='block_1_1' title="bbox 264 309 997 374">
    <p class='ocr_par' dir='ltr' id='par_1_1' title="bbox 264 309 997 374">
     <span class='ocr_line' id='line_1_1' title="bbox 264 309 997 374; baseline -0.004 -2"><span class='ocrx_word' id='word_1_1' title='bbox 264 309 330 374; x_wconf 82' lang='grc'><strong>486</strong></span> <span class='ocrx_word' id='word_1_2' title='bbox 714 325 920 372; x_wconf 70' lang='lat' dir='ltr'><strong>aranearum</strong></span> <span class='ocrx_word' id='word_1_3' title='bbox 946 325 997 370; x_wconf 87' lang='lat'><strong>111.</strong></span> 
     </span>
    </p>
   </div>
   <div class='ocr_carea' id='block_1_2' title="bbox 260 444 1449 2547">
    <p class='ocr_par' dir='ltr' id='par_1_2' title="bbox 261 444 1446 946">
     <span class='ocr_line' id='line_1_2' title="bbox 264 444 1445 518; baseline -0.007 -14"><span class='ocrx_word' id='word_1_4' title='bbox 264 451 466 516; x_wconf 86' lang='lat' dir='ltr'><strong>tantummodo,</strong></span> <span class='ocrx_word' id='word_1_5' title='bbox 486 466 519 518; x_wconf 88' lang='lat' dir='ltr'><strong>ne</strong></span> <span class='ocrx_word' id='word_1_6' title='bbox 538 448 659 518; x_wconf 82' lang='lat' dir='ltr'><strong>indiguis</strong></span> <span class='ocrx_word' id='word_1_7' title='bbox 677 446 812 502; x_wconf 84' lang='lat' dir='ltr'><strong>ecclesiae</strong></span> <span class='ocrx_word' id='word_1_8' title='bbox 831 447 1020 517; x_wconf 75' lang='lat' dir='ltr'>parochiales,</span> <span class='ocrx_word' id='word_1_9' title='bbox 1039 445 1152 516; x_wconf 89' lang='lat' dir='ltr'><strong>aliaque</strong></span> <span class='ocrx_word' id='word_1_10' title='bbox 1170 445 1320 510; x_wconf 87' lang='lat' dir='ltr'><strong>beneficia,</strong></span> <span class='ocrx_word' id='word_1_11' title='bbox 1344 444 1445 515; x_wconf 89' lang='lat' dir='ltr'><strong>quibus</strong></span> 
     </span>
     <span class='ocr_line' id='line_1_3' title="bbox 262 549 1446 621; baseline -0.003 -13"><span class='ocrx_word' id='word_1_12' title='bbox 262 571 330 608; x_wconf 85' lang='lat' dir='ltr'><strong>cura</strong></span> <span class='ocrx_word' id='word_1_13' title='bbox 348 555 475 610; x_wconf 91' lang='lat' dir='ltr'><strong>imminet</strong></span> <span class='ocrx_word' id='word_1_14' title='bbox 494 555 665 621; x_wconf 85' lang='lat' dir='ltr'><strong>animarum,</strong></span> <span class='ocrx_word' id='word_1_15' title='bbox 684 554 893 613; x_wconf 82' lang='lat' dir='ltr'><strong>conferrentur.</strong></span> <span class='ocrx_word' id='word_1_16' title='bbox 912 570 970 606; x_wconf 83' lang='lat' dir='ltr'><strong>san.</strong></span> <span class='ocrx_word' id='word_1_17' title='bbox 991 568 1072 605; x_wconf 88' lang='lat' dir='ltr'><strong>mem.</strong></span> <span class='ocrx_word' id='word_1_18' title='bbox 1092 550 1270 604; x_wconf 75' lang='lat' dir='ltr'><strong>Innocentius</strong></span> <span class='ocrx_word' id='word_1_19' title='bbox 1288 549 1345 616; x_wconf 79' lang='lat' dir='ltr'><strong>xl,</strong></span> <span class='ocrx_word' id='word_1_20' title='bbox 1363 565 1446 619; x_wconf 84' lang='lat' dir='ltr'><strong>prae·</strong></span> 
     </span>
     <span class='ocr_line' id='line_1_4' title="bbox 261 658 1446 718; baseline -0.002 -4"><span class='ocrx_word' id='word_1_21' title='bbox 261 662 389 717; x_wconf 76' lang='lat' dir='ltr'><strong>decessor</strong></span> <span class='ocrx_word' id='word_1_22' title='bbox 407 667 501 716; x_wconf 88' lang='lat' dir='ltr'><strong>noster</strong></span> <span class='ocrx_word' id='word_1_23' title='bbox 520 679 644 718; x_wconf 89' lang='lat' dir='ltr'><strong>errorum</strong></span> <span class='ocrx_word' id='word_1_24' title='bbox 663 662 818 716; x_wconf 78' lang='lat' dir='ltr'><strong>doctrinam</strong></span> <span class='ocrx_word' id='word_1_25' title='bbox 838 679 855 714; x_wconf 90' lang='lat' dir='ltr'><strong>a</strong></span> <span class='ocrx_word' id='word_1_26' title='bbox 874 678 941 716; x_wconf 87' lang='lat' dir='ltr'><strong>vera</strong></span> <span class='ocrx_word' id='word_1_27' title='bbox 959 665 989 715; x_wconf 86' lang='lat' dir='ltr'><strong>et</strong></span> <span class='ocrx_word' id='word_1_28' title='bbox 1007 662 1117 715; x_wconf 88' lang='lat' dir='ltr'><strong>sincera</strong></span> <span class='ocrx_word' id='word_1_29' title='bbox 1135 659 1251 715; x_wconf 82' lang='lat' dir='ltr'><strong>Petrum</strong></span> <span class='ocrx_word' id='word_1_30' title='bbox 1268 663 1362 714; x_wconf 88' lang='lat' dir='ltr'><strong>mente</strong></span> <span class='ocrx_word' id='word_1_31' title='bbox 1379 658 1446 712; x_wconf 90' lang='lat' dir='ltr'><strong>lou·</strong></span> 
     </span>
     <span class='ocr_line' id='line_1_5' title="bbox 263 766 1446 838; baseline -0.003 -15"><span class='ocrx_word' id='word_1_32' title='bbox 263 772 325 838; x_wconf 76' lang='lat' dir='ltr'><strong>gius</strong></span> <span class='ocrx_word' id='word_1_33' title='bbox 344 769 536 824; x_wconf 85' lang='lat' dir='ltr'><strong>deflectentem</strong></span> <span class='ocrx_word' id='word_1_34' title='bbox 551 767 712 834; x_wconf 86' lang='lat' dir='ltr'><strong>damnarit,</strong></span> <span class='ocrx_word' id='word_1_35' title='bbox 730 773 759 822; x_wconf 91' lang='lat' dir='ltr'><strong>et</strong></span> <span class='ocrx_word' id='word_1_36' title='bbox 777 767 903 833; x_wconf 77' lang='lat' dir='ltr'><strong>edocuit,</strong></span> <span class='ocrx_word' id='word_1_37' title='bbox 928 785 1012 838; x_wconf 88' lang='lat' dir='ltr'><strong>quam</strong></span> <span class='ocrx_word' id='word_1_38' title='bbox 1038 766 1161 836; x_wconf 88' lang='lat' dir='ltr'><strong>prudens</strong></span> <span class='ocrx_word' id='word_1_39' title='bbox 1181 783 1214 820; x_wconf 91' lang='lat' dir='ltr'><strong>ac</strong></span> <span class='ocrx_word' id='word_1_40' title='bbox 1237 766 1358 836; x_wconf 80' lang='lat' dir='ltr'><strong>diligens</strong></span> <span class='ocrx_word' id='word_1_41' title='bbox 1384 781 1446 820; x_wconf 86' lang='lat' dir='ltr'><strong>esse</strong></span> 
     </span>
     <span class='ocr_line' id='line_1_6' title="bbox 263 877 828 946; baseline 0 -17"><span class='ocrx_word' id='word_1_42' title='bbox 263 877 364 932; x_wconf 87' lang='lat' dir='ltr'><strong>debeat</strong></span> <span class='ocrx_word' id='word_1_43' title='bbox 383 877 529 946; x_wconf 84' lang='lat' dir='ltr'><strong>pastoralis</strong></span> <span class='ocrx_word' id='word_1_44' title='bbox 547 877 630 931; x_wconf 88' lang='lat' dir='ltr'><strong>officii</strong></span> <span class='ocrx_word' id='word_1_45' title='bbox 650 877 828 946; x_wconf 77' lang='lat' dir='ltr'><strong>dispensatio.</strong></span> 
     </span>
    </p>

    <p class='ocr_par' dir='ltr' id='par_1_3' title="bbox 260 980 1449 1474">
     <span class='ocr_line' id='line_1_7' title="bbox 352 980 1449 1053; baseline 0.001 -18"><span class='ocrx_word' id='word_1_46' title='bbox 352 989 399 1048; x_wconf 65' lang='grc' dir='ltr'><strong>«ἓ</strong></span> <span class='ocrx_word' id='word_1_47' title='bbox 422 983 443 1038; x_wconf 92' lang='lat' dir='ltr'><strong>l.</strong></span> <span class='ocrx_word' id='word_1_48' title='bbox 464 983 504 1037; x_wconf 87' lang='lat' dir='ltr'><strong>Ad</strong></span> <span class='ocrx_word' id='word_1_49' title='bbox 525 985 651 1038; x_wconf 77' lang='lat' dir='ltr'><strong>tramites</strong></span> <span class='ocrx_word' id='word_1_50' title='bbox 671 983 773 1037; x_wconf 90' lang='lat' dir='ltr'><strong>idcirco</strong></span> <span class='ocrx_word' id='word_1_51' title='bbox 793 983 915 1038; x_wconf 88' lang='lat' dir='ltr'><strong>eiusdem</strong></span> <span class='ocrx_word' id='word_1_52' title='bbox 935 982 962 1036; x_wconf 92' lang='lat' dir='ltr'><strong>S.</strong></span> <span class='ocrx_word' id='word_1_53' title='bbox 977 980 1082 1053; x_wconf 79' lang='lat' dir='ltr'><strong>Synodi</strong></span> <span class='ocrx_word' id='word_1_54' title='bbox 1102 999 1152 1035; x_wconf 88' lang='lat' dir='ltr'><strong>usu</strong></span> <span class='ocrx_word' id='word_1_55' title='bbox 1173 986 1315 1051; x_wconf 88' lang='lat' dir='ltr'><strong>receptum</strong></span> <span class='ocrx_word' id='word_1_56' title='bbox 1334 986 1386 1047; x_wconf 87' lang='lat' dir='ltr'><strong>est,</strong></span> <span class='ocrx_word' id='word_1_57' title='bbox 1400 998 1449 1036; x_wconf 92' lang='lat' dir='ltr'><strong>oc·</strong></span> 
     </span>
     <span class='ocr_line' id='line_1_8' title="bbox 260 1085 1448 1156; baseline -0.003 -14"><span class='ocrx_word' id='word_1_58' title='bbox 260 1091 390 1142; x_wconf 83' lang='lat' dir='ltr'><strong>cernente</strong></span> <span class='ocrx_word' id='word_1_59' title='bbox 411 1087 577 1156; x_wconf 88' lang='lat' dir='ltr'><strong>parochialis</strong></span> <span class='ocrx_word' id='word_1_60' title='bbox 598 1088 734 1143; x_wconf 84' lang='lat' dir='ltr'><strong>ecclesiae</strong></span> <span class='ocrx_word' id='word_1_61' title='bbox 754 1088 911 1152; x_wconf 84' lang='lat' dir='ltr'><strong>vacatione,</strong></span> <span class='ocrx_word' id='word_1_62' title='bbox 930 1103 1003 1156; x_wconf 90' lang='lat' dir='ltr'><strong>quae</strong></span> <span class='ocrx_word' id='word_1_63' title='bbox 1022 1086 1111 1139; x_wconf 90' lang='lat' dir='ltr'><strong>libere</strong></span> <span class='ocrx_word' id='word_1_64' title='bbox 1130 1086 1165 1139; x_wconf 85' lang='lat' dir='ltr'><strong>ab</strong></span> <span class='ocrx_word' id='word_1_65' title='bbox 1184 1085 1331 1140; x_wconf 88' lang='lat' dir='ltr'><strong>Ordinario</strong></span> <span class='ocrx_word' id='word_1_66' title='bbox 1349 1087 1448 1140; x_wconf 80' lang='lat' dir='ltr'><strong>confe-</strong></span> 
     </span>
     <span class='ocr_line' id='line_1_9' title="bbox 262 1193 1448 1262; baseline 0.001 -14"><span class='ocrx_word' id='word_1_67' title='bbox 262 1193 348 1251; x_wconf 89' lang='lat' dir='ltr'><strong>renda</strong></span> <span class='ocrx_word' id='word_1_68' title='bbox 366 1195 411 1261; x_wconf 86' lang='lat' dir='ltr'><strong>sit,</strong></span> <span class='ocrx_word' id='word_1_69' title='bbox 430 1211 592 1249; x_wconf 90' lang='lat' dir='ltr'><strong>concursum</strong></span> <span class='ocrx_word' id='word_1_70' title='bbox 613 1195 734 1258; x_wconf 89' lang='lat' dir='ltr'><strong>institui,</strong></span> <span class='ocrx_word' id='word_1_71' title='bbox 755 1200 800 1258; x_wconf 90' lang='lat' dir='ltr'><strong>ut,</strong></span> <span class='ocrx_word' id='word_1_72' title='bbox 820 1193 918 1247; x_wconf 84' lang='lat' dir='ltr'><strong>habita</strong></span> <span class='ocrx_word' id='word_1_73' title='bbox 937 1195 965 1247; x_wconf 94' lang='lat' dir='ltr'><strong>in</strong></span> <span class='ocrx_word' id='word_1_74' title='bbox 984 1210 1018 1247; x_wconf 91' lang='lat' dir='ltr'><strong>eo</strong></span> <span class='ocrx_word' id='word_1_75' title='bbox 1037 1193 1071 1248; x_wconf 91' lang='lat' dir='ltr'><strong>de</strong></span> <span class='ocrx_word' id='word_1_76' title='bbox 1089 1193 1239 1248; x_wconf 89' lang='lat' dir='ltr'><strong>cuiuslibet</strong></span> <span class='ocrx_word' id='word_1_77' title='bbox 1256 1197 1368 1262; x_wconf 86' lang='lat' dir='ltr'><strong>aetate,</strong></span> <span class='ocrx_word' id='word_1_78' title='bbox 1387 1209 1448 1249; x_wconf 90' lang='lat' dir='ltr'><strong>mo·</strong></span> 
     </span>
     <span class='ocr_line' id='line_1_10' title="bbox 262 1300 1447 1373; baseline 0.001 -18"><span class='ocrx_word' id='word_1_79' title='bbox 262 1302 348 1366; x_wconf 91' lang='lat' dir='ltr'><strong>ribus,</strong></span> <span class='ocrx_word' id='word_1_80' title='bbox 366 1300 492 1355; x_wconf 88' lang='lat' dir='ltr'><strong>doctrina</strong></span> <span class='ocrx_word' id='word_1_81' title='bbox 511 1306 539 1356; x_wconf 92' lang='lat' dir='ltr'><strong>et</strong></span> <span class='ocrx_word' id='word_1_82' title='bbox 557 1301 724 1356; x_wconf 86' lang='lat' dir='ltr'><strong>sufficientia</strong></span> <span class='ocrx_word' id='word_1_83' title='bbox 743 1300 842 1356; x_wconf 91' lang='lat' dir='ltr'><strong>solerti</strong></span> <span class='ocrx_word' id='word_1_84' title='bbox 861 1301 1051 1371; x_wconf 84' lang='lat' dir='ltr'><strong>inquisitione,</strong></span> <span class='ocrx_word' id='word_1_85' title='bbox 1071 1301 1223 1370; x_wconf 79' lang='lat' dir='ltr'><strong>Episcopus</strong></span> <span class='ocrx_word' id='word_1_86' title='bbox 1241 1301 1339 1372; x_wconf 81' lang='lat' dir='ltr'><strong>eligat,</strong></span> <span class='ocrx_word' id='word_1_87' title='bbox 1359 1318 1447 1373; x_wconf 90' lang='lat' dir='ltr'><strong>quem</strong></span> 
     </span>
     <span class='ocr_line' id='line_1_11' title="bbox 263 1405 813 1474; baseline -0.005 -15"><span class='ocrx_word' id='word_1_88' title='bbox 263 1406 365 1460; x_wconf 88' lang='lat' dir='ltr'><strong>ceteris</strong></span> <span class='ocrx_word' id='word_1_89' title='bbox 383 1406 472 1474; x_wconf 84' lang='lat' dir='ltr'><strong>magis</strong></span> <span class='ocrx_word' id='word_1_90' title='bbox 491 1405 621 1459; x_wconf 88' lang='lat' dir='ltr'><strong>idoneum</strong></span> <span class='ocrx_word' id='word_1_91' title='bbox 640 1405 813 1460; x_wconf 83' lang='lat' dir='ltr'><strong>iudicaverit.</strong></span> 
     </span>
    </p>

    <p class='ocr_par' dir='ltr' id='par_1_4' title="bbox 263 1512 1449 2547">
     <span class='ocr_line' id='line_1_12' title="bbox 353 1512 1447 1586; baseline -0.003 -15"><span class='ocrx_word' id='word_1_92' title='bbox 353 1521 400 1581; x_wconf 73' lang='grc' dir='ltr'><strong>«ἓ</strong></span> <span class='ocrx_word' id='word_1_93' title='bbox 420 1518 445 1570; x_wconf 86' lang='grc'><strong>2.</strong></span> <span class='ocrx_word' id='word_1_94' title='bbox 465 1517 502 1569; x_wconf 82' lang='lat' dir='ltr'><strong>nt</strong></span> <span class='ocrx_word' id='word_1_95' title='bbox 521 1515 587 1586; x_wconf 84' lang='lat' dir='ltr'><strong>quia</strong></span> <span class='ocrx_word' id='word_1_96' title='bbox 606 1515 768 1584; x_wconf 80' lang='lat' dir='ltr'><strong>contingere</strong></span> <span class='ocrx_word' id='word_1_97' title='bbox 787 1513 952 1585; x_wconf 90' lang='lat' dir='ltr'><strong>quaudoque</strong></span> <span class='ocrx_word' id='word_1_98' title='bbox 965 1518 1067 1583; x_wconf 88' lang='lat' dir='ltr'><strong>potest,</strong></span> <span class='ocrx_word' id='word_1_99' title='bbox 1079 1513 1153 1584; x_wconf 90' lang='lat' dir='ltr'><strong>quod</strong></span> <span class='ocrx_word' id='word_1_100' title='bbox 1172 1514 1268 1569; x_wconf 79' lang='lat' dir='ltr'><strong>farore</strong></span> <span class='ocrx_word' id='word_1_101' title='bbox 1287 1512 1332 1569; x_wconf 90' lang='lat' dir='ltr'><strong>vel</strong></span> <span class='ocrx_word' id='word_1_102' title='bbox 1352 1516 1447 1584; x_wconf 80' lang='lat' dir='ltr'><strong>gratia</strong></span> 
     </span>
     <span class='ocr_line' id='line_1_13' title="bbox 264 1623 1447 1696; baseline 0 -20"><span class='ocrx_word' id='word_1_103' title='bbox 264 1624 422 1680; x_wconf 83' lang='lat' dir='ltr'><strong>velminus</strong></span> <span class='ocrx_word' id='word_1_104' title='bbox 447 1641 536 1696; x_wconf 88' lang='lat' dir='ltr'><strong>aequo</strong></span> <span class='ocrx_word' id='word_1_105' title='bbox 560 1624 662 1678; x_wconf 88' lang='lat' dir='ltr'><strong>iudicio</strong></span> <span class='ocrx_word' id='word_1_106' title='bbox 682 1624 772 1677; x_wconf 87' lang='lat' dir='ltr'><strong>minus</strong></span> <span class='ocrx_word' id='word_1_107' title='bbox 792 1623 868 1692; x_wconf 78' lang='lat' dir='ltr'><strong>digni</strong></span> <span class='ocrx_word' id='word_1_108' title='bbox 890 1623 1064 1692; x_wconf 79' lang='lat' dir='ltr'><strong>dignioribus</strong></span> <span class='ocrx_word' id='word_1_109' title='bbox 1083 1628 1302 1692; x_wconf 87' lang='lat' dir='ltr'><strong>praeponantur,</strong></span> <span class='ocrx_word' id='word_1_110' title='bbox 1321 1641 1344 1678; x_wconf 87' lang='lat' dir='ltr'><strong>a.</strong></span> <span class='ocrx_word' id='word_1_111' title='bbox 1364 1641 1447 1679; x_wconf 90' lang='lat' dir='ltr'><strong>mem.</strong></span> 
     </span>
     <span class='ocr_line' id='line_1_14' title="bbox 265 1730 1448 1802; baseline -0.001 -16"><span class='ocrx_word' id='word_1_112' title='bbox 265 1733 331 1786; x_wconf 87' lang='lat' dir='ltr'><strong>Pius</strong></span> <span class='ocrx_word' id='word_1_113' title='bbox 351 1733 383 1799; x_wconf 87' lang='lat' dir='ltr'><strong>V,</strong></span> <span class='ocrx_word' id='word_1_114' title='bbox 404 1737 497 1787; x_wconf 89' lang='lat' dir='ltr'><strong>noster</strong></span> <span class='ocrx_word' id='word_1_115' title='bbox 515 1731 720 1802; x_wconf 84' lang='lat' dir='ltr'><strong>praedecessor,</strong></span> <span class='ocrx_word' id='word_1_116' title='bbox 739 1747 774 1786; x_wconf 92' lang='lat' dir='ltr'><strong>ne</strong></span> <span class='ocrx_word' id='word_1_117' title='bbox 792 1730 859 1802; x_wconf 91' lang='lat' dir='ltr'><strong>quid</strong></span> <span class='ocrx_word' id='word_1_118' title='bbox 871 1734 900 1784; x_wconf 92' lang='lat' dir='ltr'><strong>in</strong></span> <span class='ocrx_word' id='word_1_119' title='bbox 912 1730 1069 1784; x_wconf 89' lang='lat' dir='ltr'><strong>huiusmodi</strong></span> <span class='ocrx_word' id='word_1_120' title='bbox 1089 1730 1228 1784; x_wconf 91' lang='lat' dir='ltr'><strong>electione</strong></span> <span class='ocrx_word' id='word_1_121' title='bbox 1248 1735 1321 1785; x_wconf 89' lang='lat' dir='ltr'><strong>esset</strong></span> <span class='ocrx_word' id='word_1_122' title='bbox 1340 1731 1448 1786; x_wconf 89' lang='lat' dir='ltr'><strong>inordi-</strong></span> 
     </span>
     <span class='ocr_line' id='line_1_15' title="bbox 264 1836 1447 1911; baseline -0.002 -17"><span class='ocrx_word' id='word_1_123' title='bbox 264 1845 360 1895; x_wconf 89' lang='lat' dir='ltr'><strong>natum</strong></span> <span class='ocrx_word' id='word_1_124' title='bbox 385 1845 469 1911; x_wconf 87' lang='lat' dir='ltr'><strong>atque</strong></span> <span class='ocrx_word' id='word_1_125' title='bbox 489 1841 706 1909; x_wconf 90' lang='lat' dir='ltr'><strong>praeposterum,</strong></span> <span class='ocrx_word' id='word_1_126' title='bbox 726 1837 800 1891; x_wconf 86' lang='lat' dir='ltr'><strong>edita</strong></span> <span class='ocrx_word' id='word_1_127' title='bbox 820 1837 1004 1891; x_wconf 85' lang='lat' dir='ltr'><strong>saluberrima</strong></span> <span class='ocrx_word' id='word_1_128' title='bbox 1027 1836 1228 1890; x_wconf 89' lang='lat' dir='ltr'><strong>constitutione</strong></span> <span class='ocrx_word' id='word_1_129' title='bbox 1248 1837 1334 1892; x_wconf 90' lang='lat' dir='ltr'><strong>licere</strong></span> <span class='ocrx_word' id='word_1_130' title='bbox 1353 1837 1447 1893; x_wconf 76' lang='lat' dir='ltr'><strong>voluit</strong></span> 
     </span>
     <span class='ocr_line' id='line_1_16' title="bbox 264 1943 1449 2015; baseline -0.001 -16"><span class='ocrx_word' id='word_1_131' title='bbox 264 1947 367 2000; x_wconf 83' lang='lat' dir='ltr'><strong>iniuste</strong></span> <span class='ocrx_word' id='word_1_132' title='bbox 386 1945 413 1998; x_wconf 91' lang='lat' dir='ltr'><strong>in</strong></span> <span class='ocrx_word' id='word_1_133' title='bbox 434 1961 569 1998; x_wconf 90' lang='lat' dir='ltr'><strong>concursu</strong></span> <span class='ocrx_word' id='word_1_134' title='bbox 589 1943 709 2009; x_wconf 87' lang='lat' dir='ltr'><strong>reiectis,</strong></span> <span class='ocrx_word' id='word_1_135' title='bbox 725 1943 891 2013; x_wconf 87' lang='lat' dir='ltr'><strong>interposita</strong></span> <span class='ocrx_word' id='word_1_136' title='bbox 903 1943 938 1996; x_wconf 85' lang='lat' dir='ltr'><strong>ad</strong></span> <span class='ocrx_word' id='word_1_137' title='bbox 952 1943 1201 2012; x_wconf 81' lang='lat' dir='ltr'><strong>Metropolitanum</strong></span> <span class='ocrx_word' id='word_1_138' title='bbox 1221 1944 1266 1999; x_wconf 85' lang='lat' dir='ltr'><strong>rel</strong></span> <span class='ocrx_word' id='word_1_139' title='bbox 1280 1945 1449 2015; x_wconf 81' lang='lat' dir='ltr'><strong>Episcopum</strong></span> 
     </span>
     <span class='ocr_line' id='line_1_17' title="bbox 264 2049 1449 2124; baseline 0.002 -16"><span class='ocrx_word' id='word_1_140' title='bbox 264 2054 426 2108; x_wconf 87' lang='lat' dir='ltr'><strong>viciniorem</strong></span> <span class='ocrx_word' id='word_1_141' title='bbox 445 2052 489 2108; x_wconf 89' lang='lat' dir='ltr'><strong>rel</strong></span> <span class='ocrx_word' id='word_1_142' title='bbox 509 2049 607 2108; x_wconf 89' lang='lat' dir='ltr'><strong>Sedem</strong></span> <span class='ocrx_word' id='word_1_143' title='bbox 626 2052 790 2123; x_wconf 86' lang='lat' dir='ltr'><strong>quandoque</strong></span> <span class='ocrx_word' id='word_1_144' title='bbox 814 2053 1004 2121; x_wconf 79' lang='lat' dir='ltr'><strong>Apostolieam</strong></span> <span class='ocrx_word' id='word_1_145' title='bbox 1030 2052 1233 2123; x_wconf 86' lang='lat' dir='ltr'><strong>appellatione,</strong></span> <span class='ocrx_word' id='word_1_146' title='bbox 1259 2054 1449 2124; x_wconf 87' lang='lat' dir='ltr'><strong>praeelectum</strong></span> 
     </span>
     <span class='ocr_line' id='line_1_18' title="bbox 264 2155 1448 2226; baseline 0.003 -14"><span class='ocrx_word' id='word_1_147' title='bbox 264 2159 417 2212; x_wconf 84' lang='lat' dir='ltr'><strong>eduorum</strong></span> <span class='ocrx_word' id='word_1_148' title='bbox 437 2174 556 2212; x_wconf 77' lang='lat' dir='ltr'><strong>eramen</strong></span> <span class='ocrx_word' id='word_1_149' title='bbox 577 2173 737 2226; x_wconf 87' lang='lat' dir='ltr'><strong>provocare,</strong></span> <span class='ocrx_word' id='word_1_150' title='bbox 757 2162 785 2211; x_wconf 94' lang='lat' dir='ltr'><strong>et</strong></span> <span class='ocrx_word' id='word_1_151' title='bbox 804 2155 951 2211; x_wconf 88' lang='lat' dir='ltr'><strong>ecclesiam</strong></span> <span class='ocrx_word' id='word_1_152' title='bbox 969 2157 1053 2211; x_wconf 90' lang='lat' dir='ltr'><strong>alteri</strong></span> <span class='ocrx_word' id='word_1_153' title='bbox 1073 2175 1128 2212; x_wconf 95' lang='lat' dir='ltr'><strong>non</strong></span> <span class='ocrx_word' id='word_1_154' title='bbox 1147 2160 1202 2213; x_wconf 92' lang='lat' dir='ltr'><strong>rite</strong></span> <span class='ocrx_word' id='word_1_155' title='bbox 1222 2158 1354 2214; x_wconf 86' lang='lat' dir='ltr'><strong>collatam</strong></span> <span class='ocrx_word' id='word_1_156' title='bbox 1374 2177 1448 2216; x_wconf 85' lang='lat' dir='ltr'><strong>novo</strong></span> 
     </span>
     <span class='ocr_line' id='line_1_19' title="bbox 263 2263 1448 2337; baseline 0.003 -21"><span class='ocrx_word' id='word_1_157' title='bbox 263 2264 339 2317; x_wconf 83' lang='lat' dir='ltr'><strong>sacto</strong></span> <span class='ocrx_word' id='word_1_158' title='bbox 357 2264 520 2319; x_wconf 91' lang='lat' dir='ltr'><strong>meritorum</strong></span> <span class='ocrx_word' id='word_1_159' title='bbox 540 2263 673 2332; x_wconf 86' lang='lat' dir='ltr'><strong>periculo,</strong></span> <span class='ocrx_word' id='word_1_160' title='bbox 691 2263 715 2316; x_wconf 90' lang='lat' dir='ltr'><strong>si</strong></span> <span class='ocrx_word' id='word_1_161' title='bbox 734 2264 774 2317; x_wconf 89' lang='lat' dir='ltr'><strong>ita</strong></span> <span class='ocrx_word' id='word_1_162' title='bbox 793 2264 837 2317; x_wconf 93' lang='lat' dir='ltr'><strong>ius</strong></span> <span class='ocrx_word' id='word_1_163' title='bbox 849 2270 931 2330; x_wconf 89' lang='lat' dir='ltr'><strong>essct,</strong></span> <span class='ocrx_word' id='word_1_164' title='bbox 944 2263 1095 2319; x_wconf 85' lang='lat' dir='ltr'><strong>vindicare.</strong></span> <span class='ocrx_word' id='word_1_165' title='bbox 1109 2265 1145 2319; x_wconf 89' lang='lat' dir='ltr'><strong>Et</strong></span> <span class='ocrx_word' id='word_1_166' title='bbox 1160 2283 1195 2321; x_wconf 92' lang='lat' dir='ltr'><strong>ne</strong></span> <span class='ocrx_word' id='word_1_167' title='bbox 1211 2264 1329 2321; x_wconf 77' lang='lat' dir='ltr'><strong>frivolae</strong></span> <span class='ocrx_word' id='word_1_168' title='bbox 1348 2267 1448 2337; x_wconf 87' lang='lat' dir='ltr'><strong>appel·</strong></span> 
     </span>
     <span class='ocr_line' id='line_1_20' title="bbox 265 2368 1449 2441; baseline 0.003 -18"><span class='ocrx_word' id='word_1_169' title='bbox 265 2369 377 2423; x_wconf 88' lang='lat' dir='ltr'><strong>lationis</strong></span> <span class='ocrx_word' id='word_1_170' title='bbox 396 2370 511 2438; x_wconf 79' lang='lat' dir='ltr'><strong>diffugio</strong></span> <span class='ocrx_word' id='word_1_171' title='bbox 530 2369 607 2424; x_wconf 91' lang='lat' dir='ltr'><strong>locus</strong></span> <span class='ocrx_word' id='word_1_172' title='bbox 626 2372 707 2432; x_wconf 86' lang='lat' dir='ltr'><strong>esset,</strong></span> <span class='ocrx_word' id='word_1_173' title='bbox 724 2368 837 2438; x_wconf 89' lang='lat' dir='ltr'><strong>proride</strong></span> <span class='ocrx_word' id='word_1_174' title='bbox 850 2369 952 2423; x_wconf 88' lang='lat' dir='ltr'><strong>ibidem</strong></span> <span class='ocrx_word' id='word_1_175' title='bbox 964 2373 1079 2423; x_wconf 90' lang='lat' dir='ltr'><strong>cautum</strong></span> <span class='ocrx_word' id='word_1_176' title='bbox 1092 2375 1143 2435; x_wconf 89' lang='lat' dir='ltr'><strong>est,</strong></span> <span class='ocrx_word' id='word_1_177' title='bbox 1159 2370 1251 2425; x_wconf 89' lang='lat' dir='ltr'><strong>dictae</strong></span> <span class='ocrx_word' id='word_1_178' title='bbox 1264 2371 1449 2441; x_wconf 86' lang='lat' dir='ltr'><strong>appellationi</strong></span> 
     </span>
     <span class='ocr_line' id='line_1_21' title="bbox 265 2473 1448 2547; baseline 0.003 -21"><span class='ocrx_word' id='word_1_179' title='bbox 265 2475 294 2527; x_wconf 92' lang='lat' dir='ltr'><strong>in</strong></span> <span class='ocrx_word' id='word_1_180' title='bbox 312 2473 472 2528; x_wconf 89' lang='lat' dir='ltr'><strong>devolutivo</strong></span> <span class='ocrx_word' id='word_1_181' title='bbox 496 2478 604 2527; x_wconf 87' lang='lat' dir='ltr'><strong>tantum</strong></span> <span class='ocrx_word' id='word_1_182' title='bbox 630 2473 730 2528; x_wconf 87' lang='lat' dir='ltr'><strong>deferri</strong></span> <span class='ocrx_word' id='word_1_183' title='bbox 756 2477 901 2542; x_wconf 84' lang='lat' dir='ltr'><strong>oportere,</strong></span> <span class='ocrx_word' id='word_1_184' title='bbox 925 2489 978 2526; x_wconf 92' lang='lat' dir='ltr'><strong>non</strong></span> <span class='ocrx_word' id='word_1_185' title='bbox 1004 2491 1140 2543; x_wconf 89' lang='lat' dir='ltr'><strong>suspensa</strong></span> <span class='ocrx_word' id='word_1_186' title='bbox 1164 2480 1214 2529; x_wconf 86' lang='lat' dir='ltr'><strong>eut</strong></span> <span class='ocrx_word' id='word_1_187' title='bbox 1236 2475 1448 2547; x_wconf 89' lang='lat' dir='ltr'><strong>quoquomodo</strong></span> 
     </span>
    </p>
   </div>
   <div class='ocr_carea' id='block_1_3' title="bbox 266 2578 1345 2665">
    <p class='ocr_par' dir='ltr' id='par_1_5' title="bbox 266 2578 1345 2665">
     <span class='ocr_line' id='line_1_22' title="bbox 266 2578 1345 2665; baseline 0.002 -32"><span class='ocrx_word' id='word_1_188' title='bbox 266 2581 407 2636; x_wconf 89' lang='lat' dir='ltr'><strong>retardata</strong></span> <span class='ocrx_word' id='word_1_189' title='bbox 426 2578 584 2649; x_wconf 87' lang='lat' dir='ltr'><strong>praeelecto</strong></span> <span class='ocrx_word' id='word_1_190' title='bbox 603 2579 637 2632; x_wconf 88' lang='lat' dir='ltr'><strong>ab</strong></span> <span class='ocrx_word' id='word_1_191' title='bbox 657 2579 803 2633; x_wconf 86' lang='lat' dir='ltr'><strong>Ordinario</strong></span> <span class='ocrx_word' id='word_1_192' title='bbox 823 2578 990 2665; x_wconf 79' lang='lat' dir='ltr'><strong>parochialis</strong></span> <span class='ocrx_word' id='word_1_193' title='bbox 1008 2580 1144 2635; x_wconf 87' lang='lat' dir='ltr'><strong>ecclesiae</strong></span> <span class='ocrx_word' id='word_1_194' title='bbox 1163 2584 1345 2651; x_wconf 85' lang='lat' dir='ltr'><strong>possessione.</strong></span> 
     </span>
    </p>
   </div>
   <div class='ocr_carea' id='block_1_4' title="bbox 264 2682 1470 4447">
    <p class='ocr_par' dir='ltr' id='par_1_6' title="bbox 265 2682 1470 3706">
     <span class='ocr_line' id='line_1_23' title="bbox 356 2682 1449 2752; baseline 0.003 -16"><span class='ocrx_word' id='word_1_195' title='bbox 356 2688 404 2748; x_wconf 69' lang='grc'><strong>«5</strong></span> <span class='ocrx_word' id='word_1_196' title='bbox 424 2683 451 2737; x_wconf 93' lang='grc'><strong>3.</strong></span> <span class='ocrx_word' id='word_1_197' title='bbox 471 2682 700 2750; x_wconf 76' lang='lat' dir='ltr'><strong>consultissimae</strong></span> <span class='ocrx_word' id='word_1_198' title='bbox 726 2682 882 2737; x_wconf 91' lang='lat' dir='ltr'><strong>huiusmodi</strong></span> <span class='ocrx_word' id='word_1_199' title='bbox 901 2683 978 2752; x_wconf 87' lang='lat' dir='ltr'><strong>leges</strong></span> <span class='ocrx_word' id='word_1_200' title='bbox 997 2701 1061 2738; x_wconf 89' lang='lat' dir='ltr'><strong>enm</strong></span> <span class='ocrx_word' id='word_1_201' title='bbox 1079 2684 1108 2736; x_wconf 94' lang='lat' dir='ltr'><strong>in</strong></span> <span class='ocrx_word' id='word_1_202' title='bbox 1127 2685 1211 2739; x_wconf 86' lang='lat' dir='ltr'><strong>finem</strong></span> <span class='ocrx_word' id='word_1_203' title='bbox 1230 2685 1392 2750; x_wconf 88' lang='lat' dir='ltr'><strong>institutae,</strong></span> <span class='ocrx_word' id='word_1_204' title='bbox 1411 2702 1449 2739; x_wconf 91' lang='lat' dir='ltr'><strong>ne</strong></span> 
     </span>
     <span class='ocr_line' id='line_1_24' title="bbox 268 2791 1451 2862; baseline 0.001 -17"><span class='ocrx_word' id='word_1_205' title='bbox 268 2793 297 2845; x_wconf 91' lang='lat' dir='ltr'><strong>in</strong></span> <span class='ocrx_word' id='word_1_206' title='bbox 316 2793 388 2845; x_wconf 88' lang='lat' dir='ltr'><strong>tanti</strong></span> <span class='ocrx_word' id='word_1_207' title='bbox 408 2792 540 2844; x_wconf 88' lang='lat' dir='ltr'><strong>momenti</strong></span> <span class='ocrx_word' id='word_1_208' title='bbox 561 2807 590 2844; x_wconf 92' lang='lat' dir='ltr'><strong>re</strong></span> <span class='ocrx_word' id='word_1_209' title='bbox 610 2792 730 2861; x_wconf 86' lang='lat' dir='ltr'><strong>imperiti</strong></span> <span class='ocrx_word' id='word_1_210' title='bbox 752 2791 900 2861; x_wconf 84' lang='lat' dir='ltr'><strong>magistris,</strong></span> <span class='ocrx_word' id='word_1_211' title='bbox 921 2791 984 2844; x_wconf 89' lang='lat' dir='ltr'><strong>novi</strong></span> <span class='ocrx_word' id='word_1_212' title='bbox 1003 2791 1137 2862; x_wconf 86' lang='lat' dir='ltr'><strong>antiquis,</strong></span> <span class='ocrx_word' id='word_1_213' title='bbox 1154 2791 1236 2847; x_wconf 83' lang='lat' dir='ltr'><strong>rudes</strong></span> <span class='ocrx_word' id='word_1_214' title='bbox 1255 2795 1451 2862; x_wconf 81' lang='lat' dir='ltr'><strong>praeferantur</strong></span> 
     </span>
     <span class='ocr_line' id='line_1_25' title="bbox 267 2896 1449 2967; baseline 0.002 -16"><span class='ocrx_word' id='word_1_215' title='bbox 267 2897 406 2962; x_wconf 84' lang='lat' dir='ltr'><strong>emeritis,</strong></span> <span class='ocrx_word' id='word_1_216' title='bbox 432 2896 554 2950; x_wconf 85' lang='lat' dir='ltr'><strong>violatae</strong></span> <span class='ocrx_word' id='word_1_217' title='bbox 580 2902 646 2950; x_wconf 76' lang='lat' dir='ltr'><strong>ruint</strong></span> <span class='ocrx_word' id='word_1_218' title='bbox 669 2896 812 2950; x_wconf 86' lang='lat' dir='ltr'><strong>bominum</strong></span> <span class='ocrx_word' id='word_1_219' title='bbox 831 2897 931 2950; x_wconf 82' lang='lat' dir='ltr'><strong>fraude</strong></span> <span class='ocrx_word' id='word_1_220' title='bbox 947 2902 976 2950; x_wconf 92' lang='lat' dir='ltr'><strong>ct</strong></span> <span class='ocrx_word' id='word_1_221' title='bbox 994 2896 1117 2964; x_wconf 83' lang='lat' dir='ltr'><strong>malitia,</strong></span> <span class='ocrx_word' id='word_1_222' title='bbox 1139 2897 1200 2967; x_wconf 87' lang='lat' dir='ltr'><strong>ipse</strong></span> <span class='ocrx_word' id='word_1_223' title='bbox 1218 2898 1327 2953; x_wconf 88' lang='lat' dir='ltr'><strong>medela</strong></span> <span class='ocrx_word' id='word_1_224' title='bbox 1345 2901 1449 2953; x_wconf 90' lang='lat' dir='ltr'><strong>vulnus</strong></span> 
     </span>
     <span class='ocr_line' id='line_1_26' title="bbox 267 2992 1447 3074; baseline 0.001 -17"><span class='ocrx_word' id='word_1_225' title='bbox 267 2992 500 3072; x_wconf 83' lang='lat' dir='ltr'><strong>exasperantium.</strong></span> <span class='ocrx_word' id='word_1_226' title='bbox 521 3003 687 3074; x_wconf 89' lang='lat' dir='ltr'><strong>Saepissime</strong></span> <span class='ocrx_word' id='word_1_227' title='bbox 700 3003 774 3056; x_wconf 88' lang='lat' dir='ltr'><strong>enim</strong></span> <span class='ocrx_word' id='word_1_228' title='bbox 788 3003 885 3058; x_wconf 88' lang='lat' dir='ltr'><strong>reiecti</strong></span> <span class='ocrx_word' id='word_1_229' title='bbox 898 3006 933 3056; x_wconf 90' lang='lat' dir='ltr'><strong>ab</strong></span> <span class='ocrx_word' id='word_1_230' title='bbox 947 3003 1102 3070; x_wconf 89' lang='lat' dir='ltr'><strong>Ordiuario,</strong></span> <span class='ocrx_word' id='word_1_231' title='bbox 1121 3005 1211 3060; x_wconf 88' lang='lat' dir='ltr'><strong>dictae</strong></span> <span class='ocrx_word' id='word_1_232' title='bbox 1230 3004 1447 3059; x_wconf 87' lang='lat' dir='ltr'><strong>Constitutionis</strong></span> 
     </span>
     <span class='ocr_line' id='line_1_27' title="bbox 265 3106 1448 3178; baseline 0 -16"><span class='ocrx_word' id='word_1_233' title='bbox 265 3107 393 3174; x_wconf 88' lang='lat' dir='ltr'><strong>obtentu,</strong></span> <span class='ocrx_word' id='word_1_234' title='bbox 411 3107 439 3160; x_wconf 92' lang='lat' dir='ltr'><strong>in</strong></span> <span class='ocrx_word' id='word_1_235' title='bbox 459 3123 556 3162; x_wconf 84' lang='lat' dir='ltr'><strong>rocem</strong></span> <span class='ocrx_word' id='word_1_236' title='bbox 576 3106 774 3176; x_wconf 84' lang='lat' dir='ltr'><strong>appellationis</strong></span> <span class='ocrx_word' id='word_1_237' title='bbox 792 3108 875 3162; x_wconf 81' lang='lat' dir='ltr'><strong>facile</strong></span> <span class='ocrx_word' id='word_1_238' title='bbox 888 3124 1076 3178; x_wconf 89' lang='lat' dir='ltr'><strong>prorumpere,</strong></span> <span class='ocrx_word' id='word_1_239' title='bbox 1089 3112 1118 3162; x_wconf 90' lang='lat' dir='ltr'><strong>et</strong></span> <span class='ocrx_word' id='word_1_240' title='bbox 1131 3109 1222 3162; x_wconf 91' lang='lat' dir='ltr'><strong>minus</strong></span> <span class='ocrx_word' id='word_1_241' title='bbox 1235 3109 1365 3178; x_wconf 79' lang='lat' dir='ltr'><strong>legitima</strong></span> <span class='ocrx_word' id='word_1_242' title='bbox 1377 3125 1448 3162; x_wconf 92' lang='lat' dir='ltr'><strong>con·</strong></span> 
     </span>
     <span class='ocr_line' id='line_1_28' title="bbox 267 3209 1447 3290; baseline 0.004 -26"><span class='ocrx_word' id='word_1_243' title='bbox 267 3216 397 3290; x_wconf 82' lang='lat' dir='ltr'><strong>currente</strong></span> <span class='ocrx_word' id='word_1_244' title='bbox 415 3228 507 3278; x_wconf 87' lang='lat' dir='ltr'><strong>causa,</strong></span> <span class='ocrx_word' id='word_1_245' title='bbox 526 3209 630 3266; x_wconf 87' lang='lat' dir='ltr'><strong>electos</strong></span> <span class='ocrx_word' id='word_1_246' title='bbox 649 3213 683 3264; x_wconf 94' lang='lat' dir='ltr'><strong>ab</strong></span> <span class='ocrx_word' id='word_1_247' title='bbox 703 3211 842 3281; x_wconf 85' lang='lat' dir='ltr'><strong>Episcopo</strong></span> <span class='ocrx_word' id='word_1_248' title='bbox 854 3211 888 3265; x_wconf 89' lang='lat' dir='ltr'><strong>ad</strong></span> <span class='ocrx_word' id='word_1_249' title='bbox 901 3229 1004 3268; x_wconf 89' lang='lat' dir='ltr'><strong>novum</strong></span> <span class='ocrx_word' id='word_1_250' title='bbox 1022 3229 1139 3268; x_wconf 87' lang='lat' dir='ltr'><strong>examen</strong></span> <span class='ocrx_word' id='word_1_251' title='bbox 1158 3229 1310 3283; x_wconf 84' lang='lat' dir='ltr'><strong>provocare</strong></span> <span class='ocrx_word' id='word_1_252' title='bbox 1331 3231 1447 3270; x_wconf 87' lang='lat' dir='ltr'><strong>consue·</strong></span> 
     </span>
     <span class='ocr_line' id='line_1_29' title="bbox 268 3318 1447 3393; baseline 0.008 -25"><span class='ocrx_word' id='word_1_253' title='bbox 268 3324 383 3382; x_wconf 80' lang='lat' dir='ltr'><strong>verant3</strong></span> <span class='ocrx_word' id='word_1_254' title='bbox 409 3319 527 3389; x_wconf 91' lang='lat' dir='ltr'><strong>illosque</strong></span> <span class='ocrx_word' id='word_1_255' title='bbox 552 3325 710 3388; x_wconf 88' lang='lat' dir='ltr'><strong>praeterea,</strong></span> <span class='ocrx_word' id='word_1_256' title='bbox 730 3318 831 3373; x_wconf 92' lang='lat' dir='ltr'><strong>relicta</strong></span> <span class='ocrx_word' id='word_1_257' title='bbox 849 3321 944 3390; x_wconf 77' lang='lat' dir='ltr'><strong>gregis</strong></span> <span class='ocrx_word' id='word_1_258' title='bbox 961 3325 989 3372; x_wconf 90' lang='lat' dir='ltr'><strong>et</strong></span> <span class='ocrx_word' id='word_1_259' title='bbox 1010 3319 1150 3375; x_wconf 86' lang='lat' dir='ltr'><strong>Ecclesiae</strong></span> <span class='ocrx_word' id='word_1_260' title='bbox 1173 3321 1312 3388; x_wconf 82' lang='lat' dir='ltr'><strong>custodia,</strong></span> <span class='ocrx_word' id='word_1_261' title='bbox 1332 3322 1447 3393; x_wconf 78' lang='lat' dir='ltr'><strong>longum</strong></span> 
     </span>
     <span class='ocr_line' id='line_1_30' title="bbox 267 3418 1448 3498; baseline 0.003 -21"><span class='ocrx_word' id='word_1_262' title='bbox 267 3426 323 3478; x_wconf 87' lang='lat' dir='ltr'><strong>iter</strong></span> <span class='ocrx_word' id='word_1_263' title='bbox 341 3427 464 3494; x_wconf 86' lang='lat' dir='ltr'><strong>arripere</strong></span> <span class='ocrx_word' id='word_1_264' title='bbox 483 3431 512 3480; x_wconf 88' lang='lat' dir='ltr'><strong>et</strong></span> <span class='ocrx_word' id='word_1_265' title='bbox 529 3425 653 3480; x_wconf 89' lang='lat' dir='ltr'><strong>diuturni</strong></span> <span class='ocrx_word' id='word_1_266' title='bbox 674 3425 785 3492; x_wconf 88' lang='lat' dir='ltr'><strong>laboris,</strong></span> <span class='ocrx_word' id='word_1_267' title='bbox 805 3427 938 3496; x_wconf 91' lang='lat' dir='ltr'><strong>temporis</strong></span> <span class='ocrx_word' id='word_1_268' title='bbox 957 3431 985 3480; x_wconf 93' lang='lat' dir='ltr'><strong>et</strong></span> <span class='ocrx_word' id='word_1_269' title='bbox 1001 3418 1135 3496; x_wconf 83' lang='lat' dir='ltr'><strong>pecuniae</strong></span> <span class='ocrx_word' id='word_1_270' title='bbox 1148 3427 1273 3498; x_wconf 89' lang='lat' dir='ltr'><strong>impensa</strong></span> <span class='ocrx_word' id='word_1_271' title='bbox 1286 3427 1448 3494; x_wconf 81' lang='lat' dir='ltr'><strong>exhaustos,</strong></span> 
     </span>
     <span class='ocr_line' id='line_1_31' title="bbox 268 3531 1470 3604; baseline 0.005 -20"><span class='ocrx_word' id='word_1_272' title='bbox 268 3531 347 3584; x_wconf 91' lang='lat' dir='ltr'><strong>litem</strong></span> <span class='ocrx_word' id='word_1_273' title='bbox 372 3533 400 3584; x_wconf 91' lang='lat' dir='ltr'><strong>in</strong></span> <span class='ocrx_word' id='word_1_274' title='bbox 426 3533 561 3598; x_wconf 87' lang='lat' dir='ltr'><strong>secunda,</strong></span> <span class='ocrx_word' id='word_1_275' title='bbox 585 3533 671 3587; x_wconf 85' lang='lat' dir='ltr'><strong>tertie</strong></span> <span class='ocrx_word' id='word_1_276' title='bbox 694 3536 722 3587; x_wconf 93' lang='lat' dir='ltr'><strong>et</strong></span> <span class='ocrx_word' id='word_1_277' title='bbox 746 3532 873 3588; x_wconf 91' lang='lat' dir='ltr'><strong>ulteriori</strong></span> <span class='ocrx_word' id='word_1_278' title='bbox 897 3533 1061 3604; x_wconf 87' lang='lat' dir='ltr'><strong>quandoque</strong></span> <span class='ocrx_word' id='word_1_279' title='bbox 1086 3534 1221 3589; x_wconf 84' lang='lat' dir='ltr'><strong>instantia</strong></span> <span class='ocrx_word' id='word_1_280' title='bbox 1242 3536 1381 3590; x_wconf 89' lang='lat' dir='ltr'><strong>sustinere</strong></span> <span class='ocrx_word' id='word_1_281' title='bbox 1399 3552 1470 3590; x_wconf 54' lang='lat' dir='ltr'><strong>con</strong></span> 
     </span>
     <span class='ocr_line' id='line_1_32' title="bbox 266 3638 379 3706; baseline -0.009 -15"><span class='ocrx_word' id='word_1_282' title='bbox 266 3638 379 3706; x_wconf 82' lang='lat' dir='ltr'><strong>gebant.</strong></span> 
     </span>
    </p>

    <p class='ocr_par' dir='ltr' id='par_1_7' title="bbox 264 3747 1452 4447">
     <span class='ocr_line' id='line_1_33' title="bbox 354 3747 1450 3818; baseline 0.001 -16"><span class='ocrx_word' id='word_1_283' title='bbox 354 3749 404 3810; x_wconf 69' lang='grc'><strong>«5</strong></span> <span class='ocrx_word' id='word_1_284' title='bbox 424 3749 447 3800; x_wconf 82' lang='grc'><strong>4.</strong></span> <span class='ocrx_word' id='word_1_285' title='bbox 467 3747 645 3809; x_wconf 88' lang='lat' dir='ltr'><strong>Quinetiam</strong></span> <span class='ocrx_word' id='word_1_286' title='bbox 665 3748 839 3816; x_wconf 82' lang='lat' dir='ltr'><strong>experientia</strong></span> <span class='ocrx_word' id='word_1_287' title='bbox 862 3751 1034 3818; x_wconf 90' lang='lat' dir='ltr'><strong>compertum</strong></span> <span class='ocrx_word' id='word_1_288' title='bbox 1053 3751 1110 3814; x_wconf 89' lang='lat' dir='ltr'><strong>est,</strong></span> <span class='ocrx_word' id='word_1_289' title='bbox 1137 3765 1239 3818; x_wconf 82' lang='lat' dir='ltr'><strong>magno</strong></span> <span class='ocrx_word' id='word_1_290' title='bbox 1258 3747 1383 3803; x_wconf 88' lang='lat' dir='ltr'><strong>iustitiae</strong></span> <span class='ocrx_word' id='word_1_291' title='bbox 1402 3747 1450 3803; x_wconf 88' lang='lat' dir='ltr'><strong>dc·</strong></span> 
     </span>
     <span class='ocr_line' id='line_1_34' title="bbox 266 3853 1447 3926; baseline -0.001 -15"><span class='ocrx_word' id='word_1_292' title='bbox 266 3853 399 3911; x_wconf 90' lang='lat' dir='ltr'><strong>trimento</strong></span> <span class='ocrx_word' id='word_1_293' title='bbox 417 3853 496 3910; x_wconf 91' lang='lat' dir='ltr'><strong>litem</strong></span> <span class='ocrx_word' id='word_1_294' title='bbox 515 3855 604 3924; x_wconf 90' lang='lat' dir='ltr'><strong>ipsam</strong></span> <span class='ocrx_word' id='word_1_295' title='bbox 617 3853 739 3920; x_wconf 80' lang='lat' dir='ltr'><strong>absolri3</strong></span> <span class='ocrx_word' id='word_1_296' title='bbox 752 3854 973 3925; x_wconf 86' lang='lat' dir='ltr'><strong>quandoquidem</strong></span> <span class='ocrx_word' id='word_1_297' title='bbox 988 3855 1016 3922; x_wconf 93' lang='lat' dir='ltr'><strong>ii,</strong></span> <span class='ocrx_word' id='word_1_298' title='bbox 1028 3855 1076 3926; x_wconf 92' lang='lat' dir='ltr'><strong>qui</strong></span> <span class='ocrx_word' id='word_1_299' title='bbox 1090 3855 1212 3910; x_wconf 87' lang='lat' dir='ltr'><strong>examini</strong></span> <span class='ocrx_word' id='word_1_300' title='bbox 1225 3871 1256 3910; x_wconf 86' lang='lat' dir='ltr'><strong>se</strong></span> <span class='ocrx_word' id='word_1_301' title='bbox 1267 3856 1447 3910; x_wconf 85' lang='lat' dir='ltr'><strong>subiecerant</strong></span> 
     </span>
     <span class='ocr_line' id='line_1_35' title="bbox 268 3953 1449 4032; baseline -0.002 -17"><span class='ocrx_word' id='word_1_302' title='bbox 268 3967 352 4032; x_wconf 87' lang='lat' dir='ltr'><strong>atque</strong></span> <span class='ocrx_word' id='word_1_303' title='bbox 363 3961 390 4014; x_wconf 94' lang='lat' dir='ltr'><strong>in</strong></span> <span class='ocrx_word' id='word_1_304' title='bbox 402 3961 543 4030; x_wconf 87' lang='lat' dir='ltr'><strong>primaevo</strong></span> <span class='ocrx_word' id='word_1_305' title='bbox 553 3977 696 4028; x_wconf 87' lang='lat' dir='ltr'><strong>concursu,</strong></span> <span class='ocrx_word' id='word_1_306' title='bbox 706 3963 803 4029; x_wconf 87' lang='lat' dir='ltr'><strong>utpote</strong></span> <span class='ocrx_word' id='word_1_307' title='bbox 814 3959 1003 4029; x_wconf 78' lang='lat' dir='ltr'><strong>legitimarum</strong></span> <span class='ocrx_word' id='word_1_308' title='bbox 1014 3959 1221 4013; x_wconf 88' lang='lat' dir='ltr'><strong>institutionum</strong></span> <span class='ocrx_word' id='word_1_309' title='bbox 1232 3953 1329 4026; x_wconf 84' lang='lat' dir='ltr'><strong>nescii,</strong></span> <span class='ocrx_word' id='word_1_310' title='bbox 1339 3960 1449 4025; x_wconf 84' lang='lat' dir='ltr'><strong>reiecti,</strong></span> 
     </span>
     <span class='ocr_line' id='line_1_36' title="bbox 266 4065 1448 4137; baseline -0.002 -16"><span class='ocrx_word' id='word_1_311' title='bbox 266 4069 385 4134; x_wconf 83' lang='lat' dir='ltr'><strong>fuerant,</strong></span> <span class='ocrx_word' id='word_1_312' title='bbox 405 4067 490 4137; x_wconf 85' lang='lat' dir='ltr'><strong>longa</strong></span> <span class='ocrx_word' id='word_1_313' title='bbox 509 4068 681 4137; x_wconf 90' lang='lat' dir='ltr'><strong>postmodum</strong></span> <span class='ocrx_word' id='word_1_314' title='bbox 705 4067 870 4122; x_wconf 87' lang='lat' dir='ltr'><strong>decurrente</strong></span> <span class='ocrx_word' id='word_1_315' title='bbox 892 4065 958 4131; x_wconf 89' lang='lat' dir='ltr'><strong>lite,</strong></span> <span class='ocrx_word' id='word_1_316' title='bbox 982 4065 1106 4120; x_wconf 89' lang='lat' dir='ltr'><strong>sedulam</strong></span> <span class='ocrx_word' id='word_1_317' title='bbox 1132 4065 1237 4121; x_wconf 89' lang='lat' dir='ltr'><strong>litteris</strong></span> <span class='ocrx_word' id='word_1_318' title='bbox 1255 4083 1289 4122; x_wconf 87' lang='lat' dir='ltr'><strong>ex</strong></span> <span class='ocrx_word' id='word_1_319' title='bbox 1310 4066 1448 4119; x_wconf 88' lang='lat' dir='ltr'><strong>industria</strong></span> 
     </span>
     <span class='ocr_line' id='line_1_37' title="bbox 264 4172 1452 4244; baseline -0.003 -16"><span class='ocrx_word' id='word_1_320' title='bbox 264 4178 399 4229; x_wconf 85' lang='lat' dir='ltr'><strong>navantes</strong></span> <span class='ocrx_word' id='word_1_321' title='bbox 417 4191 539 4244; x_wconf 84' lang='lat' dir='ltr'><strong>operam,</strong></span> <span class='ocrx_word' id='word_1_322' title='bbox 558 4175 692 4244; x_wconf 83' lang='lat' dir='ltr'><strong>praeferri</strong></span> <span class='ocrx_word' id='word_1_323' title='bbox 710 4174 774 4229; x_wconf 88' lang='lat' dir='ltr'><strong>aliis</strong></span> <span class='ocrx_word' id='word_1_324' title='bbox 793 4175 973 4228; x_wconf 90' lang='lat' dir='ltr'><strong>merebantur</strong></span> <span class='ocrx_word' id='word_1_325' title='bbox 990 4181 1020 4227; x_wconf 88' lang='lat' dir='ltr'><strong>et</strong></span> <span class='ocrx_word' id='word_1_326' title='bbox 1038 4173 1139 4226; x_wconf 84' lang='lat' dir='ltr'><strong>acerbe</strong></span> <span class='ocrx_word' id='word_1_327' title='bbox 1157 4175 1363 4228; x_wconf 83' lang='lat' dir='ltr'><strong>succensebant</strong></span> <span class='ocrx_word' id='word_1_328' title='bbox 1381 4172 1452 4242; x_wconf 81' lang='lat' dir='ltr'><strong>Epi·</strong></span> 
     </span>
     <span class='ocr_line' id='line_1_38' title="bbox 265 4277 1450 4351; baseline 0.001 -21"><span class='ocrx_word' id='word_1_329' title='bbox 265 4293 357 4348; x_wconf 92' lang='lat' dir='ltr'><strong>scopo,</strong></span> <span class='ocrx_word' id='word_1_330' title='bbox 369 4279 452 4333; x_wconf 89' lang='lat' dir='ltr'><strong>iudici</strong></span> <span class='ocrx_word' id='word_1_331' title='bbox 465 4280 576 4351; x_wconf 91' lang='lat' dir='ltr'><strong>quidem</strong></span> <span class='ocrx_word' id='word_1_332' title='bbox 588 4279 713 4348; x_wconf 82' lang='lat' dir='ltr'><strong>adeptae,</strong></span> <span class='ocrx_word' id='word_1_333' title='bbox 727 4295 781 4334; x_wconf 90' lang='lat' dir='ltr'><strong>non</strong></span> <span class='ocrx_word' id='word_1_334' title='bbox 795 4282 889 4334; x_wconf 89' lang='lat' dir='ltr'><strong>autem</strong></span> <span class='ocrx_word' id='word_1_335' title='bbox 902 4277 1096 4348; x_wconf 88' lang='lat' dir='ltr'><strong>adipiscendae</strong></span> <span class='ocrx_word' id='word_1_336' title='bbox 1111 4277 1170 4347; x_wconf 88' lang='lat' dir='ltr'><strong>peri</strong></span> <span class='ocrx_word' id='word_1_337' title='bbox 1176 4278 1240 4346; x_wconf 90' lang='lat' dir='ltr'><strong>tiae,</strong></span> <span class='ocrx_word' id='word_1_338' title='bbox 1255 4294 1304 4348; x_wconf 88' lang='lat' dir='ltr'><strong>per</strong></span> <span class='ocrx_word' id='word_1_339' title='bbox 1316 4277 1450 4333; x_wconf 87' lang='lat' dir='ltr'><strong>iniuriam</strong></span> 
     </span>
     <span class='ocr_line' id='line_1_39' title="bbox 266 4391 547 4447; baseline -0.004 0"><span class='ocrx_word' id='word_1_340' title='bbox 266 4409 297 4447; x_wconf 85' lang='lat' dir='ltr'><strong>se</strong></span> <span class='ocrx_word' id='word_1_341' title='bbox 316 4392 401 4447; x_wconf 84' lang='lat' dir='ltr'><strong>fuisse</strong></span> <span class='ocrx_word' id='word_1_342' title='bbox 420 4391 547 4446; x_wconf 88' lang='lat' dir='ltr'><strong>reiectos.</strong></span> 
     </span>
    </p>
   </div>
   <div class='ocr_carea' id='block_1_5' title="bbox 0 0 1655 5109">
    <p class='ocr_par' dir='ltr' id='par_1_8' title="bbox 0 0 1655 5109">
     <span class='ocr_line' id='line_1_40' title="bbox 0 0 1655 5109; baseline 0 0"><span class='ocrx_word' id='word_1_343' title='bbox 0 0 1655 5109; x_wconf 95' lang='lat' dir='ltr'><strong> </strong></span> 
     </span>
    </p>
   </div>
  </div>
 </body>
</html>
