3292 5109
475 304 519 352 on
543 302 683 353 runicus
706 304 972 353 nccnnsmsmcrs
1264 286 1309 354 57

137 424 361 509 imprimendis,
381 445 421 491 eo
443 422 507 491 fine
529 430 567 493 ut
588 428 792 511 quaestiones
816 426 954 491 strictim
977 430 1011 491 et
1032 427 1163 493 conciso
1184 426 1309 493 calamo

138 555 321 625 exarentur,
338 552 467 617 evitatis
489 550 772 637 superfluitatibus.
797 550 850 617 Ad
865 572 937 617 rem
951 550 1034 618 haec
1049 549 1145 617 docet
1158 552 1206 617 De
1221 551 1311 617 Luca

136 695 188 759 op.
203 677 256 744 cit.
281 678 369 745 Dite.
386 676 443 752 lo,
466 698 500 743 n.
518 678 580 745 28:
598 698 617 741 ‹
638 677 708 753 Quo
732 696 812 743 vero
835 675 878 742 ad
899 675 988 742 aliud
1009 696 1126 743 munus
1147 676 1311 743 scribendi

137 800 181 879 (in
196 819 258 885 quo
274 820 354 866 rere
374 802 674 887 maiorespaneque
690 800 807 866 totales
822 798 1053 865 advocatorum
1075 801 1186 866 euriae
1200 805 1312 887 partes

134 926 320 1013 versantur)
342 928 467 1013 pariter
488 925 685 993 damnabiles
709 932 741 993 et
764 924 1020 1011 contemptibiles
1046 930 1240 1011 reputantur
1262 947 1311 992 su·

135 1046 247 1135 perflui
267 1057 442 1137 apparatus
463 1052 515 1117 vel
538 1051 774 1138 praefationes;
798 1052 950 1135 quoniam
972 1071 1071 1117 verus
1094 1056 1126 1116 et
1148 1070 1310 1117 commen-

135 1173 246 1241 dabilis
270 1175 433 1243 scribendi
450 1175 561 1241 modus
586 1182 635 1242 est
732 1177 847 1241 stricte
870 1181 903 1242 et
925 1174 1133 1263 cathegorico
1156 1196 1218 1261 quo
1240 1174 1311 1241 bre

135 1296 202 1361 vius
225 1316 266 1361 eo
289 1296 404 1365 melius
420 1302 455 1365 et
468 1296 768 1373 commendabilius;
791 1296 930 1366 fundare
953 1296 993 1361 de
1015 1298 1087 1363 iure
1102 1298 1311 1365 intentionem

135 1418 259 1487 olentis
282 1425 380 1505 atque
403 1440 579 1489 occurrere
601 1418 841 1487 difficultatibus
863 1424 960 1487 eto.»

220 1547 330 1614 Hodie
351 1550 511 1633 potiorem
533 1548 639 1613 locum
663 1547 787 1613 obtinet
809 1546 994 1611 informatio
1016 1546 1146 1631 scriptis
1176 1552 1313 1611 exarata

134 1674 165 1734 et
186 1671 251 1736 alia
276 1672 462 1737 informatio
479 1673 525 1737 uti
541 1670 733 1737 subsidiaria
756 1670 895 1736 babetur
908 1669 950 1736 ad
965 1669 1080 1736 melius
1101 1668 1314 1736 declarandas

134 1796 338 1877 quaestiones
362 1800 393 1860 et
417 1794 457 1860 ad
477 1792 684 1860 difficultates
699 1794 837 1881 penitius
860 1791 1027 1858 diluendas
1039 1791 1095 1880 (l).
1113 1829 1131 1841 ·
1148 1792 1212 1859 Sed
1231 1793 1314 1859 haec

135 1922 309 2007 praecipue
337 1942 378 1987 ne
400 1920 554 1987 trabatur
576 1920 617 1987 ad
647 1918 795 1995 fraudes,
818 1924 1037 2004 praestantem
1068 1918 1252 2005 expostulat
1279 1919 1313 1985 in

135 2040 299 2111 advocatis
323 2050 357 2111 et
387 2043 653 2131 procuratoribus
687 2041 892 2129 probitatem,
915 2062 998 2128 quae
1030 2062 1109 2109 sane
1142 2040 1314 2128 praeclare

136 2167 247 2232 enituit
270 2174 306 2233 et
329 2170 431 2237 enitet
454 2169 486 2233 in
509 2166 699 2235 officiabbus
723 2168 837 2232 curiae
852 2184 1016 2238 romanae,
1033 2167 1079 2232 uti
1103 2186 1214 2232 omnes
1237 2165 1315 2231 acri·

21 2346 23 2351 .
135 2294 244 2375 ptores
267 2296 433 2358 testantur
455 2298 488 2357 et
510 2293 588 2357 hinc
607 2290 728 2357 diserte
751 2290 846 2357 docet
861 2290 1073 2376 experientia,
1090 2310 1144 2355 res
1167 2291 1200 2354 in
1222 2290 1314 2385 curia

136 2410 293 2480 iudicatas
312 2416 415 2503 magis
431 2416 618 2480 reverentia
636 2421 669 2479 et
691 2414 904 2481 admiratione
923 2412 1136 2479 obedientiam
1159 2412 1220 2479 sibi
1242 2414 1313 2477 vin-

135 2528 259 2599 dicasse
283 2554 379 2621 quam
402 2538 595 2602 auctoritate
618 2541 651 2602 et
672 2536 819 2621 imperio.

136 3565 243 3621 «Bane
262 3582 360 3620 aarum
384 3564 457 3635 qood
481 3562 704 3635 (deplorabiliter
722 3563 846 3635 quidem)
871 3563 956 3617 etiam
974 3563 1003 3616 in
1028 3563 1120 3629 curis,
1139 3560 1224 3615 istum
1247 3559 1317 3616 adeo

138 3674 239 3729 bonum
260 3673 385 3745 adeoque
409 3671 657 3728 commendabilem
683 3670 788 3743 stylum
813 3670 952 3726 scribendi
976 3671 1074 3725 stricte
1092 3674 1122 3726 et
1139 3667 1317 3738 cathegorica

138 3796 316 3851 corrumpere
334 3784 468 3850 satagunt
486 3779 572 3851 aliqui
592 3780 690 3850 inepti,
708 3796 830 3851 vereque
849 3777 1074 3847 contemptibiles
1092 3777 1256 3847 pragmatici
1270 3778 1318 3848 qui

138 3887 282 3941 facultatis
303 3884 450 3940 scientiam
470 3901 525 3939 non
543 3883 679 3939 habentes
698 3902 747 3953 per
765 3900 863 3937 causas
876 3888 906 3939 et
918 3900 968 3953 per
981 3883 1118 3953 principia
1205 3882 1318 3938 chartas

140 3992 249 4061 replent
268 3988 416 4045 inutilibus
440 3988 658 4058 allegationibus
680 3988 843 4059 frequenter
861 3986 1031 4057 negligendo
1049 3987 1101 4042 illa
1123 3985 1318 4042 substantialia

139 4098 244 4152 motiva
262 4101 348 4153 ete.»

228 4198 269 4271 (l)
287 4198 381 4252 Etiam
394 4197 422 4251 in
434 4197 494 4253 eod.
507 4198 554 4251 cit
568 4196 650 4267 Greg.
664 4197 704 4251 ita
717 4196 888 4253 describitur
904 4194 974 4251 baec
992 4195 1152 4250 informatio
1164 4204 1217 4249 art.
1231 4194 1319 4250 1083:

139 4318 157 4361 t
169 4306 280 4364 ludices
292 4306 408 4361 audiant
421 4308 637 4376 informationes
649 4323 666 4358 a
679 4304 743 4359 oica
756 4321 823 4359 uoce
838 4312 1059 4375 procuratorum
1071 4312 1098 4358 ot
1109 4304 1319 4369 macenorum·

137 4424 294 4486 proponent
312 4416 383 4486 sacta·
397 4423 423 4468 et
442 4414 514 4467 iuris
532 4412 711 4483 difficultates
728 4421 760 4466 ut
779 4414 919 4482 oppoatcs
936 4412 1055 4465 babeant
1066 4410 1320 4465 dilucidaturum.)
