3292 5109
500 280 545 326 ns
568 278 708 326 runicus
731 278 995 326 ncccnsmsrrcrs
1283 260 1348 323 447

171 409 307 488 gnoscat
329 401 427 467 iudex
450 402 690 488 appellationis;
713 400 769 466 sed
792 404 1053 485 quotiescumque
1076 402 1209 465 seorsim
1234 405 1349 486 agatur

171 524 212 589 de
240 524 382 591 remedio
406 530 483 591 rest.
508 526 542 591 in
565 527 743 611 integrum,
768 524 820 588 vel
850 524 889 589 de
912 525 1046 609 querela
1077 524 1243 595 nuditatis,
1268 522 1349 587 nihil

171 654 326 715 mutatum
344 653 393 714 est
409 651 441 713 in
457 650 528 713 iure
544 652 714 713 communi.
733 650 780 715 cf.
796 650 975 715 Leurenius
991 669 1046 733 cp.
1061 649 1113 714 cil.
1127 668 1159 733 q.
1172 668 1204 733 q.
1220 648 1276 722 77,
1292 646 1347 711 79.

260 776 337 841 342.
362 774 538 850 Quaeritur
553 795 595 839 an
613 776 762 860 exceptio
786 776 977 859 suspicionis
994 794 1057 859 qua
1080 782 1249 839 recusatur
1273 777 1348 861 Epi·

170 920 287 985 scopus
309 902 353 965 uti
378 906 554 985 suspectus.
571 906 744 966 censeatur
760 920 916 965 recusare
936 902 1031 964 etiam
1051 900 1122 967 Vic.
1139 901 1348 975 Generalem;

170 1030 204 1089 et
226 1027 298 1090 vice
320 1045 424 1089 versa.
452 1061 470 1073 -
497 1026 591 1090 Ratio
615 1024 778 1090 dubitandi
806 1023 972 1110 estquod
1003 1045 1100 1089 unum
1126 1024 1271 1107 idemque
1300 1030 1349 1089 est

171 1154 337 1235 utriusque
364 1152 517 1222 tribunal,
542 1158 574 1217 et
598 1153 676 1217 hinc
707 1152 818 1215 intima
842 1152 936 1216 unius
958 1152 990 1214 in
1015 1151 1152 1215 alterum
1178 1150 1301 1213 relatio.
1328 1184 1346 1197 -

171 1279 320 1342 iamvero
337 1277 495 1359 principia
518 1276 684 1360 generalia
707 1275 747 1340 de
764 1277 969 1339 recusatione
988 1274 1100 1339 iudicis
1117 1274 1348 1371 explicavimus

170 1401 233 1465 vot.
259 1400 287 1478 l,
310 1419 343 1462 n.
366 1398 542 1465 545.-1n
566 1400 674 1483 specie
697 1397 789 1461 medo
806 1397 960 1477 addimus,
978 1398 1133 1461 Doctores
1149 1398 1181 1460 in
1205 1396 1266 1460 hoc
1283 1415 1347 1459 non

169 1524 357 1588 convenire.
390 1524 569 1588 Leurenius
593 1524 613 1586 l.
638 1542 665 1588 c.
690 1542 723 1607 q.
748 1541 780 1605 q.
806 1523 863 1594 90,
890 1522 930 1587 91
954 1523 1148 1593 arbitratur,
1182 1523 1213 1585 in
1244 1522 1349 1606 prima

168 1647 286 1731 specie,
305 1648 540 1710 recusationem
555 1646 722 1731 probatam
738 1646 894 1710 adversus
912 1647 1102 1731 Episcopum
1122 1646 1233 1709 valere
1250 1646 1347 1709 etiam

169 1772 273 1855 quoad
302 1772 470 1837 Vicarium
503 1774 714 1842 Generalem.
747 1775 822 1856 qnia
852 1773 921 1845 hic,
954 1775 1070 1858 quippe
1101 1774 1153 1856 qui
1185 1775 1346 1838 removeri

169 1901 273 1980 pot-est
301 1896 342 1963 ab
372 1896 476 1961 officio
507 1903 586 1962 nutu
614 1899 780 1983 Episcopi,
808 1918 874 1962 non
905 1899 992 1963 valet
1021 1900 1119 1964 edere
1154 1900 1346 1963 sententiam

168 2039 250 2103 quae
273 2021 433 2105 Episcopo
457 2021 623 2106 displiceat
645 2023 722 2104 quin
746 2024 814 2086 eius
842 2024 923 2085 iram
948 2025 1108 2097 incurrat;
1133 2028 1165 2087 ot
1189 2024 1265 2088 hinc
1281 2025 1348 2087 ani-

168 2164 237 2207 mus
261 2145 419 2229 Episcopi,
444 2151 698 2231 praeoccupatus
729 2145 833 2211 studio
857 2146 1004 2231 partium,
1035 2144 1139 2210 influit
1163 2148 1346 2212 necessario

168 2272 263 2336 etiam
287 2273 321 2334 in
344 2272 524 2337 vicarium.
551 2306 568 2318 -
594 2270 656 2336 Sed
680 2277 787 2335 tamen
811 2272 894 2338 haec
917 2272 1080 2337 conclusio
1113 2274 1189 2337 mihi
1219 2274 1347 2339 videtur

168 2394 262 2457 nimis
277 2394 440 2478 generalis
467 2400 499 2458 et
522 2394 646 2459 infensa
663 2396 840 2480 Episcopis,
858 2397 910 2483 qui
935 2415 953 2460 e
977 2402 1090 2460 contra
1113 2399 1274 2481 praesumi
1295 2397 1346 2462 de·

168 2514 245 2580 bent
261 2516 358 2581 alieni
375 2514 415 2581 ab
431 2536 470 2581 eo
486 2516 589 2581 studio
606 2520 754 2602 partium,
773 2520 911 2584 iustitiae
928 2521 1065 2584 inimico.
1081 2556 1099 2567 -
1113 2521 1231 2604 Utputa
1249 2540 1345 2604 quum

167 2642 343 2727 Episcopus
368 2648 545 2716 recusatur,
571 2645 645 2727 quia
668 2648 717 2707 est
739 2647 996 2730 consanguineus
1018 2646 1113 2709 alteri
1142 2646 1344 2730 litigantium,

165 2768 226 2831 nisi
250 2768 405 2851 probetur
429 2769 622 2853 Episcopum
647 2768 731 2833 illius
755 2788 827 2833 esse
851 2771 970 2854 ingenii
996 2776 1117 2837 utnon
1145 2772 1230 2835 sinat
1253 2792 1345 2835 suum

166 2892 333 2956 Vicarium
364 2892 508 2957 iudicare
538 2891 657 2976 absque
681 2914 894 2978 personarum
918 2896 1114 2979 acceptione.
1140 2903 1172 2959 et
1196 2916 1260 2959 non
1288 2918 1345 2981 pa-

165 3017 273 3089 tiatur,
291 3037 363 3081 eum
386 3016 490 3081 libere
513 3016 729 3082 condemnare
745 3020 811 3083 suis
835 3018 975 3084 decretis
991 3021 1086 3084 etiam
1104 3022 1255 3106 Episcopi
1272 3042 1345 3087 con-

164 3143 368 3225 sanguineos,
384 3145 468 3207 ratio
483 3164 548 3207 non
564 3142 674 3208 subest
689 3144 874 3229 probabilis,
894 3166 994 3229 quare
1010 3154 1158 3211 recusato
1176 3148 1344 3231 Episcopo,

164 3267 197 3331 in
221 3268 417 3331 universum.
435 3274 606 3333 censeatur
629 3276 796 3355 suspectus
819 3275 853 3336 et
876 3279 1043 3337 recusatus
1067 3274 1161 3337 etiam
1184 3271 1343 3339 Vicarius.

254 3389 292 3451 Iu
315 3389 421 3453 altera
444 3392 559 3473 specie,
593 3410 635 3455 an
665 3412 782 3477 nempe
813 3393 961 3478 exceptio
992 3396 1179 3478 suspicionis
1210 3394 1346 3479 probata

145 3508 204 3603 ¹de
227 3510 361 3574 Vicario
386 3512 467 3577 Gen.
492 3510 611 3578 afficiat
635 3514 838 3600 Episcopum,
863 3534 966 3597 aeque
996 3517 1150 3580 Doctores
1177 3537 1242 3581 non
1266 3538 1345 3581 con·

163 3632 309 3698 condant.
328 3670 346 3683 -
364 3636 545 3702 Leurenius
568 3639 588 3703 t.
606 3658 633 3703 c.
651 3657 683 3721 q.
702 3638 759 3719 95,
777 3638 905 3704 videtur
922 3658 985 3703 non
1009 3640 1188 3705 adhaerere
1204 3642 1344 3726 opinioni

161 3778 246 3842 quae
276 3760 374 3825 habet
405 3764 596 3848 Episcopum
625 3769 807 3848 suspectum
840 3764 879 3829 ob
904 3766 975 3829 Vic.
1002 3766 1081 3831 Gen.
1111 3769 1341 3851 suspicionem;

162 3900 236 3943 nam
261 3882 438 3965 Episcopus
462 3884 495 3946 in
518 3884 675 3947 exercitio
698 3903 776 3948 suae
800 3883 1029 3951 iurisdictionis
1057 3892 1106 3951 est
1137 3890 1265 3951 omnino
1294 3890 1343 3953 in-

163 4002 347 4087 dependens
369 4025 389 4068 a
413 4004 555 4078 Vicario‚
577 4026 597 4069 a
620 4026 681 4090 quo
713 4026 818 4091 neque
843 4010 1003 4072 removeri
1028 4029 1131 4093 neque
1159 4012 1254 4075 aliter
1285 4033 1343 4097 pu·

162 4129 225 4192 niri
248 4130 343 4194 valet.
371 4165 388 4177 -
414 4132 496 4195 item
520 4133 670 4217 opinatur
694 4130 848 4207 Sbrotius
874 4132 927 4199 Dc
959 4134 1023 4200 Vic.
1056 4136 1212 4218 Episcop.
1237 4136 1291 4202 tib.
1320 4136 1345 4203 3

161 4270 193 4335 q.
218 4254 270 4318 15.
296 4254 358 4319 Sed
389 4257 442 4319 alii
474 4256 630 4320 Doctores
653 4256 827 4322 advertunt
852 4258 924 4322 Vic.
951 4259 1153 4341 Generulem,
1179 4283 1249 4327 esse
1280 4265 1343 4329 As·

160 4396 320 4442 sessorem
345 4380 377 4442 in
399 4378 550 4445 tribunali
580 4382 729 4469 Episcopi
762 4388 794 4448 et
826 4404 890 4448 non
914 4386 1014 4451 semel
1037 4388 1230 4473 Episcopum
1262 4390 1344 4453 iuris
