3292 5109
278 254 345 321 220
806 273 894 323 unns
917 273 956 321 11.

279 396 365 462 unde
380 416 509 481 semper
523 396 556 461 in
573 394 740 462 credulum
756 397 889 483 vulgum
912 396 1144 463 miraculorum
1163 396 1334 463 abeodem
1352 401 1461 483 patra·

277 524 385 585 torum
407 539 521 584 rumor
543 518 641 585 facile
663 518 893 589 disseminatur
912 524 945 584 et
966 519 1217 605 percrebrescit
1243 520 1462 596 Quamobrem

278 642 526 729 prudentissimo
546 644 681 709 consilio
696 642 737 709 ad
754 641 996 729 cognoscendos
1011 664 1109 710 veros
1125 645 1182 711 Dei
1199 665 1322 719 servos,
1338 645 1463 712 sancti·
1573 624 1578 636 ⁸

277 768 353 835 tatis
377 767 573 833 charismate
596 768 756 854 insignes,
780 770 905 855 primus
927 775 1019 835 actus
1042 789 1216 855 processus
1245 768 1397 856 dirigitur
1419 768 1463 835 ad

279 892 510 959 removendum
545 891 767 979 quodcumque
801 899 1060 980 praeoccupatae
1088 896 1248 980 opinionis
1274 894 1460 961 discrimen.

280 1016 361 1085 Inde
383 1018 438 1083 hic
460 1038 632 1103 processus
655 1018 874 1085 ordinarinse
893 1019 1050 1085 diametm
1073 1025 1197 1105 pugnat
1219 1039 1293 1085 cum
1314 1017 1389 1098 alio,
1406 1018 1462 1101 qui

278 1145 488 1227 conceptionis
518 1145 559 1210 ad
590 1146 693 1211 instar
724 1145 893 1232 adoptatus
923 1146 1001 1223 iuit;
1032 1165 1107 1211 nam
1138 1147 1223 1212 alter
1250 1144 1390 1212 intendit
1419 1143 1463 1209 ad

279 1269 484 1335 obtinendam
512 1270 754 1335 concessionem
777 1269 897 1355 publici
919 1268 1043 1347 cultum
1066 1270 1153 1337 alter
1175 1270 1218 1336 ad
1239 1271 1362 1337 cultum
1385 1270 1463 1334 iam·

279 1392 403 1479 pridem
416 1392 574 1460 ,tributum
597 1392 742 1479 legitime
766 1392 1040 1478 comprobandum
1056 1398 1089 1457 et
1104 1391 1371 1459 confirmandum.
1396 1392 1463 1457 Ve

278 1518 405 1583 naratio
429 1537 509 1583 vero
532 1517 585 1582 vel
608 1517 648 1582 ab
672 1516 916 1583 immemorabili
940 1517 1039 1582 alicui
1060 1516 1183 1583 tributa
1205 1517 1260 1583 vel
1282 1537 1326 1583 ex
1350 1518 1462 1602 Papae

278 1640 504 1727 diplomatibus
531 1642 587 1708 sed
623 1642 699 1726 quin
723 1642 964 1728 praecesserint
991 1642 1214 1727 inquisitiones
1239 1642 1462 1727 praescriptae

278 1787 299 1832 a
314 1766 454 1833 decretis
467 1764 588 1834 Urbani
601 1768 697 1850 VIII,
711 1768 829 1837 dicitur
841 1764 1041 1832 Beatificatio
1053 1768 1296 1853 aequipolles.
1315 1804 1332 1817 -
1350 1768 1462 1843 Quare

279 1892 306 1955 si
331 1888 524 1958 Ordinarins
551 1894 675 1956 tantum
708 1891 833 1957 referat
862 1889 903 1955 de
930 1888 1018 1955 lama
1046 1891 1227 1958 sanctitatis
1253 1910 1358 1975 neque
1382 1911 1462 1977 pro·

279 2034 405 2080 cessum
424 2011 576 2079 exhibeat
599 2014 641 2095 dc
663 2035 735 2083 non
758 2016 850 2082 cuttu
873 2015 1076 2088 instructum,
1105 2020 1273 2100 postquam
1297 2017 1329 2083 S.
1357 2016 1460 2102 Goug.

279 2139 465 2204 decreverit
488 2160 617 2205 causam
642 2138 908 2205 introducendam
924 2158 1004 2213 esse,
1030 2141 1202 2207 committit
1225 2140 1401 2207 Ordinario
1423 2145 1463 2207 ut

278 2260 456 2347 apostolica
485 2263 680 2327 auctoritate
715 2261 811 2326 alteri
829 2244 941 2327 =etiam
975 2262 1174 2345 inquisitioni
1196 2262 1240 2329 dc
1267 2282 1339 2328 non
1367 2264 1462 2329 cedia

279 2382 467 2447 satisfaciat.

367 2510 386 2595 ,Ι
393 2510 445 2575 85.
472 2510 522 2577 lta
538 2510 571 2575 in
587 2528 720 2596 genere,
736 2528 917 2596 processus,
934 2529 997 2594 quo
1013 2510 1199 2575 continetur
1214 2508 1399 2574 informatio
1419 2508 1461 2574 ab

281 2636 456 2705 Ordiuario
479 2636 541 2702 loci
567 2635 673 2701 danda
687 2636 719 2703 S.
736 2635 820 2711 Sedi,
837 2643 874 2703 ut
889 2635 1037 2702 consulto
1053 2634 1242 2721 responderi
1260 2636 1369 2701 valeat
1383 2637 1462 2722 peti·

278 2762 359 2829 tioni
396 2761 609 2828 Postulatoris
644 2755 849 2848 efflagitantis
885 2781 1002 2828 causae
1036 2762 1301 2827 instauradousm
1336 2760 1461 2825 forma-

279 2885 354 2958 lem,
381 2884 501 2949 dicitur
526 2902 697 2969 processus
724 2882 925 2949 ordinarius
951 2903 1010 2949 seu
1036 2884 1270 2968 Episcoporum
1292 2881 1462 2948 ordinaria

280 3009 438 3091 potestate
461 3004 637 3079 conlectus,
654 3008 687 3069 et
706 3002 913 3089 distinguitur
927 3022 948 3067 a
962 3023 1118 3089 processu
1140 3002 1335 3087 apostolico.
1359 3003 1461 3087 Siqui-

280 3128 352 3195 dem
377 3129 440 3194 hae
464 3148 590 3210 causae,
607 3128 724 3214 quippe
746 3128 895 3200 maiores,
913 3124 1041 3192 definiri
1065 3148 1130 3193 non
1152 3128 1265 3196 valent
1286 3128 1348 3193 nisi
1372 3128 1462 3193 Pon·

279 3253 379 3321 tificia
406 3256 615 3331 auctoritate;
647 3254 812 3322 Ordinerii
843 3258 951 3319 antem
981 3258 1141 3340 potestate
1171 3273 1237 3320 non
1267 3255 1391 3341 pollent
1418 3253 1461 3320 ad

279 3382 354 3443 acta
375 3377 566 3445 instruenda
587 3377 703 3442 horum
728 3376 929 3458 iudiciorum,
952 3374 1009 3441 sed
1032 3375 1200 3443 dumtaxat
1222 3396 1263 3441 ea
1284 3378 1462 3461 exquirere

281 3501 408 3576 debent,
429 3522 511 3586 quac
542 3506 616 3566 suut
643 3502 830 3567 necessaria
857 3502 939 3566 scitu
962 3520 1022 3585 pro
1046 3500 1184 3566 ferenda
1214 3502 1392 3575 sententia,
1417 3521 1461 3567 an

280 3642 411 3688 causam
435 3623 643 3689 introducere
665 3622 815 3706 expediat
832 3622 885 3688 uel
900 3623 1015 3688 minus.
1033 3623 1140 3690 Semel
1156 3643 1291 3689 acuero
1307 3624 1340 3691 S.
1357 3625 1460 3710 (long.

281 3747 447 3814 decretum
479 3747 615 3814 ediderit
645 3747 891 3814 introductionis
921 3768 1057 3822 causae,
1084 3749 1150 3813 iam
1179 3767 1305 3815 monus
1333 3747 1372 3813 in
1400 3768 1462 3815 ac-

279 3871 410 3956 qotium
441 3870 617 3954 opposuit,
634 3890 747 3955 neque
783 3870 968 3938 Ordinariis
1005 3870 1083 3936 licet
1120 3870 1240 3955 aliquid
1278 3872 1312 3935 in
1346 3869 1461 3936 eodem

280 3996 464 4079 inquirere,
492 3996 593 4061 veluti
630 3996 671 4061 dc
701 4014 772 4061 noct
802 3996 913 4071 cultra,
945 3996 1022 4079 quin
1052 3992 1211 4080 delegatio
1242 3995 1462 4079 praecesserit

281 4117 313 4185 S.
346 4118 446 4183 Sedis.
486 4117 566 4184 Inde
597 4137 767 4203 processus
798 4116 886 4183 dein·
903 4115 1122 4183 conficiendas
1152 4116 1192 4182 de
1222 4116 1310 4183 fama
1339 4118 1461 4182 sancti·

280 4241 365 4323 tatis,
382 4240 421 4305 de
444 4240 617 4306 virtutibus
636 4242 670 4305 in
694 4240 797 4327 gradu
821 4239 955 4307 heroico
978 4242 1141 4323 exercitis,
1158 4262 1216 4308 seu
1231 4240 1271 4306 de
1287 4242 1459 4329 martyrio,

281 4382 343 4429 nec
380 4385 445 4429 non
483 4364 524 4430 de
561 4364 724 4430 miraculis
762 4366 918 4450 patratis,
957 4364 1078 4433 dicitur
1113 4385 1285 4451 processus
1322 4371 1462 4451 aposto·
