3292 5109
447 295 490 341 on
514 294 653 343 runicus
677 296 943 345 nocuasrssrrors
1238 281 1278 347 61

104 433 195 481 mam
211 418 478 504 qainpenlomm
496 424 670 487 acutorum
685 440 894 505 aureorum
915 442 983 507 quo
999 442 1079 491 uero
1096 424 1144 490 acl
1159 444 1284 492 careae

104 540 144 607 dc
153 542 317 624 putidus
338 546 433 611 ultra
456 552 585 613 montes
598 547 692 612 mille
714 553 890 615 scutorum
912 548 993 615 auri
1014 550 1179 615 similium
1192 570 1281 616 eum·

101 685 195 732 mam
218 687 289 735 noa
311 668 503 757 attineat».
528 669 741 737 Benefieines
760 691 887 757 quoque
909 692 1023 739 causas
1037 674 1108 740 vult
1128 674 1282 741 Pontifex

100 810 173 857 esse
186 792 347 867 minores,
366 814 384 855 ι
402 793 455 859 ubi
470 795 564 859 valer
578 814 704 861 annuus
727 794 876 861 beneficii
898 801 955 862 aut
978 816 1086 863 annua
1101 800 1213 883 pensio
1228 800 1282 864 vel

100 918 261 1001 quantitas
284 917 452 983 fructuum
475 921 718 983 reservaturum
742 940 898 985 summam
921 921 1034 1005 viginti
1058 922 1199 1007 quinque
1221 922 1281 989 du·

101 1047 247 1107 catorum
271 1043 343 1108 auri
357 1042 399 1107 de
414 1063 545 1109 camera
567 1063 633 1108 non
656 1044 801 1121 excedra
826 1064 867 1111 ac
889 1044 1059 1111 dummodo
1075 1066 1140 1111 nen
1163 1052 1283 1135 agatur

99 1166 139 1231 de
163 1166 321 1253 dignitate
343 1171 418 1251 post
441 1166 657 1252 pontificalem
681 1168 838 1233 maiorem
859 1170 892 1234 in
907 1166 1093 1236 Cathedrali
1115 1177 1172 1236 aut
1194 1173 1281 1257 priu-

100 1291 196 1375 cipali
221 1290 254 1356 in
279 1291 456 1377 Collegiata
477 1291 659 1359 Ecclesia»
676 1290 731 1379 (1).

189 1415 244 1481 63.
270 1415 342 1491 Qua
357 1416 390 1480 in
406 1417 662 1502 praescriptione
686 1416 783 1502 digna
807 1423 856 1483 est
877 1417 1157 1483 animadversione
1176 1419 1281 1485 deler-

99 1538 232 1603 minatio
256 1540 489 1624 competentiae
511 1538 645 1605 rclioue
659 1538 786 1605 calmis
805 1558 941 1606 caueae.
968 1540 1008 1605 Iu
1032 1540 1280 1627 Prolegomeuis

99 1658 187 1745 (Vol.
208 1663 233 1736 Ι,
250 1682 283 1727 n.
299 1662 364 1727 317
377 1660 457 1749 seq.)
473 1664 561 1727 enim
583 1661 722 1727 diximus
741 1663 987 1750 competentiam
1003 1664 1213 1731 determinari
1229 1686 1280 1731 ra·

98 1784 187 1850 tione
198 1784 326 1859 obiecti,
341 1784 503 1853 territorii
514 1792 548 1851 et
558 1786 698 1872 produc.
711 1822 729 1834 -
743 1786 894 1851 Iamnero
906 1786 1133 1855 determinatio
1144 1789 1280 1857 ratione

98 1912 228 1979 calmae
250 1920 299 1979 est
329 1914 454 1998 species
484 1912 761 1978 determinationis
788 1916 917 1979 ratione
946 1914 1080 1992 obiecti;
1112 1936 1185 1983 cum
1215 1916 1280 1983 hac

97 2042 208 2103 tamen
224 2033 422 2119 differentia,
446 2038 597 2102 nimirum
621 2036 780 2102 obiectum
806 2040 1040 2122 competentiae
1056 2041 1211 2126 generale
1227 2040 1280 2107 de·

98 2162 268 2226 terminari
292 2160 332 2226 ab
356 2161 424 2245 ipso
447 2160 518 2225 iure
541 2159 669 2245 publico
696 2162 875 2236 societatis;
899 2160 1202 2229 determinationem
1225 2184 1280 2230 au·

189 2498 229 2570 (l)
250 2498 312 2553 Non
331 2497 431 2552 inutile
445 2496 499 2553 erit
511 2498 616 2554 reterre
635 2498 774 2570 quodnam
786 2499 930 2554 criterium
942 2500 1130 2570 assignaverit
1148 2502 1278 2559 Pontifex

103 2608 153 2661 la
167 2624 218 2677 pro
237 2606 411 2662 aestimando
429 2623 575 2661 musarum
592 2605 702 2671 valore;
721 2622 804 2676 porro
822 2608 936 2661 statuit:
948 2622 966 2662 c
979 2608 1009 2661 ln
1028 2624 1161 2663 censuum
1174 2615 1282 2687 autemp

101 2724 244 2775 canonum,
256 2714 287 2763 et
304 2710 471 2763 servitutum
489 2708 587 2775 causis,
598 2712 630 2761 ut
648 2723 698 2777 pro
716 2723 812 2762 earum
831 2706 927 2764 valore
945 2709 1117 2764 aestimando
1134 2728 1169 2765 ac
1187 2711 1279 2767 deten-

102 2814 229 2870 minenda
251 2819 453 2885 consequenter
471 2830 567 2869 earum
585 2813 755 2883 pertinentia
773 2816 879 2868 certam
898 2814 1028 2869 similiter
1046 2820 1076 2869 et
1093 2832 1212 2886 aequam
1231 2832 1277 2871 re·

103 2918 192 2987 gulam
211 2922 243 2971 et
260 2933 386 2972 normam
409 2916 559 2983 tradamus,
577 2915 752 2971 decernimus
776 2922 861 2987 atque
880 2916 1037 2982 statuimus,
1058 2921 1088 2972 ut
1107 2917 1154 2972 ubi
1173 2922 1277 2987 agatur

102 3022 133 3077 de
149 3024 278 3079 censibus
303 3022 506 3079 redimibiiibus
522 3027 553 3079 et
569 3023 605 3077 ad
629 3024 747 3077 sormam
773 3020 867 3077 Cenat
887 3022 930 3076 Pii
950 3022 1043 3093 Papae
1062 3022 1088 3072 V
1106 3024 1209 3077 creatis
1226 3038 1277 3077 seu

102 3132 256 3186 constitutis
275 3135 304 3186 et
323 3147 422 3186 census
440 3131 499 3200 ipss
517 3130 545 3184 iu
565 3130 756 3185 controversia
774 3134 918 3197 versetur,
936 3129 1105 3185 attendenda
1124 3130 1162 3184 sit
1186 3148 1279 3202 quauq

101 3236 163 3289 titas
180 3252 230 3291 eeu
243 3233 324 3289 valor
342 3233 435 3301 sortis,
446 3234 508 3289 sive
526 3233 705 3305 proprietatio
723 3250 857 3288 cenenum
876 3232 1047 3288 huiusmodi:
1067 3234 1113 3287 ubi
1126 3250 1194 3288 vero
1211 3250 1277 3289 con·

101 3346 232 3401 troversia
244 3345 283 3399 eit
295 3344 329 3400 de
342 3342 437 3416 aliquo
456 3360 540 3398 censu
559 3343 739 3409 reservatum
752 3358 868 3408 canone,
884 3341 989 3409 tirello,
1001 3346 1052 3396 aut
1069 3341 1165 3414 aliqua
1182 3359 1277 3397 annua

99 3456 127 3505 et
141 3456 279 3522 perpetua
306 3450 496 3520 praestatione
520 3453 661 3521 tamquam
686 3448 781 3503 debita
799 3465 835 3505 ex
853 3452 931 3503 certo
949 3448 1043 3515 tundo,
1061 3453 1129 3503 tunc
1146 3448 1276 3504 volumus

98 3557 192 3614 haberi
221 3557 360 3612 rationem
381 3554 484 3610 valoris
511 3554 598 3625 ipsius
625 3556 712 3622 tundi,
731 3572 814 3625 super
834 3571 889 3627 quo
912 3555 973 3610 sive
991 3572 1025 3610 ex
1044 3570 1099 3626 quo
1117 3554 1275 3611 huiusmodi

98 3680 203 3729 censue,
222 3678 272 3718 eeu
291 3676 388 3729 canon,
409 3660 536 3715 liveilum
554 3665 604 3715 eut
622 3661 784 3731 praestatiO,
803 3660 958 3715 constituta
976 3664 1119 3716 reservata
1137 3678 1186 3718 eeu
1205 3661 1276 3717 aliae

96 3788 206 3843 quoquo
217 3770 301 3825 modo
314 3770 408 3824 debita
425 3770 543 3824 fuerint:
562 3770 591 3825 in
610 3770 701 3824 causis
719 3775 812 3825 autem
832 3770 977 3825 seruitutis
996 3769 1089 3837 realis,
1102 3774 1152 3824 aut
1169 3771 1276 3824 mixtae

96 3873 324 3931 considerandum
342 3889 404 3929 esse
421 3873 550 3929 volumus
568 3874 692 3929 valorem
710 3873 816 3943 praedii
836 3890 921 3943 super
933 3889 988 3944 quo
1006 3873 1127 3929 servitus
1138 3874 1199 3943 ipss
1211 3888 1278 3929 con-

86 3980 233 4065 ·teuditur3
253 3978 288 4033 sd
309 3978 362 4034 hoc
385 3978 517 4035 nimirum
534 3984 567 4034 ut
588 3980 717 4050 singulae
743 3996 845 4035 causae
869 3978 1026 4033 huiusmodi
1045 3996 1096 4049 pro
1114 3996 1210 4035 earum
1229 3994 1276 4034 re·

96 4092 218 4162 spectira
236 4090 434 4145 aestimatione
449 4093 479 4145 et
496 4094 579 4160 prout
591 4107 625 4145 ex
640 4090 765 4159 partibus
784 4090 856 4145 citra
874 4088 920 4144 vel
939 4088 1014 4143 ultra
1036 4098 1144 4144 montes
1160 4089 1276 4157 fuerint,

96 4200 171 4256 iuxta
184 4218 219 4257 ea
232 4216 305 4272 quae
318 4199 347 4253 in
360 4199 548 4269 superioribus
566 4198 800 4268 praescripsimus,
820 4197 924 4253 rotalea
943 4201 993 4251 aut
1010 4196 1189 4267 praelatitiae
1207 4214 1275 4253 ceu·

96 4307 241 4359 scantur».
256 4300 321 4356 Ced.
333 4304 377 4355 cit.
388 4298 469 4370 Greg.
482 4302 513 4355 iu
524 4299 734 4355 determinanda
745 4299 934 4368 competentia
943 4315 1030 4370 usque
1039 4298 1176 4353 rationem
1189 4296 1276 4353 habet

95 4408 197 4463 caloris
215 4422 334 4473 causae;
353 4406 383 4461 in
401 4406 473 4478 quod
492 4406 662 4477 propositum
681 4404 866 4460 invocandum
879 4410 922 4460 est
934 4406 1100 4476 praestitum
1119 4403 1274 4463 criterium·
