3292 5109
229 255 298 324 542
651 273 759 322 ruosx
781 271 988 322 suuorrmos

234 394 273 448 19.
293 394 348 448 Pro
372 393 493 463 negotiis
517 391 747 448 administrativis
771 391 860 448 serius
884 389 911 446 S.
933 389 1172 462 congregationes
1198 391 1281 446 insti·

338 506 417 556 tutae
435 505 501 556 sunt
519 537 1238 557 .................
1270 516 1338 572 ρῳ.
1378 499 1413 553 17

230 609 274 664 20.
294 607 365 662 Hinc
383 613 461 678 patet
479 607 636 664 earumdem
663 611 771 674 natura,
791 623 890 676 nempe
916 615 946 662 ut
964 608 1021 662 sint
1039 607 1144 663 directe
1162 607 1284 676 collegia

338 714 442 770 ordinis
460 714 684 781 administratiui,
703 713 839 770 indirecte
857 730 924 770 vero
943 718 972 769 et
990 712 1070 784 quasi
1089 730 1139 784 per
1156 713 1285 769 accidens

338 819 403 884 sint,
420 817 520 871 saltem
539 817 597 872 iere
616 831 718 884 omues,
739 817 860 887 oollogia
878 816 984 871 ordinis
1002 815 1149 870 iudicialis.
1187 853 1194 870 .
1230 854 1238 867 .
1275 854 1282 867 .
1319 830 1338 872 a
1378 814 1412 870 18

229 925 273 978 21.
294 924 447 994 Progressu
465 923 609 994 temporis,
626 924 698 994 apud
721 924 870 980 nonnullas
894 922 1140 994 Congregationes,
1159 925 1286 980 excrevit

340 1049 405 1086 usus
424 1031 571 1102 potestatis
590 1031 728 1086 iudicialis
745 1069 1286 1086 .............
1322 1047 1341 1088 »
1380 1031 1413 1085 19

232 1139 275 1192 22.
295 1137 425 1192 Traditur
444 1138 470 1192 S.
487 1135 743 1208 congregationum
762 1139 840 1193 notio
877 1175 1284 1192 ..........
1321 1149 1339 1192 a
1375 1136 1407 1189 21

230 1247 275 1302 23.
294 1246 421 1302 innuitur
440 1247 560 1318 primum
578 1248 728 1316 vestigium
747 1247 932 1302 iustitutionis
950 1246 976 1300 S.
995 1245 1251 1324 Congregatiouum
1272 1284 1278 1299 .
1316 1259 1335 1303 »
1371 1246 1408 1299 22

231 1355 275 1409 24.
294 1354 435 1416 Quomodo
454 1353 480 1407 S.
501 1354 756 1424 Congregationum
775 1353 917 1407 institutio
935 1353 1070 1408 influxum
1086 1353 1244 1410 exercuerit
1255 1352 1285 1407 in

338 1458 513 1529 disciplinam
536 1458 760 1513 Ecclesiasticam
785 1457 876 1530 quoad
900 1458 1131 1514 coadunationem
1155 1457 1288 1514 concilio·

339 1585 410 1634 rum,
429 1567 559 1637 precipue
577 1567 607 1620 in
625 1566 745 1620 dioecesi
767 1581 883 1620 romana
920 1605 1285 1621 .........
1321 1585 1340 1624 »
1376 1568 1413 1622 23

230 1677 275 1732 25.
295 1675 458 1746 Explicatur
475 1674 617 1729 distinctio
636 1675 665 1728 in
684 1674 796 1729 curiam
815 1673 930 1730 Gratiae
948 1681 978 1729 et
996 1673 1149 1730 Iustitiae.
1186 1714 1193 1729 .
1231 1716 1238 1728 .
1275 1715 1282 1727 .
1319 1691 1338 1733 a
1376 1677 1412 1729 24

232 1779 277 1835 26.
295 1780 523 1847 poenitentiaria,
541 1779 725 1846 Cancellaria‚
745 1779 859 1834 Datsria
878 1797 933 1834 nou
951 1784 1018 1835 sunt
1035 1780 1283 1850 congregationes.
1319 1794 1337 1837 a
1373 1782 1413 1836 25

231 1891 274 1944 27.
295 1889 400 1945 Harum
418 1889 573 1943 aliaesunt
592 1891 762 1954 ordinariae,
781 1888 855 1946 aliae
874 1890 1150 1945 extraordinariae.
1188 1928 1195 1944 .
1234 1929 1241 1944 .
1279 1931 1286 1943 .
1322 1905 1341 1949 a
1371 1890 1411 1944 ibi

232 1997 275 2053 28.
295 1996 456 2052 cardinales
474 1997 503 2050 in
522 1995 548 2050 S.
567 1997 839 2066 Congregationibus
858 1995 965 2066 pollent
984 1998 1130 2052 ordinario
1146 2001 1288 2068 potestate

341 2122 412 2178 quaa
430 2105 544 2176 proinde
563 2121 617 2160 nou
638 2107 748 2175 expirat
766 2105 836 2161 Sede
857 2112 975 2162 vacante
1013 2145 1287 2160 .......
1324 2124 1343 2162 s
1374 2107 1412 2161 ibi

232 2215 275 2271 29.
297 2211 335 2268 De
354 2212 478 2268 utilitate
497 2212 523 2265 S.
543 2212 798 2282 congregationum
831 2251 1286 2266 ...........
1324 2228 1343 2270 >
1377 2213 1413 2267 26

756 2433 852 2512 curor
872 2433 891 2486 1.

524 2591 554 2624 ΒΕ
572 2589 712 2625 stonum
729 2589 782 2624 Tura
799 2588 920 2624 tusnrtaa
938 2589 990 2622 wit
1007 2589 1123 2624 GRATM·

232 2745 277 2801 30.
297 2746 382 2800 Ratio
400 2746 577 2800 tractationis
614 2785 1108 2800 ............
1130 2785 1152 2799 -.
1190 2787 1196 2798 .
1235 2785 1241 2797 .
1275 2763 1342 2817 pap.
1379 2746 1415 2798 27

134 2837 141 2848 ⁸
231 2849 276 2904 31.
296 2850 446 2921 Signatura
464 2855 509 2905 est
525 2851 635 2921 duplex,
652 2851 709 2904 alia
721 2851 835 2906 Gratiae
851 2852 907 2906 alia
927 2852 1062 2906 Iustitiae.
1081 2851 1161 2908 Unde
1180 2852 1288 2906 derivet

339 2955 392 3011 hoc
411 2973 512 3012 noman
519 2995 1288 3012 ..................
1324 2971 1344 3013 tt
1378 2955 1415 3010 28

231 3063 275 3118 32.
295 3063 447 3135 Utriusque
466 3063 633 3133 Signaturae
653 3081 752 3118 munus
773 3065 920 3134 respondet
938 3064 1023 3118 alicui
1043 3081 1077 3119 ex
1095 3064 1286 3120 functionibus

340 3171 529 3226 cardinalium
556 3169 726 3226 Consistorio
751 3171 914 3237 attributae,
937 3171 1113 3243 potissimum
1138 3172 1287 3226 distinctae

341 3294 359 3331 a
379 3293 493 3331 munere
517 3276 599 3332 hodia
623 3277 768 3332 commisso
793 3277 852 3332 sive
879 3277 1026 3331 Auditorio
1050 3277 1078 3331 S.
1103 3277 1202 3343 Rotae,
1228 3278 1287 3333 siue

342 3382 405 3436 aliis
423 3383 535 3450 Officiis,
554 3385 701 3452 praecipue
721 3383 852 3438 Datariae
870 3388 899 3437 et
920 3383 1157 3439 Poenitentiariae
1191 3422 1198 3435 .
1236 3424 1243 3436 .
1280 3423 1287 3435 .
1324 3399 1343 3441 a
1373 3383 1412 3437 ibi

233 3487 277 3542 33.
296 3488 454 3544 Alexander
474 3489 509 3542 Vl
529 3507 612 3544 unam
630 3492 665 3544 ab
684 3490 741 3546 alia
760 3491 910 3561 Signatura
929 3491 1057 3546 distinxit
1075 3494 1104 3547 et
1122 3491 1243 3546 divisit.
1281 3531 1287 3542 .
1324 3505 1343 3546 »
1378 3490 1414 3544 29

235 3591 277 3646 34.
299 3591 338 3647 De
356 3595 544 3662 competentia
563 3593 730 3662 Signaturae
749 3593 875 3648 Iustitiae
883 3633 1290 3649 ..........
1327 3607 1346 3651 a
1375 3593 1415 3646 ibi

233 3697 278 3752 35.
297 3698 403 3759 Quibus
421 3700 546 3769 personis
564 3699 703 3756 coalescat
746 3739 1289 3754 .............
1326 3715 1345 3757 t
1380 3701 1411 3756 31

233 3802 279 3857 36.
299 3803 338 3857 De
357 3804 416 3858 eius
436 3806 538 3861 rationi
556 3806 752 3876 procedendi.
790 3846 796 3859 .
836 3847 842 3859 .
880 3847 886 3859 .
926 3849 932 3861 .
970 3848 976 3860 .
1013 3787 1020 3861 ζ
1059 3847 1288 3862 ......
1325 3825 1344 3864 ›
1380 3805 1416 3861 32

234 3908 279 3962 37.
299 3909 450 3981 Signatum
468 3913 582 3969 cratiae
611 3953 1287 3970 ................
1325 3929 1345 3970 »
1379 3913 1415 3968 34

233 4021 281 4075 38.
298 4021 377 4088 Hanc
396 4023 490 4077 sixtus
509 4023 534 4076 V
552 4025 581 4078 in
601 4022 854 4094 congregationem
875 4025 972 4080 erexit
1010 4065 1288 4080 .......
1323 4039 1342 4083 t
1371 4025 1410 4079 ibi

234 4129 279 4184 39.
300 4129 339 4186 De
358 4131 418 4186 eius
437 4132 625 4201 competentia
652 4172 1288 4189 ...............
1326 4148 1346 4189 »
1376 4133 1414 4187 ibi

235 4235 280 4289 40.
300 4235 339 4292 De
357 4240 465 4294 ratione
484 4240 648 4310 procedendi
655 4281 1064 4295 ..........
1102 4247 1110 4294 ’.
1146 4281 1154 4294 .
1192 4281 1199 4295 .
1237 4283 1243 4293 .
1281 4281 1287 4293 .
1325 4255 1344 4296 »
1379 4241 1416 4296 35

236 4344 279 4398 41.
300 4345 374 4400 Haec
394 4345 474 4402 hodie
493 4347 630 4402 obsolevit
656 4387 1285 4403 ...............
1324 4364 1343 4403 r
1372 4347 1412 4402 ibi
