3292 5109
473 292 516 338 nn
541 289 679 337 morans
703 286 971 335 nccnnsmsrrms
1260 264 1322 329 191

142 414 195 479 De
210 414 287 479 lud.
303 414 389 479 hanc
405 412 557 478 enunciat
572 416 605 475 et
620 410 741 475 invicte
758 409 875 494 probat
890 409 1142 475 conclusionem:
1158 404 1327 472 ‹Arabic-

136 538 292 622 piscopis
315 543 345 603 el
368 536 546 621 Episcopis
569 536 776 626 caeterisque
800 536 954 602 locorum
980 531 1173 599 &dinariis
1196 530 1233 595 in
1255 531 1327 596 suis

140 662 288 729 decretis
318 665 350 726 et
377 658 673 727 constitutionibus
697 664 768 723 tam
802 657 840 724 in
874 655 1025 724 conciliis
1055 653 1326 738 prouincialibus

142 790 196 857 vet
221 786 428 855 dioecesanis
443 805 550 873 paam
568 790 688 852 entra:
712 784 791 850 item
814 782 984 850 iactabas
1006 781 1274 867 quibuscumque
1289 780 1327 845 in

141 933 265 980 eorum
288 912 460 979 sententies
481 916 515 977 et
535 907 850 977 interlocutionibus
869 906 1081 991 mouturam
1104 910 1154 971 est
1173 904 1324 970 Trident.

144 1037 291 1105 Concilii
314 1036 449 1103 decreta
470 1033 693 1117 interpretari
709 1054 738 1097 a.
769 1034 861 1097 Ratio
885 1035 934 1097 est
956 1030 1031 1115 quia
1056 1030 1134 1094 Pius
1151 1029 1199 1094 IV
1222 1031 1255 1094 in
1270 1030 1323 1097 cit.

144 1165 246 1231 Cous
266 1162 466 1229 Benedictus
482 1160 573 1227 Deus
588 1160 892 1245 interpretationem
916 1158 1069 1241 cuiusque
1086 1154 1171 1220 dubii
1189 1156 1327 1221 Sanctae

103 1322 105 1329 ·
141 1288 222 1355 Sedi
241 1288 430 1367 reservavit,
454 1288 555 1353 aiens:
580 1307 598 1347 ‹
619 1285 657 1351 Si
680 1285 736 1350 cui
758 1304 839 1351 uero
863 1282 996 1367 aliquid
1018 1282 1056 1347 in
1079 1281 1127 1348 eis
1150 1280 1327 1347 obscurius

141 1412 276 1479 dictum
292 1416 323 1476 et
338 1414 500 1477 statutum
521 1407 638 1491 fuisse,
659 1424 803 1490 eamque
819 1406 860 1473 ab
884 1425 1024 1472 causum
1048 1402 1327 1487 interpretatione

140 1543 208 1603 aut
229 1535 398 1603 decisione
427 1534 545 1619 aliqua
571 1552 670 1620 opere
693 1531 803 1598 visum
826 1530 942 1613 suerit,
970 1528 1109 1594 accedat
1133 1528 1180 1623 od
1204 1524 1327 1593 Sedem

141 1661 379 1744 Apostolicum
396 1681 426 1723 ».
450 1660 575 1724 Verum
599 1656 695 1723 hodie
719 1654 846 1740 quando
873 1654 1009 1739 amplius
1031 1673 1098 1717 non
1120 1655 1216 1737 urget
1237 1652 1325 1737 peri-

141 1786 254 1850 culum
270 1804 313 1849 ne
329 1782 461 1850 decreta
476 1782 600 1850 Concil.
614 1780 713 1852 Trio„
730 1779 770 1845 ob
792 1780 903 1865 plures
922 1785 955 1844 et
974 1779 1156 1844 contrarias
1181 1775 1326 1842 iudicum

140 1908 445 1993 interpretationes,
472 1905 631 1971 vilescant
654 1910 686 1969 et
708 1902 974 1989 pessumdentur,
1000 1902 1116 1967 ioman
1132 1901 1254 1985 aliquid
1276 1920 1327 1967 re·

141 2032 278 2097 missum
309 2033 358 2095 est
388 2029 429 2095 de
460 2030 570 2114 rigore
593 2027 836 2093 Constitutionis
860 2026 1000 2106 Pinnae,
1025 2030 1058 2089 et
1087 2025 1255 2109 Episcopis
1277 2042 1327 2089 re·

141 2156 263 2241 linquit
278 2156 309 2223 S.
327 2154 425 2222 Sedes
441 2154 629 2221 facultatem
652 2150 889 2237 interpretandi
913 2150 1119 2218 iudicialiter
1135 2149 1231 2215 dubia
1245 2149 1326 2214 iuris

142 2284 180 2347 in
204 2283 277 2368 lege
300 2281 507 2347 Tridentina:
539 2282 584 2347 ila
610 2300 715 2365 nuper
749 2279 907 2363 quaedam
941 2278 1104 2344 sententia
1126 2276 1244 2343 Curiae
1268 2276 1327 2340 Pa·

141 2408 259 2474 risien.
294 2407 346 2474 die
369 2408 413 2472 10
443 2406 523 2473 Iulii
552 2404 644 2472 1897
678 2406 711 2469 in
746 2403 863 2469 iudicio
898 2405 1112 2488 interpretata
1146 2404 1196 2466 est
1231 2404 1328 2484 caput

148 2528 320 2603 Tametsi,
354 2526 501 2599 edicens,
525 2524 790 2611 impedimentum
823 2522 1106 2593 clandestinitatis,
1130 2521 1194 2586 hoc
1217 2520 1328 2602 cupite

141 2652 302 2719 indictum
326 2656 426 2734 certe,
442 2651 546 2737 ligare
563 2670 629 2733 eos,
645 2652 699 2735 qui
719 2649 915 2716 domicilium
939 2654 995 2715 aut
1017 2649 1107 2733 quasi
1131 2647 1326 2712 domicilium

140 2774 269 2839 habent
295 2773 348 2838 ubi
380 2772 545 2839 decretum
567 2792 631 2837 non
657 2777 706 2838 est
730 2772 969 2859 promulgatum
1001 2769 1057 2837 sed
1087 2768 1327 2834 matrimonium

142 2901 261 2963 ineunt
283 2899 316 2961 in
338 2896 410 2962 loco
434 2895 487 2962 ubi
509 2896 573 2961 hoc
589 2895 754 2962 decretum
768 2896 915 2981 legitime
930 2895 1027 2980 viget,
1045 2894 1190 2977 quamvis
1207 2893 1249 2958 ibi
1265 2913 1327 2958 nec

142 3019 344 3085 domicilium
360 3038 422 3084 nec
444 3018 535 3102 quasi
553 3015 753 3082 domicilium
777 3018 1014 3084 contraxerint.
1039 3016 1131 3082 Haec
1166 3018 1327 3083 sententia

143 3165 214 3210 non
245 3146 434 3230 pertransiit
467 3146 500 3209 in
535 3164 605 3210 rem
640 3144 813 3209 iudicatam
844 3144 901 3209 sed
923 3143 964 3208 ab
992 3163 1032 3207 ea
1062 3116 1220 3227 appellari
1251 3143 1327 3207 sivit

146 3270 182 3336 S.
208 3269 324 3351 Sedes,
347 3289 422 3335 nam
445 3270 479 3333 in
500 3266 643 3335 secdnda
665 3269 819 3333 instantia
842 3268 883 3333 lis
906 3270 1027 3354 agitata
1053 3272 1102 3333 est
1133 3267 1216 3352 apud
1240 3266 1327 3331 hanc

143 3392 267 3479 Congu.
285 3393 341 3459 die
356 3392 382 3457 2
398 3392 529 3477 Aprilis
543 3392 651 3468 1898,
676 3398 709 3458 at
732 3392 944 3457 deliberatum
968 3392 1041 3465 fuit,
1066 3391 1222 3456 decisioni
1249 3386 1327 3455 defi-

143 3519 270 3584 nitivae
304 3518 577 3605 supersedendum
609 3540 680 3585 esse
712 3525 745 3585 et
775 3521 906 3585 interim
937 3519 1073 3585 duorum
1101 3517 1325 3583 consultorum

143 3648 222 3709 vota
245 3644 445 3731 exquirenda
468 3665 548 3717 esse,
566 3646 695 3729 quiade
719 3646 781 3711 hoc
805 3645 900 3711 dubio
924 3644 1030 3711 adhuc
1047 3641 1250 3709 desideratur
1268 3661 1328 3707 aee·

145 3770 294 3835 theutica
316 3769 561 3853 interpretatio.

239 3891 312 3958 162.
337 3892 503 3957 Hactenus
525 3892 562 3957 in
584 3910 708 3979 penore
730 3892 770 3957 de
791 3893 1007 3979 competentia
1022 3892 1117 3956 huius
1134 3890 1245 3975 Gange
1269 3889 1327 3954 ali·

145 4016 224 4103 quid
246 4018 284 4082 in
306 4016 415 4101 specie
438 4016 583 4083 delibare
606 4017 703 4082 iuvat.
731 4052 748 4065 -
775 4017 867 4082 Haec
890 4018 921 4083 S.
948 4016 1178 4102 congregatio:

238 4142 270 4229 l)
294 4148 390 4210 curat
403 4147 439 4209 ut
451 4140 635 4210 beneficiati
649 4143 714 4230 legi
732 4141 926 4207 residentiae
943 4160 1086 4227 congrue
1105 4140 1324 4215 satisfaciant3

144 4271 180 4330 al
211 4264 377 4339 concedit,
401 4283 444 4330 ex
473 4266 557 4333 iusta
587 4284 702 4337 causa,
726 4264 891 4331 licentiam
923 4263 1106 4345 absentiae,
1130 4260 1326 4347 indulgendo

145 4389 332 4455 absentibus
355 4391 595 4477 perceptionem
619 4390 781 4456 fructuum
813 4388 1025 4475 praebendae.
1052 4387 1207 4454 Concedit
1228 4388 1326 4452 etiam
