3292 5109
1399 11 1641 242 *r*

322 396 403 462 alias
433 417 493 483 per
520 397 662 485 Regulos
689 397 911 464 (lancellariae
939 397 1059 479 editas,
1086 398 1128 463 ad
1153 419 1306 486 magnum
1333 419 1505 465 numerum

322 530 541 589 excreverant
572 524 760 591 collationes
790 521 1021 589 beneficiorum
1055 524 1141 611 apud
1171 527 1301 593 Curiam
1334 524 1506 591 faciendae

322 256 388 321 ‘288
594 254 598 261 '
850 276 935 323 raas
959 277 994 323 11.

321 648 467 733 aliaeque
501 650 742 725 concessiones,
774 650 976 733 provisiones
1006 654 1063 715 aut
1092 648 1349 734 dispensationes
1380 649 1505 733 imper-

321 771 448 837 tiendae
481 792 562 855 quae
594 770 729 857 proinde
761 791 826 835 non
855 771 1044 837 solemniter
1066 772 1100 835 in
1125 771 1321 837 Consistorio
1345 770 1504 835 decerne·

321 898 439 963 bantur
466 896 520 963 sed
547 918 567 961 a
595 898 801 963 cubiculariis
827 898 954 982 Papae,
979 898 1028 963 Eo
1052 895 1215 978 consulto,
1238 893 1504 961 deliberabantur

321 1026 354 1088 et
377 1020 641 1106 expediebantur.
666 1058 683 1069 -
709 1022 814 1087 Porro
838 1026 916 1087 tunc
939 1042 982 1086 ex
1004 1020 1151 1087 omnibus
1175 1020 1273 1090 Orbis
1294 1019 1442 1107 partibus
1463 1020 1504 1085 ad

324 1148 443 1232 Papam
479 1144 682 1213 confluebant
716 1144 950 1212 beneficiorum
985 1152 1019 1212 et
1052 1148 1231 1233 gratiarum
1261 1145 1503 1232 postulationes.

323 1273 474 1337 lamvero
491 1292 555 1337 non
571 1292 648 1337 raro
665 1270 763 1339 fiebat
785 1271 872 1356 quod
895 1274 928 1337 in
948 1272 1147 1337 conferendo
1169 1276 1284 1357 utputa
1305 1272 1434 1357 aliquod
1452 1272 1504 1337 be

323 1397 481 1471 aeficium.
500 1401 585 1464 iuter
601 1400 711 1485 plures
731 1398 891 1466 Oratores
905 1402 963 1465 aut
977 1395 1136 1463 beneficia
1151 1398 1360 1470 conferenda,
1377 1400 1505 1465 nonita

322 1524 355 1586 in
371 1542 448 1587 casu
462 1524 652 1607 particulari
677 1520 953 1588 determinabatur
968 1520 1159 1587 beneficium
1182 1522 1345 1594 collatum,
1362 1542 1504 1606 persona

322 1647 374 1711 oui
398 1646 628 1713 conferebatur
644 1652 677 1712 et
691 1652 817 1733 tempus
833 1647 1023 1718 collationis,
1040 1651 1156 1712 utnon
1172 1652 1374 1731 exurgerent
1396 1644 1502 1711 dubie

323 1775 460 1835 talesan
474 1772 563 1855 Papa
576 1771 659 1837 idem
671 1768 863 1837 beneficium
876 1770 1023 1857 pluribus
1034 1770 1209 1836 contulerit
1221 1775 1254 1835 et
1264 1772 1394 1835 cuinam
1406 1776 1505 1835 antea

322 1890 514 1967 contulerit;
539 1894 572 1957 in
596 1889 836 1958 beneficialibus
860 1894 945 1957 enim
961 1897 994 1957 et
1016 1894 1048 1956 in
1065 1890 1210 1957 omnibus
1233 1892 1413 1977 gratiarum
1429 1911 1503 1956 con·

324 2012 522 2079 cessionibus
543 2014 647 2097 prior
670 2021 820 2097 teotpore
840 2015 956 2097 potior
977 2015 1054 2081 iare
1076 2020 1141 2090 est,
1166 2020 1215 2089 et,
1239 2016 1273 2079 in
1296 2016 1503 2088 uuiversum,

324 2144 417 2207 valor
439 2142 693 2229 privilegiorum,
711 2138 994 2228 dispensationum,
1011 2143 1230 2228 provisionum
1253 2145 1397 2209 maxime
1412 2162 1504 2227 repe·

322 2267 438 2333 tendus
468 2273 518 2333 est
549 2287 568 2332 a
601 2267 652 2332 die
675 2268 800 2353 gratiae
823 2286 1006 2333 concessae.
1033 2268 1119 2333 Hinc
1141 2266 1316 2352 peculiaris
1338 2268 1504 2347 institutus

324 2396 373 2456 est
388 2388 533 2455 officialis
549 2390 588 2455 ad
605 2390 884 2455 determinandam
900 2390 1018 2455 datam
1042 2390 1231 2458 collationis
1246 2391 1329 2457 certi
1352 2389 1504 2475 beneficii

324 2512 407 2579 ‘unde
423 2533 541 2579 nomen
557 2514 693 2579 Dalorii
713 2518 745 2578 et
761 2512 869 2579 Officii
885 2514 1060 2581 Dammae.
1086 2514 1196 2589 Quare
1220 2514 1399 2579 certissime
1415 2532 1436 2577 a
1451 2532 1505 2576 ve·

323 2639 419 2703 ritate
443 2636 598 2702 aberrant
621 2638 673 2722 qui
698 2637 760 2703 hoc
784 2658 904 2703 nomen
925 2658 946 2701 a
961 2639 1078 2705 dando
1102 2658 1159 2703 seu
1182 2638 1396 2705 coneedendo
1420 2636 1503 2702 deri·

323 2764 410 2825 vent.
437 2760 507 2824 Hoc
532 2761 681 2825 Datariae
706 2758 866 2831 Officium,
883 2766 997 2845 suapte
1020 2769 1146 2833 natura,
1170 2762 1354 2827 ordinatum
1376 2761 1439 2827 fuit
1461 2762 1503 2826 ad

324 2884 368 2946 ita
389 2882 659 2964 praeparandas
682 2884 908 2948 concessiones
936 2882 1167 2949 beneficiorum
1197 2884 1399 2969 aliarumque
1425 2903 1503 2969 gra-

323 3006 440 3069 tiarum
468 3022 525 3069 seu
553 3006 842 3091 dispensationum,
868 3010 958 3073 utin
982 3008 1093 3073 iisdem
1124 3012 1338 3074 servarentur
1367 3008 1505 3092 regulae

324 3128 403 3191 iuris
427 3128 603 3192 communis
620 3132 651 3191 et
666 3127 822 3211 speciales
846 3128 1079 3201 Cancellariae
1098 3135 1131 3195 et
1154 3132 1236 3195 ratio
1260 3129 1441 3197 haberetur
1459 3131 1505 3195 iu·

325 3254 407 3317 rium
431 3252 574 3339 legitime
599 3253 827 3334 quaesitorum.
855 3254 991 3337 Inquam
1014 3255 1061 3319 ad
1079 3254 1350 3337 praeparandas
1373 3274 1504 3321 coaces-

322 3376 445 3451 ea'oncS,
463 3396 536 3441 nam
556 3378 741 3443 earumdem
765 3379 929 3464 expeditio
948 3400 1014 3464 per
1037 3380 1157 3447 Ballas
1179 3378 1252 3447 fieri
1276 3384 1358 3448 solet
1379 3402 1401 3446 a
1423 3384 1505 3449 Gan·

324 3503 468 3568 cellaria.
495 3540 512 3553 -
537 3505 631 3569 Modo
655 3508 854 3589 inquiramus
882 3508 915 3571 in
939 3509 1051 3593 primis
1074 3508 1231 3592 quomodo
1255 3509 1423 3574 Bullarum
1447 3506 1506 3571 fiat

323 3628 486 3712 expeditio
509 3647 529 3692 a
553 3628 765 3694 cancellaria.

414 3749 490 3815 237.
515 3750 718 3817 Cancellaria
745 3758 903 3837 quatenus
926 3759 975 3819 est
997 3752 1147 3820 Officium
1171 3754 1342 3820 intendens
1366 3756 1399 3819 in
1424 3755 1503 3819 Bul-

324 3876 428 3941 larum
453 3876 698 3962 expeditionem,
716 3880 812 3965 sires
837 3881 878 3945 sit
901 3880 940 3944 de
956 3879 1120 3946 beneficiis
1142 3880 1320 3946 maioribus
1344 3900 1402 3945 seu
1420 3882 1504 3947 Con·

324 4000 556 4077 sistemalibm,
582 4002 692 4067 Bullas
715 4002 847 4087 expedit
872 4007 1039 4089 postquam
1062 3981 1425 4071 decreta'collationum
1449 4025 1503 4069 ex·

325 4129 449 4214 ceperit
475 4126 514 4193 ab
543 4130 610 4213 ipso
634 4128 841 4201 Consistorio‚
867 4130 973 4213 prouti
997 4128 1242 4213 descripsimus;
1267 4128 1400 4196 decreta
1422 4151 1514 4221 vero·

325 4254 393 4317 sive
409 4254 615 4318 collationum
631 4255 790 4318 minorum
802 4244 1032 4319 beneficiorum
1049 4257 1117 4318 sive
1133 4254 1270 4319 aliarum
1282 4255 1503 4339 provisionum

326 4379 441 4462 recipit
464 4398 484 4443 a
506 4378 647 4445 Dataria.
679 4378 808 4444 Modum
840 4378 1051 4463 expeditionis
1077 4398 1245 4463 possumus
1268 4377 1503 4465 aliquantisper
