3292 5109
602 296 808 349 decessura
838 301 887 350 ιν.
1268 279 1333 346 501

147 426 219 469 nent
235 419 274 472 ad
288 420 415 488 primum
434 421 563 476 ordinem
579 422 793 486 hierarchicum,
806 439 914 477 necnon
931 425 970 476 ad
987 422 1152 492 dipnitatem
1164 391 1332 474 nostramet

150 525 390 592 iurisdictionem,¹
413 528 586 582 attendentes
609 529 801 584 necessitatem
819 531 850 582 in
868 547 923 600 quo
941 545 1054 601 semper
1077 530 1217 583 constituti
1233 543 1332 582 sumus

145 641 270 702 propter
287 634 459 704 multiplices
478 635 672 705 occupationes
689 645 808 703 nostras,
828 645 855 690 et
875 653 972 690 curam
984 638 1145 690 animorum
1163 651 1235 705 quoe
1253 635 1334 688 nobis

149 739 292 792 subiectae
309 749 388 805 sunt3
407 758 492 795 curae
512 742 596 794 etiam
613 742 690 795 nobis
709 741 764 810 tuit
781 759 903 796 munera
921 751 1017 796 nostra
1035 741 1101 795 aliis
1119 741 1270 810 impartiri,
1284 742 1334 810 qui

149 846 283 913 moribus,
302 847 426 910 scientia,
445 857 472 901 et
489 857 579 902 aetate
597 849 707 917 reperti
719 850 773 900 sint
782 849 980 917 probatissimi.
995 848 1104 902 Idcirco
1118 847 1330 901 considerantes

145 953 327 1022 probitatem,
345 963 464 1009 oetatem
481 964 565 1024 atque
583 956 727 1008 scientiam
750 956 865 1026 domini
877 955 923 1022 N„
942 957 1012 1008 iuris
1039 955 1183 1024 utriusque
1202 955 1333 1018 doctoris,

150 1069 316 1114 revocantes
333 1062 473 1130 imprimis
490 1077 689 1131 quencumque
708 1061 798 1114 alium
817 1060 958 1115 Vivarium
977 1070 1004 1114 et
1026 1059 1179 1130 officialem
1195 1069 1333 1126 nostrum,

148 1165 284 1220 hactenus
301 1184 354 1236 per
372 1167 434 1220 Nos
452 1169 629 1221 constitutum
648 1166 715 1236 (vel,
736 1169 806 1221 citra
825 1177 917 1222 tomen
932 1169 1137 1221 revocationem
1150 1167 1275 1220 aliorum
1289 1165 1336 1217 Vi·

148 1271 297 1325 cariorum
320 1283 491 1338 nostrorum,
507 1290 563 1343 per
586 1290 637 1327 nos
657 1273 717 1326 alio
743 1271 974 1344 constitutorum),
990 1275 1154 1343 praefatum
1172 1271 1209 1324 N.
1229 1270 1334 1324 consti·

145 1381 255 1431 tuimus
274 1389 301 1433 et
319 1395 447 1434 creamus
473 1381 614 1435 Vivarium
637 1391 765 1434 nostrum
787 1381 953 1450 peneralem
972 1382 1002 1432 in
1027 1379 1156 1444 ecclesia,
1175 1379 1286 1432 civitate
1305 1387 1333 1431 et

151 1481 274 1536 dioecesi
285 1492 460 1548 nostratem
478 1483 508 1536 in
527 1484 727 1554 temporalibus
743 1499 826 1552 quam
844 1485 874 1536 in
892 1483 1099 1553 spiritualibus:
1113 1485 1212 1536 dantes
1224 1491 1251 1536 et
1264 1499 1334 1536 con·

145 1590 280 1643 cedentes
304 1591 397 1644 eidem
418 1590 535 1660 plenam
552 1600 579 1645 et
598 1592 718 1645 liberam
739 1600 905 1662 potestatem
931 1602 957 1666 et
984 1593 1148 1646 mandatum
1172 1591 1332 1661 speciale...

148 1691 280 1762 (Caetera
299 1694 418 1749 describi
436 1698 552 1764 possunt
565 1695 638 1750 utin
651 1694 771 1750 formula
790 1694 978 1765 deputationis
992 1694 1096 1749 Vicerii
1110 1693 1250 1764 generalis
1263 1694 1333 1764 Epi·

91 1806 93 1810 ’
149 1801 237 1870 scopi,
255 1818 318 1855 cum
336 1800 389 1856 hec
407 1802 573 1872 addItione):
593 1819 692 1856 causas
710 1803 874 1856 criminales
892 1810 919 1857 et
938 1802 1044 1865 civiles,
1063 1800 1287 1854 matrimoniales
1306 1807 1333 1854 et

144 1909 337 1979 beneficiales,
355 1919 382 1964 et
400 1927 587 1982 quascumque
604 1911 677 1965 alias
697 1921 752 1964 tom
767 1912 944 1981 principales
963 1927 1048 1980 quam
1063 1911 1217 1963 incidentes
1236 1917 1262 1963 et
1277 1923 1334 1977 per

143 2015 370 2085 appellationem
393 2017 540 2071 devolutos
558 2027 585 2072 et
602 2018 633 2071 in
647 2027 795 2088 posterum
820 2015 1019 2082 devolvendus,
1038 2025 1064 2070 et
1082 2033 1153 2086 quae
1171 2019 1209 2072 od
1226 2017 1332 2070 dictam

143 2136 274 2180 nostram
297 2128 445 2181 ecclesiam
466 2129 646 2198 pertinebant
664 2129 699 2182 de
718 2129 782 2182 iure
801 2128 849 2181 vel
867 2127 1075 2191 consuetudine,
1094 2126 1229 2180 audiendi
1248 2134 1274 2180 et
1292 2125 1329 2180 de

146 2238 217 2305 ipsis
235 2237 435 2305 copnvscendi,·
454 2247 480 2291 et
499 2247 611 2291 caetera
629 2239 725 2290 omnia
743 2253 814 2307 quae
833 2246 896 2289 sunt
915 2236 1082 2306 episcopalis
1102 2245 1128 2290 et
1146 2235 1333 2306 archiepisco-

139 2342 223 2410 palis
240 2343 441 2396 iurisdictionis
460 2343 615 2396 exercendi
633 2352 660 2396 et
681 2341 856 2396 terminandi
869 2357 893 2394 v.

712 2626 771 2682 vn.

434 2856 531 2895 rom
549 2856 754 2896 onemtttottts
774 2855 885 2894 vtcnnu
907 2855 1039 2894 eontinet.

236 3087 313 3151 «tt,
332 3089 386 3140 Dei
404 3098 430 3140 et
448 3088 626 3157 Apostolicae
649 3087 730 3140 Sedis
748 3088 840 3158 pratia
859 3087 1013 3158 Episcopus
1032 3086 1078 3152 N.‚
1097 3086 1198 3139 dilecto
1218 3085 1282 3138 N....
1296 3113 1332 3128 -

150 3191 283 3245 Omnibus
300 3202 411 3245 rtourae
429 3193 629 3245 iurisdictionis
647 3193 776 3246 subiectis
791 3209 848 3262 pro
867 3193 1109 3246 administratione
1122 3191 1245 3244 iustitiae
1258 3207 1331 3261 pro·

147 3297 245 3350 videre
264 3297 413 3366 cupientes,
433 3305 459 3351 et
475 3313 511 3349 ne
525 3313 581 3366 pro
606 3299 691 3351 rebus
711 3297 827 3361 levibus,
846 3300 1017 3366 praesertim
1037 3299 1066 3350 in
1087 3297 1225 3364 civilibus,
1245 3304 1329 3350 entra

142 3403 241 3457 locum
258 3403 396 3457 domicilii
414 3403 476 3456 lites
493 3405 632 3456 sustinere
657 3413 810 3472 coquntur:
836 3403 881 3470 Te,
900 3403 936 3456 de
961 3405 1040 3457 cuius
1066 3403 1205 3471 probitate
1223 3403 1250 3458 ei
1268 3403 1330 3456 ido-

145 3511 249 3563 neitate
262 3509 423 3578 plurimum
440 3511 469 3560 in
488 3510 605 3563 Domino
622 3511 794 3579 confidimus,
813 3513 843 3564 in
861 3520 987 3564 nostrum
1005 3512 1143 3564 vicarium
1162 3515 1322 3580 fornacum,

140 3615 184 3667 -ad
202 3615 407 3685 beneplacitum
426 3625 561 3680 nostrum,
580 3615 636 3669 loci
654 3615 691 3668 N.
710 3627 823 3670 nostroe
836 3615 970 3670 dioecesis
982 3619 1111 3686 facimus,
1126 3617 1330 3682 constituimus,

142 3724 327 3790 deputamus:
345 3723 443 3773 dantes
460 3720 521 3773 Tibi
538 3721 704 3789 facultatem
722 3737 821 3774 causas
840 3720 936 3774 civiles
955 3737 1044 3791 usque
1056 3722 1095 3774 ad
1113 3739 1251 3776 summam
1263 3737 1327 3774 scu·

143 3832 303 3888 tatarum„
320 3833 348 3877 et
365 3839 421 3876 non
438 3825 526 3884 ultra,
544 3824 685 3891 audiendi,
704 3826 890 3896 copuoscendi
903 3834 930 3879 et
943 3827 1131 3892 terminandi,·
1143 3829 1172 3880 in
1191 3827 1326 3880 crimina·

139 3931 218 3982 libus
236 3945 303 3982 vero
323 3930 439 3994 levibus,
451 3939 534 3986 testes
547 3931 736 3997 examinandi,
746 3945 913 4000 processum
925 3932 1138 4000 informatioum
1152 3931 1329 4002 conficiendi3

142 4045 171 4089 ct
189 4035 227 4088 ad
244 4044 372 4089 nostrum
391 4036 532 4091 Vicarium
549 4038 715 4108 peneralcm
728 4039 935 4092 transmittendi
940 4056 947 4105 ,¹
966 4037 1079 4108 aliaque
1099 4039 1211 4108 nepotia
1229 4039 1267 4092 ad
1285 4039 1332 4092 iu·

141 4143 331 4196 risdictionem
350 4153 376 4196 et
397 4143 522 4196 tribunal
547 4145 704 4214 episcopale
730 4145 883 4214 spectantia
907 4145 1060 4211 audiendi,
1080 4155 1105 4200 et
1124 4154 1224 4216 posteo
1249 4146 1329 4199 nobis

140 4250 302 4320 reserendi;
321 4250 424 4304 etalio
442 4251 565 4319 faciendi
583 4268 654 4320 quae
672 4253 773 4306 vicarii
790 4252 904 4322 foranei
916 4253 983 4306 dicti
1001 4253 1056 4306 loci
1070 4269 1126 4322 pro
1139 4262 1272 4322 tempore
1282 4256 1328 4322 sa·

135 4369 207 4408 cere
225 4371 410 4421 consuevere;
431 4372 494 4409 cum
512 4358 639 4410 omnibus
657 4358 816 4423 bonoribus,
830 4359 961 4412 oneribus
973 4367 1000 4410 et
1013 4356 1208 4411 emolumentis
1224 4358 1315 4411 solitis
