3292 5109
301 313 366 383 490
745 333 952 384 nenses-run
976 333 1026 384 111.

298 455 436 512 dictorum
455 454 684 512 Examinatorum
703 456 878 526 relationem,
899 457 1047 528 quominus
1068 457 1262 512 executionem
1281 455 1399 524 habeat,
1418 455 1478 510 ulla

299 561 440 618 devolutio
459 569 487 619 et
505 563 657 635 appellatio
676 565 761 620 etiam
780 565 814 619 ad
833 563 934 620 Sedem
952 563 1157 636 Apostolicam,
1174 564 1234 620 sive
1256 563 1380 620 eiusdem
1399 562 1478 618 Sedis

298 669 409 742 legatos
427 677 477 727 aut
495 672 682 743 vicelegatos,
700 677 750 728 aut
769 673 886 728 nuncios
909 690 959 729 seo
981 674 1146 743 Episcopus,
1166 677 1216 728 aut
1234 671 1477 742 Metropolitanus

298 781 437 838 Primates
455 782 500 838 vel
519 783 698 838 Patrierchas
722 783 891 854 interposite
913 783 1047 854 impediet
1065 787 1115 838 erit
1133 782 1329 852 suspendam)
1346 780 1392 835 cui
1410 797 1478 834 san·

298 886 385 940 ctioni
404 885 553 958 respondet
571 888 656 943 etiam
675 887 848 944 Constitutio
868 889 956 942 Piens
974 887 1126 943 admittens
1147 887 1365 958 appellationem
1383 887 1413 941 in
1431 885 1479 940 de·

299 991 425 1048 volutivo
442 995 478 1047 ab
497 993 684 1050 irrationabili
704 994 806 1050 iudicio
826 995 964 1066 Episcopi.

387 1103 435 1165 «ἓ
458 1100 498 1154 16.
517 1100 578 1161 Qua
596 1100 630 1156 de
648 1115 688 1168 re,
707 1105 738 1155 ut
756 1101 785 1155 in
805 1101 941 1157 eiusmodi
966 1101 1080 1171 negotio
1104 1106 1170 1172 apte
1187 1101 1282 1155 omnia
1299 1104 1385 1172 atque
1403 1115 1480 1154 com·

299 1204 389 1275 posite
407 1209 586 1275 peragantur,
606 1205 689 1262 officii
708 1207 794 1262 nostri
814 1223 876 1263 esse
894 1206 1022 1261 duximus
1040 1222 1104 1262 cum
1122 1206 1202 1261 vobis
1219 1221 1282 1262 ven.
1300 1206 1411 1272 fratres,
1430 1221 1481 1275 ge-

298 1311 447 1368 rendarum
466 1330 560 1368 rerum
577 1315 702 1370 ordinem
721 1315 921 1386 praescribere,
934 1331 1015 1386 quem
1029 1313 1114 1383 longo
1127 1331 1179 1368 usu
1195 1313 1295 1369 utilem
1312 1312 1481 1382 agnovimus

298 1418 477 1474 instituendis
495 1420 651 1475 animarum
670 1420 836 1488 rectoribus,
854 1419 903 1491 qui
922 1419 1028 1474 credito
1046 1419 1100 1474 sibi
1119 1418 1201 1490 gregi
1219 1433 1349 1490 praeesse
1368 1421 1398 1472 et
1415 1431 1482 1487 pro·

300 1522 378 1580 desse
399 1525 514 1596 possint

388 1634 437 1688 «Ι.
458 1635 623 1706 Episcopus,
641 1635 739 1692 habita
756 1636 860 1691 notitia
882 1635 1040 1691 vacationis
1061 1633 1213 1702 ecclesiae,
1231 1633 1328 1688 statim
1347 1632 1382 1687 ad
1399 1648 1481 1703 prae·

300 1742 435 1812 scripturn
453 1742 610 1800 Tridentini
634 1743 764 1800 idoneum
784 1745 813 1799 in
832 1744 999 1815 eadeputet
1024 1743 1160 1799 vicarium
1186 1759 1249 1797 cum
1275 1757 1400 1810 congrua
1418 1739 1481 1795 eius

300 1852 418 1908 arbitrio
436 1853 577 1909 fructuum
595 1854 733 1924 portionis
751 1855 949 1926 assignatione,
962 1853 1010 1926 qui
1029 1870 1115 1910 onera
1133 1853 1222 1924 ipsius
1238 1851 1375 1908 ecclesiae
1393 1850 1481 1904 susti·

300 1964 376 2028 neat,
393 1945 482 2016 donec
497 1962 525 2016 ei
545 1961 579 2017 de
597 1966 706 2019 rectore
724 1962 912 2033 provideatur.

391 2067 453 2122 «11.
472 2067 589 2122 Publice
608 2069 757 2140 evulgatur
776 2069 867 2124 edicto
886 2069 989 2124 notitia
1007 2085 1158 2124 concursus
1176 2083 1301 2139 congruo
1318 2072 1349 2123 et
1363 2069 1398 2124 ab
1412 2067 1481 2137 Epi·

302 2189 385 2244 scopo
397 2175 545 2245 praefinito
559 2180 683 2246 tempore
696 2175 865 2246 celebrandi,
877 2178 1029 2249 eodemque
1041 2177 1132 2234 edicto
1144 2194 1241 2233 omnes
1252 2178 1328 2232 clare
1340 2182 1371 2233 st
1382 2179 1481 2246 aperte

289 2288 477 2352 moneantur,
495 2289 527 2340 ut
549 2286 662 2342 interim
687 2287 852 2342 decurrente
876 2288 997 2343 termino
1022 2288 1165 2359 assignato
1190 2302 1284 2341 coram
1303 2285 1482 2340 Cancellario

303 2388 453 2460 episcopali
472 2391 517 2446 vel
536 2391 627 2448 altero
645 2393 680 2448 ab
699 2392 837 2464 Episcopo
855 2393 1022 2464 deputande,
1040 2411 1153 2448 suarum
1171 2393 1349 2464 qualitatum,
1367 2391 1482 2446 merito·

303 2513 363 2552 rum
381 2504 411 2553 et
430 2515 575 2555 munerum
595 2499 780 2570 probationes,
799 2501 997 2558 attestationes
1012 2505 1070 2555 tam
1086 2500 1232 2556 iudiciales
1249 2516 1333 2571 quam
1352 2498 1480 2553 extraiu·

302 2603 416 2682 diciales
443 2603 554 2676 aliaque
580 2605 607 2659 id
632 2622 721 2676 genus
745 2604 926 2672 documenta,
951 2623 1023 2677 quae
1050 2605 1148 2661 fraude
1172 2608 1288 2673 vacant,
1313 2603 1482 2669 exhibeant3

302 2709 437 2782 alioquin,
455 2711 529 2766 dicto
548 2711 668 2766 termino
686 2710 790 2782 elapso,
807 2711 975 2768 documenta
986 2710 1153 2779 huiusmodi,
1165 2726 1347 2783 quaecunque
1365 2712 1396 2764 et
1413 2725 1483 2780 qua·

303 2817 451 2890 liacunque
470 2836 504 2874 ea
522 2820 587 2888 sint,
606 2820 767 2876 nullatenus
786 2821 966 2892 recipientur.

391 2927 465 2984 «111.
485 2919 638 2985 Eveniente
657 2929 700 2986 die
719 2947 878 2998 concursus,
897 2948 914 2985 a
932 2931 1109 2987 cancellario
1133 2927 1285 3001 episcopali
1306 2927 1482 2998 singulorum

303 3035 421 3102 merita,
438 3033 590 3108 qualitates
609 3041 637 3092 et
656 3037 791 3109 requisita
815 3040 859 3108 (ut
880 3037 993 3109 vocent)
1018 3039 1181 3107 incorrupta
1204 3036 1259 3092 tide
1283 3035 1447 3105 deprompta
1465 3051 1483 3088 a

304 3141 411 3197 iuribus
429 3145 554 3212 tempore
573 3142 662 3197 habili
681 3143 823 3213 exhibitis,
844 3145 873 3198 in
892 3145 1004 3214 scriptis
1022 3143 1183 3198 summatim
1202 3143 1381 3212 redigantur3
1398 3155 1484 3210 porro

306 3248 386 3318 copia
404 3247 539 3319 epitomes
558 3247 683 3305 tradetur
701 3265 756 3302 non
775 3248 866 3303 solum
885 3249 1039 3320 Episcopo,
1059 3250 1105 3305 vel
1124 3249 1237 3305 Vicario
1263 3245 1389 3324 generali
1406 3247 1484 3302 vices

302 3352 380 3409 illius
398 3355 522 3422 obeunti,
540 3354 588 3409 sed
606 3353 774 3423 singillatim
792 3355 921 3408 omnibus
937 3355 1183 3410 Examinatoribus
1200 3353 1236 3408 ad
1253 3369 1419 3408 concursum
1436 3351 1485 3405 sd·

304 3460 389 3528 scitis,
404 3463 435 3514 ut
447 3476 509 3514 cum
528 3458 562 3514 de
580 3460 698 3515 scientia
717 3465 776 3514 tum
789 3460 822 3516 de
836 3461 903 3528 vita,
918 3463 1043 3517 moribus
1055 3461 1174 3533 aliisque
1193 3459 1333 3532 regendae
1349 3455 1484 3514 ecclesiae

304 3569 468 3625 necessariis
485 3569 598 3624 dotibus
615 3570 709 3624 ferant
727 3569 868 3624 iudicium.

314 3724 317 3730 .
393 3673 469 3728 «lv.
489 3673 540 3729 Die
558 3674 728 3743 praestituta
746 3675 781 3728 ab
801 3673 938 3746 Episcopo
959 3675 1097 3732 habeatur
1122 3691 1287 3744 concursus,
1309 3680 1422 3732 servata
1439 3691 1485 3729 ac·

304 3784 401 3837 curate
419 3781 450 3836 in
466 3781 594 3836 omnibus
611 3784 702 3837 forma
716 3781 826 3837 tradita
843 3782 874 3836 in
891 3799 975 3853 supra
988 3782 1086 3838 relatis
1099 3783 1204 3840 litteris
1221 3799 1295 3838 anno
1311 3783 1376 3839 1721
1392 3781 1485 3848 editis,

305 3891 419 3960 totaque
439 3905 531 3944 rerum
549 3889 581 3943 in
598 3906 631 3944 eo
651 3893 793 3959 gestarum
812 3890 899 3944 series
917 3891 1031 3960 scriptis
1048 3891 1199 3962 diligenter
1212 3890 1384 3946 enucleatur.
1396 3889 1487 3944 Porro

304 3995 517 4052 Examinatores
535 3996 570 4050 ad
588 3995 788 4067 assequendam
807 4002 913 4053 certam
927 4002 957 4053 et
968 3998 1112 4054 indubiam
1130 4000 1321 4054 coniecturam
1338 3997 1484 4065 scientiae,

305 4105 451 4172 postquam
469 4101 619 4172 diligenter
638 4102 820 4172 expenderint
832 4104 1007 4174 singulorum
1023 4105 1155 4174 peritiam
1173 4105 1203 4160 iu
1222 4104 1383 4171 evolvendo,
1395 4104 1487 4174 expli·

305 4209 446 4281 caudoque
467 4215 599 4267 oretenus
623 4211 718 4283 aliquo
742 4213 949 4270 ecclesiasticae
974 4214 1119 4270 doctrinae
1144 4215 1254 4285 capite,
1275 4214 1321 4270 vel
1340 4233 1358 4269 a
1375 4213 1487 4270 Sanctis

306 4315 446 4386 Patribus,
464 4316 510 4372 vel
529 4333 546 4370 s
564 4332 643 4370 sacro
661 4315 787 4371 Concilio
805 4317 983 4385 Tridentino,
1008 4316 1053 4375 vel
1073 4337 1090 4373 a
1108 4318 1286 4375 catechismo
1304 4335 1420 4375 romano
1438 4337 1487 4376 ex·

306 4427 410 4495 cerpto,
431 4442 464 4480 ac
483 4423 543 4496 peri
561 4425 709 4494 diligentia
725 4424 892 4482 libraverint
909 4445 926 4482 a
944 4426 1071 4499 quolibet
1083 4429 1188 4500 scripto
1200 4428 1280 4484 detes
1293 4429 1488 4501 responsiones
