3292 5109
279 268 346 334 394
807 288 893 335 runs
917 288 954 335 11.

280 406 408 490 quando
432 409 682 481 constituuntur,
699 427 778 474 cum
791 407 869 473 iure
890 406 1032 489 fattarae
1050 406 1278 475 successimus.
1296 407 1368 472 Hae
1384 405 1462 471 Coa·

279 530 438 598 diutoriae
461 532 677 619 indulgendae
700 538 776 599 sunt
797 533 965 599 dumtaxat
987 554 1008 599 a
1030 534 1161 600 Summo
1178 530 1345 612 Pontifioe,
1362 551 1461 615 quum

278 660 448 744 graviores
463 667 602 747 urgeant
616 663 769 734 rationes,
787 680 829 727 ne
851 660 1086 727 administratio
1102 660 1283 727 dioecesum
1308 658 1459 723 nimirum

279 802 382 868 grave
405 784 547 867 patiatur
571 785 818 858 incommodum,
843 788 1016 872 praecipue
1040 783 1167 870 quando
1190 804 1233 849 ex
1252 802 1364 847 mensa
1386 781 1460 866 Epi·

279 910 367 994 scopi
383 908 505 974 reditus
529 930 595 974 non
618 916 790 995 suppetant
803 910 846 975 ad
862 931 1040 996 congruam
1063 910 1252 996 pensionem
1268 909 1461 973 constituen-

279 1028 352 1094 dam
375 1028 561 1096 Coadiutori
583 1050 641 1095 seu
664 1026 885 1116 suffraganee.
912 1032 1003 1095 Tunc
1026 1051 1104 1097 sane
1127 1032 1306 1117 praemium
1328 1028 1461 1095 futurae

278 1158 501 1238 successionis,
518 1162 568 1221 est
595 1176 774 1241 congruum
790 1156 984 1241 stipendium
1001 1144 1249 1243 'rependendum
1274 1155 1458 1222 Coadiutori

277 1280 331 1363 qui
354 1279 443 1343 vices
466 1262 596 1364 supplet
619 1279 770 1365 Episcopi
792 1280 862 1345 sive
886 1281 1012 1365 aegroti
1035 1282 1104 1345 sive
1127 1280 1192 1344 alia
1215 1299 1258 1345 ex
1282 1298 1380 1343 causa
1404 1278 1460 1342 im·

278 1407 367 1491 paris
387 1407 513 1471 muneri
537 1406 731 1491 Episcopali.
756 1406 849 1472 Haec
866 1408 956 1472 iussit
985 1406 1080 1471 Trici.
1101 1405 1225 1473 Concil.
1242 1405 1278 1470 in
1294 1402 1380 1471 Sess.
1396 1404 1460 1485 25,

278 1548 354 1612 cap.
371 1530 402 1601 7,
423 1528 473 1594 De
495 1527 560 1611 ref.
578 1534 611 1593 et
632 1528 716 1595 haec
740 1534 973 1597 commentatus
990 1534 1038 1593 est
1054 1528 1174 1594 Bened.
1198 1528 1292 1602 xlv,
1309 1528 1360 1594 De
1376 1526 1458 1613 Syn.
1505 1554 1509 1560 ·

278 1654 416 1720 dioeces.
442 1652 497 1719 tib.
521 1653 622 1728 XIII,
646 1674 674 1719 c.
698 1654 751 1734 10,
779 1674 813 1718 a.
838 1653 973 1739 21seq.
1006 1656 1132 1719 Morem
1159 1652 1343 1739 assignandi
1375 1652 1460 1719 Coa-

278 1778 422 1845 diutores
446 1800 519 1845 cum
543 1780 654 1845 futura
676 1782 882 1845 successione
905 1800 962 1847 seu
989 1780 1220 1864 Coepiscopos
1238 1780 1284 1844 uti
1307 1778 1382 1843 olim
1405 1798 1459 1863 ap

280 1905 390 1990 pellati
414 1905 556 1978 fuerunt
582 1924 654 1969 esse
676 1911 898 1990 pervetustum
923 1906 1017 1972 docet
1038 1906 1176 1973 historia
1199 1906 1269 1970 Divi
1287 1906 1460 1991 Augustini

279 2031 332 2113 qui
357 2032 549 2095 constitutus
572 2031 634 2096 fuit
663 2031 836 2098 coadiutor
860 2052 933 2096 cum
966 2032 1076 2099 futura
1106 2032 1310 2098 successione
1333 2031 1461 2097 Valerii

278 2155 431 2239 Episcopi
447 2154 676 2240 Hipponensis.
696 2191 713 2204 -
732 2156 802 2220 Hos
818 2155 1027 2221 Coadiutores
1043 2160 1098 2221 aut
1112 2152 1341 2240 suffraganeos
1360 2152 1460 2238 depu-

277 2284 363 2345 tatos
386 2278 426 2343 ad
450 2280 643 2365 supplendas
659 2281 748 2346 vices
764 2280 1008 2365 Episcoporum
1026 2280 1121 2346 etiam
1145 2280 1178 2343 in
1203 2278 1328 2344 iudiciis
1347 2298 1405 2341 seu
1427 2278 1461 2341 in

275 2403 438 2495 'exercitio
461 2400 699 2485 iurisdictionis,
717 2405 907 2485 potestatem
924 2400 1045 2466 habere
1065 2394 1264 2465 ordinariam
1288 2404 1320 2463 et
1342 2416 1461 2462 accen-

278 2525 397 2589 sendos
420 2544 491 2589 esse
515 2525 658 2589 Vicariis
681 2524 896 2591 Generalibus
920 2526 974 2609 qui
997 2544 1093 2589 unam
1116 2523 1325 2607 eamdemque
1347 2540 1461 2606 perso-

278 2669 353 2714 nam
377 2657 481 2735 agunt
504 2649 672 2715 iuridicam
696 2670 770 2715 cum
793 2652 964 2737 Episcopo,
989 2652 1122 2715 sanein
1146 2648 1289 2735 probatis
1313 2648 1433 2713 existit.

367 2772 464 2838 Aliud
488 2794 590 2859 genus
613 2775 821 2839 Vicariorum
845 2772 1121 2858 praetereundum
1144 2792 1209 2838 non
1233 2776 1299 2853 est,
1327 2771 1458 2835 illorum

279 2918 397 2984 nempe
420 2900 472 2982 qui
497 2899 623 2964 Vicarii
639 2919 697 2964 seu
713 2900 1001 2964 Administratores
1025 2899 1201 2983 Apostolici
1218 2900 1458 2982 nuncupantur.

279 3024 336 3088 Isti
361 3023 491 3107 propius
514 3022 674 3088 accedunt
697 3023 840 3087 Vicariis
864 3024 931 3087 sive
956 3022 1172 3088 Generalibus
1203 3022 1271 3086 sive
1296 3019 1457 3105 ¹Capitnla·

278 3151 377 3234 ribus,
402 3152 475 3236 quia
498 3172 564 3215 non
586 3149 717 3222 habent,
741 3156 777 3215 ut
799 3150 983 3235 plurimum,
1008 3148 1233 3216 demandatum
1266 3150 1459 3215 exercitium

278 3275 445 3359 potestatis
469 3272 611 3345 Ordinis,
628 3270 686 3336 sed
701 3277 824 3336 tantum
847 3272 1015 3358 potestatis
1034 3271 1273 3337 iurisdictionis.
1299 3270 1385 3336 Hinc
1408 3270 1461 3336 de·

278 3403 442 3482 putantur,
466 3397 542 3464 sede
564 3404 715 3479 vacante,
739 3396 866 3481 quando
884 3397 1086 3483 capitulares
1109 3416 1175 3461 non
1198 3396 1397 3461 concordant
1420 3394 1463 3460 de

278 3519 427 3605 eligendo
450 3520 524 3585 Vic.
547 3518 734 3603 Capitrdari
759 3523 791 3582 et
814 3519 921 3589 etiam,
945 3516 1022 3581 sede
1046 3516 1152 3601 plena,
1169 3535 1266 3600 quum
1283 3518 1462 3601 Episcopus

277 3643 331 3707 vel
354 3645 444 3707 senio
468 3642 637 3719 consectus
660 3643 713 3707 vel
736 3641 876 3707 adversa
898 3639 1051 3705 laborans
1074 3639 1259 3706 valetudine
1285 3658 1350 3704 non
1374 3640 1461 3704 valet

277 3770 387 3832 munia
417 3769 552 3853 explere
582 3765 679 3833 officii
708 3767 918 3852 Episcopalis.
944 3801 962 3815 -
989 3765 1096 3840 Quum
1123 3765 1250 3832 Vicarii
1281 3764 1459 3851 Apostolici

277 3897 421 3962 maxime
444 3897 607 3963 constituti
630 3896 696 3961 sint
711 3896 744 3960 in
766 3896 847 3961 locis
872 3895 1072 3967 Missionum
1090 3894 1144 3961 ubi
1160 3894 1311 3960 nimirum
1334 3893 1460 3958 hierar·

278 4022 354 4088 chia
376 4021 604 4088 iurisdictionis
626 4040 692 4084 non
716 4025 765 4085 est
783 4022 972 4093 instaurata,
990 4019 1125 4105 proinde
1149 4019 1245 4085 hodie
1268 4019 1316 4086 illi
1338 4020 1392 4103 qui
1408 4017 1459 4084 de-

277 4148 441 4214 stinantur
463 4148 504 4212 ad
527 4146 720 4232 supplendas
743 4147 831 4211 vices
859 4144 1094 4233 Episcoporum
1117 4147 1152 4210 in
1182 4145 1461 4211 administratione

278 4272 444 4355 dioecesis,
469 4272 574 4337 solent
596 4272 788 4355 muncupari
803 4270 1093 4337 Administratores
1112 4271 1299 4357 Apostolici.
1319 4307 1336 4320 -
1353 4272 1460 4355 Siqui-

277 4393 351 4458 dem
381 4398 457 4459 sunt
486 4393 613 4458 Vicarii
643 4390 914 4475 extraordinarii,
947 4412 1060 4458 eorum
1090 4396 1231 4479 potestas
1262 4392 1459 4480 potissimum
