<?xml version="1.0" encoding="UTF-8"?>
<!DOCTYPE html PUBLIC "-//W3C//DTD XHTML 1.0 Transitional//EN"
    "http://www.w3.org/TR/xhtml1/DTD/xhtml1-transitional.dtd">
<html xmlns="http://www.w3.org/1999/xhtml" xml:lang="en" lang="en">
 <head>
  <title>
</title>
<meta http-equiv="Content-Type" content="text/html;charset=utf-8" />
  <meta name='ocr-system' content='tesseract 3.04.00' />
  <meta name='ocr-capabilities' content='ocr_page ocr_carea ocr_par ocr_line ocrx_word'/>
</head>
<body>
  <div class='ocr_page' id='page_1' title='image "./praelectionesin03legagoog_0201.png"; bbox 0 0 3292 5109; ppageno 0'>
   <div class='ocr_carea' id='block_1_1' title="bbox 487 294 1342 364">
    <p class='ocr_par' dir='ltr' id='par_1_1' title="bbox 487 294 1342 364">
     <span class='ocr_line' id='line_1_1' title="bbox 487 294 1342 364; baseline -0.004 -2"><span class='ocrx_word' id='word_1_1' title='bbox 487 314 532 363; x_wconf 86' lang='lat' dir='ltr'><strong><em>nn</em></strong></span> <span class='ocrx_word' id='word_1_2' title='bbox 556 314 694 364; x_wconf 86' lang='lat' dir='ltr'><strong><em>rnnrcns</em></strong></span> <span class='ocrx_word' id='word_1_3' title='bbox 718 313 985 363; x_wconf 83' lang='lat' dir='ltr'><strong><em>acennsmsrrcm</em></strong></span> <span class='ocrx_word' id='word_1_4' title='bbox 1275 294 1342 361; x_wconf 86' lang='grc'><strong><em>197</em></strong></span> 
     </span>
    </p>
   </div>
   <div class='ocr_carea' id='block_1_2' title="bbox 155 435 1345 1644">
    <p class='ocr_par' dir='ltr' id='par_1_2' title="bbox 155 435 1345 1644">
     <span class='ocr_line' id='line_1_2' title="bbox 192 435 1342 524; baseline 0 -22"><span class='ocrx_word' id='word_1_5' title='bbox 192 508 200 519; x_wconf 59' lang='lat'>‚</span> <span class='ocrx_word' id='word_1_6' title='bbox 250 436 325 503; x_wconf 83' lang='lat'><strong>169.</strong></span> <span class='ocrx_word' id='word_1_7' title='bbox 344 438 416 502; x_wconf 72' lang='lat' dir='ltr'><strong><em>Art.</em></strong></span> <span class='ocrx_word' id='word_1_8' title='bbox 433 438 460 502; x_wconf 89' lang='lat' dir='ltr'><strong><em>f.</em></strong></span> <span class='ocrx_word' id='word_1_9' title='bbox 479 457 498 501; x_wconf 78' lang='grc' dir='ltr'><strong><em>ιι</em></strong></span> <span class='ocrx_word' id='word_1_10' title='bbox 514 437 638 505; x_wconf 81' lang='lat' dir='ltr'><strong>Causae</strong></span> <span class='ocrx_word' id='word_1_11' title='bbox 653 436 883 524; x_wconf 83' lang='lat' dir='ltr'>proponendae</span> <span class='ocrx_word' id='word_1_12' title='bbox 899 456 1010 502; x_wconf 91' lang='lat' dir='ltr'><strong><em>coram</em></strong></span> <span class='ocrx_word' id='word_1_13' title='bbox 1021 436 1053 503; x_wconf 86' lang='lat' dir='ltr'><strong><em>S.</em></strong></span> <span class='ocrx_word' id='word_1_14' title='bbox 1067 435 1342 523; x_wconf 82' lang='lat' dir='ltr'><strong><em>Congregatione,</em></strong></span> 
     </span>
     <span class='ocr_line' id='line_1_3' title="bbox 155 561 1344 649; baseline 0 -21"><span class='ocrx_word' id='word_1_15' title='bbox 155 562 227 628; x_wconf 83' lang='lat' dir='ltr'><strong><em>sire</em></strong></span> <span class='ocrx_word' id='word_1_16' title='bbox 242 562 280 627; x_wconf 84' lang='lat' dir='ltr'><strong><em>in</em></strong></span> <span class='ocrx_word' id='word_1_17' title='bbox 291 563 410 646; x_wconf 85' lang='lat' dir='ltr'><strong><em>prime</em></strong></span> <span class='ocrx_word' id='word_1_18' title='bbox 433 562 595 629; x_wconf 67' lang='lat' dir='ltr'><strong><em>innatantia</em></strong></span> <span class='ocrx_word' id='word_1_19' title='bbox 611 564 679 629; x_wconf 84' lang='lat' dir='ltr'><strong><em>sive</em></strong></span> <span class='ocrx_word' id='word_1_20' title='bbox 694 561 731 629; x_wconf 90' lang='lat' dir='ltr'><strong><em>in</em></strong></span> <span class='ocrx_word' id='word_1_21' title='bbox 746 562 864 649; x_wconf 80' lang='lat' dir='ltr'><strong><em>produ</em></strong></span> <span class='ocrx_word' id='word_1_22' title='bbox 886 561 1136 647; x_wconf 77' lang='lat' dir='ltr'><strong><em>appellationis,</em></strong></span> <span class='ocrx_word' id='word_1_23' title='bbox 1157 562 1250 628; x_wconf 81' lang='lat' dir='ltr'><strong><em>iuxta</em></strong></span> <span class='ocrx_word' id='word_1_24' title='bbox 1272 563 1344 628; x_wconf 87' lang='lat' dir='ltr'><strong><em>eius</em></strong></span> 
     </span>
     <span class='ocr_line' id='line_1_4' title="bbox 158 683 1343 773; baseline 0 -22"><span class='ocrx_word' id='word_1_25' title='bbox 158 688 287 773; x_wconf 85' lang='lat' dir='ltr'><strong><em>praxim</em></strong></span> <span class='ocrx_word' id='word_1_26' title='bbox 310 688 397 754; x_wconf 85' lang='lat' dir='ltr'><strong><em>iuris</em></strong></span> <span class='ocrx_word' id='word_1_27' title='bbox 420 688 541 754; x_wconf 78' lang='lat' dir='ltr'><strong><em>ordine</em></strong></span> <span class='ocrx_word' id='word_1_28' title='bbox 564 692 696 754; x_wconf 74' lang='lat' dir='ltr'><strong><em>sonato</em></strong></span> <span class='ocrx_word' id='word_1_29' title='bbox 720 683 948 752; x_wconf 87' lang='lat' dir='ltr'><strong><em>tractabuntur</em></strong></span> <span class='ocrx_word' id='word_1_30' title='bbox 971 686 1096 769; x_wconf 87' lang='lat' dir='ltr'><strong><em>quoties</em></strong></span> <span class='ocrx_word' id='word_1_31' title='bbox 1112 705 1131 750; x_wconf 92' lang='lat' dir='ltr'><strong><em>e</em></strong></span> <span class='ocrx_word' id='word_1_32' title='bbox 1146 684 1343 751; x_wconf 85' lang='lat' dir='ltr'><strong><em>contenden-</em></strong></span> 
     </span>
     <span class='ocr_line' id='line_1_5' title="bbox 156 782 1344 896; baseline -0.002 -21"><span class='ocrx_word' id='word_1_33' title='bbox 156 809 243 877; x_wconf 86' lang='lat' dir='ltr'><strong><em>tibus</em></strong></span> <span class='ocrx_word' id='word_1_34' title='bbox 266 812 360 887; x_wconf 80' lang='lat' dir='ltr'><strong><em>alten,</em></strong></span> <span class='ocrx_word' id='word_1_35' title='bbox 386 812 477 877; x_wconf 90' lang='lat' dir='ltr'><strong><em>cuius</em></strong></span> <span class='ocrx_word' id='word_1_36' title='bbox 499 812 646 892; x_wconf 84' lang='lat' dir='ltr'><strong><em>interest,</em></strong></span> <span class='ocrx_word' id='word_1_37' title='bbox 669 811 813 896; x_wconf 80' lang='lat' dir='ltr'><strong><em>legitimo</em></strong></span> <span class='ocrx_word' id='word_1_38' title='bbox 837 782 1051 895; x_wconf 78' lang='lat' dir='ltr'><strong><em>procuratore</em></strong></span> <span class='ocrx_word' id='word_1_39' title='bbox 1075 810 1260 891; x_wconf 88' lang='lat' dir='ltr'><strong><em>constituto,</em></strong></span> <span class='ocrx_word' id='word_1_40' title='bbox 1284 829 1344 895; x_wconf 94' lang='lat' dir='ltr'><strong><em>op·</em></strong></span> 
     </span>
     <span class='ocr_line' id='line_1_6' title="bbox 158 934 1342 1025; baseline -0.002 -22"><span class='ocrx_word' id='word_1_41' title='bbox 158 938 305 1025; x_wconf 81' lang='lat' dir='ltr'><strong><em>posuerit</em></strong></span> <span class='ocrx_word' id='word_1_42' title='bbox 326 936 411 1002; x_wconf 89' lang='lat' dir='ltr'><strong><em>nihil</em></strong></span> <span class='ocrx_word' id='word_1_43' title='bbox 440 942 593 1003; x_wconf 76' lang='lat' dir='ltr'><strong><em>tremeat</em></strong></span> <span class='ocrx_word' id='word_1_44' title='bbox 622 955 721 1021; x_wconf 89' lang='lat' dir='ltr'><strong><em>penes</em></strong></span> <span class='ocrx_word' id='word_1_45' title='bbox 752 941 826 1002; x_wconf 88' lang='lat' dir='ltr'><strong><em>aeta</em></strong></span> <span class='ocrx_word' id='word_1_46' title='bbox 848 936 880 1003; x_wconf 89' lang='lat' dir='ltr'><strong><em>S.</em></strong></span> <span class='ocrx_word' id='word_1_47' title='bbox 907 936 1175 1023; x_wconf 76' lang='lat' dir='ltr'><strong><em>Congregationis</em></strong></span> <span class='ocrx_word' id='word_1_48' title='bbox 1194 957 1227 1000; x_wconf 87' lang='lat'><strong><em>›.</em></strong></span> <span class='ocrx_word' id='word_1_49' title='bbox 1251 934 1342 1001; x_wconf 87' lang='lat' dir='ltr'><strong><em>Hinc</em></strong></span> 
     </span>
     <span class='ocr_line' id='line_1_7' title="bbox 157 1062 1344 1151; baseline 0 -24"><span class='ocrx_word' id='word_1_50' title='bbox 157 1068 248 1149; x_wconf 85' lang='lat' dir='ltr'><strong><em>patet</em></strong></span> <span class='ocrx_word' id='word_1_51' title='bbox 280 1082 394 1129; x_wconf 84' lang='lat' dir='ltr'><strong><em>causas</em></strong></span> <span class='ocrx_word' id='word_1_52' title='bbox 424 1064 477 1151; x_wconf 81' lang='lat' dir='ltr'><strong><em>agi</em></strong></span> <span class='ocrx_word' id='word_1_53' title='bbox 499 1064 587 1131; x_wconf 84' lang='lat' dir='ltr'><strong><em>iuris</em></strong></span> <span class='ocrx_word' id='word_1_54' title='bbox 609 1062 730 1131; x_wconf 79' lang='lat' dir='ltr'><strong><em>ordine</em></strong></span> <span class='ocrx_word' id='word_1_55' title='bbox 753 1069 887 1131; x_wconf 83' lang='lat' dir='ltr'><strong><em>servato</em></strong></span> <span class='ocrx_word' id='word_1_56' title='bbox 911 1084 969 1128; x_wconf 89' lang='lat' dir='ltr'><strong><em>seu</em></strong></span> <span class='ocrx_word' id='word_1_57' title='bbox 993 1062 1187 1139; x_wconf 81' lang='lat' dir='ltr'><strong><em>formaliter,</em></strong></span> <span class='ocrx_word' id='word_1_58' title='bbox 1211 1062 1344 1148; x_wconf 88' lang='lat' dir='ltr'><strong><em>quando</em></strong></span> 
     </span>
     <span class='ocr_line' id='line_1_8' title="bbox 156 1184 1345 1270; baseline 0.001 -21"><span class='ocrx_word' id='word_1_59' title='bbox 156 1186 295 1270; x_wconf 88' lang='lat' dir='ltr'><strong><em>regulae</em></strong></span> <span class='ocrx_word' id='word_1_60' title='bbox 319 1205 431 1251; x_wconf 89' lang='lat' dir='ltr'><strong><em>omnes</em></strong></span> <span class='ocrx_word' id='word_1_61' title='bbox 453 1184 669 1255; x_wconf 88' lang='lat' dir='ltr'><strong><em>observantur</em></strong></span> <span class='ocrx_word' id='word_1_62' title='bbox 692 1186 725 1251; x_wconf 89' lang='lat' dir='ltr'><strong><em>in</em></strong></span> <span class='ocrx_word' id='word_1_63' title='bbox 749 1186 812 1251; x_wconf 86' lang='lat' dir='ltr'><strong><em>hoo</em></strong></span> <span class='ocrx_word' id='word_1_64' title='bbox 836 1185 968 1254; x_wconf 88' lang='lat' dir='ltr'><strong><em>decreto</em></strong></span> <span class='ocrx_word' id='word_1_65' title='bbox 993 1185 1108 1251; x_wconf 86' lang='lat' dir='ltr'><strong><em>editae.</em></strong></span> <span class='ocrx_word' id='word_1_66' title='bbox 1133 1186 1203 1259; x_wconf 87' lang='lat' dir='ltr'><strong><em>Ast,</em></strong></span> <span class='ocrx_word' id='word_1_67' title='bbox 1227 1186 1276 1250; x_wconf 91' lang='lat' dir='ltr'><strong><em>uti</em></strong></span> <span class='ocrx_word' id='word_1_68' title='bbox 1298 1186 1345 1251; x_wconf 92' lang='lat' dir='ltr'><strong><em>in·</em></strong></span> 
     </span>
     <span class='ocr_line' id='line_1_9' title="bbox 156 1298 1344 1396; baseline -0.001 -22"><span class='ocrx_word' id='word_1_69' title='bbox 156 1329 297 1375; x_wconf 90' lang='lat' dir='ltr'><strong><em>nnemus</em></strong></span> <span class='ocrx_word' id='word_1_70' title='bbox 320 1312 354 1375; x_wconf 90' lang='lat' dir='ltr'><strong><em>in</em></strong></span> <span class='ocrx_word' id='word_1_71' title='bbox 380 1310 443 1376; x_wconf 91' lang='lat' dir='ltr'><strong><em>hoe</em></strong></span> <span class='ocrx_word' id='word_1_72' title='bbox 473 1313 720 1393; x_wconf 85' lang='lat' dir='ltr'><strong><em>commentario,</em></strong></span> <span class='ocrx_word' id='word_1_73' title='bbox 745 1330 788 1376; x_wconf 84' lang='lat' dir='ltr'><strong><em>ex</em></strong></span> <span class='ocrx_word' id='word_1_74' title='bbox 818 1310 977 1377; x_wconf 88' lang='lat' dir='ltr'><strong><em>hodierna</em></strong></span> <span class='ocrx_word' id='word_1_75' title='bbox 1010 1310 1106 1396; x_wconf 83' lang='lat' dir='ltr'><strong><em>praxi</em></strong></span> <span class='ocrx_word' id='word_1_76' title='bbox 1130 1298 1344 1395; x_wconf 79' lang='lat' dir='ltr'><strong><em>&#39;permittitur</em></strong></span> 
     </span>
     <span class='ocr_line' id='line_1_10' title="bbox 156 1432 1340 1518; baseline 0.001 -21"><span class='ocrx_word' id='word_1_77' title='bbox 156 1432 316 1518; x_wconf 82' lang='lat' dir='ltr'><strong><em>partibus,</em></strong></span> <span class='ocrx_word' id='word_1_78' title='bbox 333 1452 415 1518; x_wconf 88' lang='lat' dir='ltr'><strong><em>quae</em></strong></span> <span class='ocrx_word' id='word_1_79' title='bbox 434 1434 575 1499; x_wconf 88' lang='lat' dir='ltr'><strong><em>animum</em></strong></span> <span class='ocrx_word' id='word_1_80' title='bbox 599 1434 849 1499; x_wconf 79' lang='lat' dir='ltr'><strong><em>manifestarunt</em></strong></span> <span class='ocrx_word' id='word_1_81' title='bbox 871 1432 1058 1501; x_wconf 86' lang='lat' dir='ltr'><strong><em>instituendi</em></strong></span> <span class='ocrx_word' id='word_1_82' title='bbox 1082 1433 1340 1499; x_wconf 81' lang='lat' dir='ltr'><strong><em>controversiam</em></strong></span> 
     </span>
     <span class='ocr_line' id='line_1_11' title="bbox 157 1555 1344 1644; baseline 0 -22"><span class='ocrx_word' id='word_1_83' title='bbox 157 1555 361 1639; x_wconf 86' lang='lat' dir='ltr'><strong><em>iudicialem,</em></strong></span> <span class='ocrx_word' id='word_1_84' title='bbox 389 1564 423 1623; x_wconf 94' lang='lat' dir='ltr'><strong><em>ut</em></strong></span> <span class='ocrx_word' id='word_1_85' title='bbox 446 1558 618 1623; x_wconf 86' lang='lat' dir='ltr'><strong><em>nonnullas</em></strong></span> <span class='ocrx_word' id='word_1_86' title='bbox 642 1558 772 1644; x_wconf 84' lang='lat' dir='ltr'><strong><em>regulas</em></strong></span> <span class='ocrx_word' id='word_1_87' title='bbox 796 1576 862 1623; x_wconf 88' lang='lat' dir='ltr'><strong><em>non</em></strong></span> <span class='ocrx_word' id='word_1_88' title='bbox 885 1556 1076 1623; x_wconf 79' lang='lat' dir='ltr'><strong><em>observent:</em></strong></span> <span class='ocrx_word' id='word_1_89' title='bbox 1100 1562 1180 1624; x_wconf 93' lang='lat' dir='ltr'><strong><em>tunc</em></strong></span> <span class='ocrx_word' id='word_1_90' title='bbox 1202 1555 1344 1622; x_wconf 88' lang='lat' dir='ltr'><strong><em>habetur</em></strong></span> 
     </span>
    </p>
   </div>
   <div class='ocr_carea' id='block_1_3' title="bbox 155 1679 1364 2263">
    <p class='ocr_par' dir='ltr' id='par_1_3' title="bbox 155 1679 1343 1889">
     <span class='ocr_line' id='line_1_12' title="bbox 155 1679 1343 1763; baseline 0.002 -18"><span class='ocrx_word' id='word_1_91' title='bbox 155 1680 240 1745; x_wconf 92' lang='lat' dir='ltr'><strong><em>ordo</em></strong></span> <span class='ocrx_word' id='word_1_92' title='bbox 267 1680 427 1747; x_wconf 88' lang='lat' dir='ltr'><strong><em>iudicialis</em></strong></span> <span class='ocrx_word' id='word_1_93' title='bbox 460 1680 516 1747; x_wconf 89' lang='lat' dir='ltr'><strong><em>sed</em></strong></span> <span class='ocrx_word' id='word_1_94' title='bbox 545 1682 774 1757; x_wconf 79' lang='lat' dir='ltr'><strong><em>summarius,</em></strong></span> <span class='ocrx_word' id='word_1_95' title='bbox 801 1700 868 1747; x_wconf 93' lang='lat' dir='ltr'><strong><em>non</em></strong></span> <span class='ocrx_word' id='word_1_96' title='bbox 899 1681 1051 1747; x_wconf 89' lang='lat' dir='ltr'><strong><em>solemnis</em></strong></span> <span class='ocrx_word' id='word_1_97' title='bbox 1081 1701 1139 1746; x_wconf 93' lang='lat' dir='ltr'><strong><em>seu</em></strong></span> <span class='ocrx_word' id='word_1_98' title='bbox 1170 1679 1343 1763; x_wconf 79' lang='lat' dir='ltr'><strong><em>formalis,</em></strong></span> 
     </span>
     <span class='ocr_line' id='line_1_13' title="bbox 155 1803 828 1889; baseline -0.001 -19"><span class='ocrx_word' id='word_1_99' title='bbox 155 1807 214 1889; x_wconf 89' lang='lat' dir='ltr'><strong><em>qui</em></strong></span> <span class='ocrx_word' id='word_1_100' title='bbox 239 1803 403 1871; x_wconf 70' lang='lat' dir='ltr'><strong><em>obtinetur</em></strong></span> <span class='ocrx_word' id='word_1_101' title='bbox 425 1806 512 1871; x_wconf 82' lang='lat' dir='ltr'><strong><em>iuris</em></strong></span> <span class='ocrx_word' id='word_1_102' title='bbox 539 1804 660 1873; x_wconf 86' lang='lat' dir='ltr'><strong><em>ordine</em></strong></span> <span class='ocrx_word' id='word_1_103' title='bbox 683 1810 828 1871; x_wconf 83' lang='lat' dir='ltr'><strong><em>servato.</em></strong></span> 
     </span>
    </p>

    <p class='ocr_par' dir='ltr' id='par_1_4' title="bbox 159 1926 1364 2263">
     <span class='ocr_line' id='line_1_14' title="bbox 252 1926 1364 2016; baseline 0 -23"><span class='ocrx_word' id='word_1_104' title='bbox 252 1929 315 1995; x_wconf 89' lang='lat' dir='ltr'><strong><em>Hic</em></strong></span> <span class='ocrx_word' id='word_1_105' title='bbox 339 1929 417 1993; x_wconf 91' lang='lat' dir='ltr'><strong><em>ordo</em></strong></span> <span class='ocrx_word' id='word_1_106' title='bbox 440 1950 512 1995; x_wconf 91' lang='lat' dir='ltr'><strong><em>cnm</em></strong></span> <span class='ocrx_word' id='word_1_107' title='bbox 536 1930 648 2015; x_wconf 90' lang='lat' dir='ltr'><strong><em>primis</em></strong></span> <span class='ocrx_word' id='word_1_108' title='bbox 672 1930 865 2015; x_wconf 83' lang='lat' dir='ltr'><strong><em>expostulat,</em></strong></span> <span class='ocrx_word' id='word_1_109' title='bbox 888 1928 1054 2016; x_wconf 81' lang='lat' dir='ltr'><strong><em>litigantes</em></strong></span> <span class='ocrx_word' id='word_1_110' title='bbox 1069 1948 1134 1993; x_wconf 94' lang='lat' dir='ltr'><strong><em>non</em></strong></span> <span class='ocrx_word' id='word_1_111' title='bbox 1150 1948 1213 2015; x_wconf 92' lang='lat' dir='ltr'><strong><em>per</em></strong></span> <span class='ocrx_word' id='word_1_112' title='bbox 1227 1948 1264 1995; x_wconf 89' lang='lat' dir='ltr'><strong><em>se</em></strong></span> <span class='ocrx_word' id='word_1_113' title='bbox 1286 1926 1364 1994; x_wconf 90' lang='lat' dir='ltr'><strong><em>sed·</em></strong></span> 
     </span>
     <span class='ocr_line' id='line_1_15' title="bbox 159 2049 1344 2138; baseline -0.002 -21"><span class='ocrx_word' id='word_1_114' title='bbox 159 2072 222 2137; x_wconf 87' lang='lat' dir='ltr'><strong><em>per</em></strong></span> <span class='ocrx_word' id='word_1_115' title='bbox 244 2058 490 2137; x_wconf 88' lang='lat' dir='ltr'><strong><em>procuratorem</em></strong></span> <span class='ocrx_word' id='word_1_116' title='bbox 514 2072 571 2118; x_wconf 89' lang='lat' dir='ltr'><strong><em>seu</em></strong></span> <span class='ocrx_word' id='word_1_117' title='bbox 593 2052 784 2119; x_wconf 87' lang='lat' dir='ltr'><strong><em>advocatum</em></strong></span> <span class='ocrx_word' id='word_1_118' title='bbox 808 2052 928 2119; x_wconf 89' lang='lat' dir='ltr'><strong><em>debere</em></strong></span> <span class='ocrx_word' id='word_1_119' title='bbox 951 2070 1052 2138; x_wconf 77' lang='lat' dir='ltr'><strong><em>agere</em></strong></span> <span class='ocrx_word' id='word_1_120' title='bbox 1075 2057 1109 2117; x_wconf 87' lang='lat' dir='ltr'><strong><em>et</em></strong></span> <span class='ocrx_word' id='word_1_121' title='bbox 1133 2049 1344 2137; x_wconf 88' lang='lat' dir='ltr'><strong><em>respondere.</em></strong></span> 
     </span>
     <span class='ocr_line' id='line_1_16' title="bbox 160 2170 1357 2263; baseline 0 -22"><span class='ocrx_word' id='word_1_122' title='bbox 160 2176 268 2241; x_wconf 89' lang='lat' dir='ltr'><strong><em>Hodie</em></strong></span> <span class='ocrx_word' id='word_1_123' title='bbox 302 2196 399 2263; x_wconf 87' lang='lat' dir='ltr'><strong><em>saepe</em></strong></span> <span class='ocrx_word' id='word_1_124' title='bbox 421 2175 458 2242; x_wconf 87' lang='lat' dir='ltr'><strong><em>iit</em></strong></span> <span class='ocrx_word' id='word_1_125' title='bbox 480 2180 516 2242; x_wconf 92' lang='lat' dir='ltr'><strong><em>ut</em></strong></span> <span class='ocrx_word' id='word_1_126' title='bbox 538 2195 604 2243; x_wconf 89' lang='lat' dir='ltr'><strong><em>una</em></strong></span> <span class='ocrx_word' id='word_1_127' title='bbox 634 2182 690 2243; x_wconf 90' lang='lat' dir='ltr'><strong><em>aut</em></strong></span> <span class='ocrx_word' id='word_1_128' title='bbox 719 2177 825 2241; x_wconf 89' lang='lat' dir='ltr'><strong><em>altera</em></strong></span> <span class='ocrx_word' id='word_1_129' title='bbox 854 2196 932 2263; x_wconf 91' lang='lat' dir='ltr'><strong><em>pars</em></strong></span> <span class='ocrx_word' id='word_1_130' title='bbox 962 2176 1093 2262; x_wconf 86' lang='lat' dir='ltr'><strong><em>litigans</em></strong></span> <span class='ocrx_word' id='word_1_131' title='bbox 1122 2179 1179 2241; x_wconf 90' lang='lat' dir='ltr'><strong><em>aut</em></strong></span> <span class='ocrx_word' id='word_1_132' title='bbox 1206 2170 1357 2260; x_wconf 85' lang='lat' dir='ltr'><strong><em>utraque</em></strong></span> 
     </span>
    </p>
   </div>
   <div class='ocr_carea' id='block_1_4' title="bbox 158 2301 1344 2640">
    <p class='ocr_par' dir='ltr' id='par_1_5' title="bbox 158 2301 1344 2640">
     <span class='ocr_line' id='line_1_17' title="bbox 159 2301 1344 2390; baseline 0.003 -25"><span class='ocrx_word' id='word_1_133' title='bbox 159 2308 409 2387; x_wconf 84' lang='lat' dir='ltr'><strong><em>procuratorem</em></strong></span> <span class='ocrx_word' id='word_1_134' title='bbox 432 2321 497 2368; x_wconf 90' lang='lat' dir='ltr'><strong><em>non</em></strong></span> <span class='ocrx_word' id='word_1_135' title='bbox 522 2304 713 2379; x_wconf 89' lang='lat' dir='ltr'><strong><em>constituat;</em></strong></span> <span class='ocrx_word' id='word_1_136' title='bbox 738 2303 794 2369; x_wconf 89' lang='lat' dir='ltr'><strong><em>sed</em></strong></span> <span class='ocrx_word' id='word_1_137' title='bbox 818 2324 879 2389; x_wconf 91' lang='lat' dir='ltr'><strong><em>per</em></strong></span> <span class='ocrx_word' id='word_1_138' title='bbox 905 2323 941 2368; x_wconf 87' lang='lat' dir='ltr'><strong><em>se</em></strong></span> <span class='ocrx_word' id='word_1_139' title='bbox 970 2301 1108 2368; x_wconf 89' lang='lat' dir='ltr'><strong><em>deducat</em></strong></span> <span class='ocrx_word' id='word_1_140' title='bbox 1132 2302 1344 2390; x_wconf 83' lang='lat' dir='ltr'><strong><em>allegationes</em></strong></span> 
     </span>
     <span class='ocr_line' id='line_1_18' title="bbox 158 2427 1344 2513; baseline 0 -20"><span class='ocrx_word' id='word_1_141' title='bbox 158 2432 195 2493; x_wconf 88' lang='lat' dir='ltr'><strong><em>et</em></strong></span> <span class='ocrx_word' id='word_1_142' title='bbox 218 2428 523 2503; x_wconf 83' lang='lat' dir='ltr'><strong><em>animadversiones,</em></strong></span> <span class='ocrx_word' id='word_1_143' title='bbox 551 2431 585 2495; x_wconf 89' lang='lat' dir='ltr'><strong><em>et</em></strong></span> <span class='ocrx_word' id='word_1_144' title='bbox 613 2429 698 2495; x_wconf 86' lang='lat' dir='ltr'><strong><em>sinat</em></strong></span> <span class='ocrx_word' id='word_1_145' title='bbox 720 2448 765 2495; x_wconf 79' lang='lat' dir='ltr'><strong><em>eoo</em></strong></span> <span class='ocrx_word' id='word_1_146' title='bbox 788 2428 896 2513; x_wconf 78' lang='lat' dir='ltr'><strong><em>officio</em></strong></span> <span class='ocrx_word' id='word_1_147' title='bbox 919 2428 1086 2513; x_wconf 75' lang='lat' dir='ltr'><strong><em>eginum</em></strong></span> <span class='ocrx_word' id='word_1_148' title='bbox 1109 2427 1344 2511; x_wconf 87' lang='lat' dir='ltr'><strong><em>defensionem,</em></strong></span> 
     </span>
     <span class='ocr_line' id='line_1_19' title="bbox 158 2556 496 2640; baseline 0 -21"><span class='ocrx_word' id='word_1_149' title='bbox 158 2560 321 2639; x_wconf 91' lang='lat' dir='ltr'><strong><em>quatenus</em></strong></span> <span class='ocrx_word' id='word_1_150' title='bbox 344 2575 423 2640; x_wconf 92' lang='lat' dir='ltr'><strong><em>opus</em></strong></span> <span class='ocrx_word' id='word_1_151' title='bbox 446 2556 496 2620; x_wconf 89' lang='lat' dir='ltr'><strong><em>sit.</em></strong></span> 
     </span>
    </p>
   </div>
   <div class='ocr_carea' id='block_1_5' title="bbox 161 2678 1346 3006">
    <p class='ocr_par' dir='ltr' id='par_1_6' title="bbox 161 2678 1346 3006">
     <span class='ocr_line' id='line_1_20' title="bbox 252 2678 1343 2754; baseline -0.002 -9"><span class='ocrx_word' id='word_1_152' title='bbox 252 2678 431 2753; x_wconf 74' lang='lat' dir='ltr'><strong><em>clausulae,</em></strong></span> <span class='ocrx_word' id='word_1_153' title='bbox 456 2679 531 2744; x_wconf 92' lang='lat' dir='ltr'><strong><em>olim</em></strong></span> <span class='ocrx_word' id='word_1_154' title='bbox 555 2680 790 2753; x_wconf 84' lang='lat' dir='ltr'><strong><em>usitatissimae,</em></strong></span> <span class='ocrx_word' id='word_1_155' title='bbox 814 2678 900 2745; x_wconf 86' lang='lat' dir='ltr'><strong><em>nibil</em></strong></span> <span class='ocrx_word' id='word_1_156' title='bbox 924 2684 1077 2745; x_wconf 82' lang='lat' dir='ltr'><strong><em>transeat</em></strong></span> <span class='ocrx_word' id='word_1_157' title='bbox 1100 2680 1149 2744; x_wconf 84' lang='lat' dir='ltr'><strong><em>vis</em></strong></span> <span class='ocrx_word' id='word_1_158' title='bbox 1173 2678 1258 2744; x_wconf 89' lang='lat' dir='ltr'><strong><em>haec</em></strong></span> <span class='ocrx_word' id='word_1_159' title='bbox 1283 2682 1343 2754; x_wconf 88' lang='lat' dir='ltr'><strong><em>est,</em></strong></span> 
     </span>
     <span class='ocr_line' id='line_1_21' title="bbox 161 2798 1346 2885; baseline 0 -20"><span class='ocrx_word' id='word_1_160' title='bbox 161 2804 197 2865; x_wconf 89' lang='lat' dir='ltr'><strong><em>ut</em></strong></span> <span class='ocrx_word' id='word_1_161' title='bbox 220 2798 261 2865; x_wconf 91' lang='lat' dir='ltr'><strong><em>ab</em></strong></span> <span class='ocrx_word' id='word_1_162' title='bbox 284 2800 346 2865; x_wconf 91' lang='lat' dir='ltr'><strong><em>hac</em></strong></span> <span class='ocrx_word' id='word_1_163' title='bbox 368 2800 513 2885; x_wconf 89' lang='lat' dir='ltr'><strong><em>apposita</em></strong></span> <span class='ocrx_word' id='word_1_164' title='bbox 544 2800 688 2866; x_wconf 85' lang='lat' dir='ltr'><strong><em>clausula</em></strong></span> <span class='ocrx_word' id='word_1_165' title='bbox 712 2800 751 2865; x_wconf 89' lang='lat' dir='ltr'><strong><em>lis</em></strong></span> <span class='ocrx_word' id='word_1_166' title='bbox 775 2800 977 2885; x_wconf 82' lang='lat' dir='ltr'><strong><em>intelligatur</em></strong></span> <span class='ocrx_word' id='word_1_167' title='bbox 1000 2798 1162 2885; x_wconf 91' lang='lat' dir='ltr'><strong><em>pendere;</em></strong></span> <span class='ocrx_word' id='word_1_168' title='bbox 1187 2801 1346 2883; x_wconf 87' lang='lat' dir='ltr'><strong><em>quocirca</em></strong></span> 
     </span>
     <span class='ocr_line' id='line_1_22' title="bbox 161 2918 1344 3006; baseline 0 -23"><span class='ocrx_word' id='word_1_169' title='bbox 161 2920 196 2983; x_wconf 91' lang='lat' dir='ltr'><strong><em>in</em></strong></span> <span class='ocrx_word' id='word_1_170' title='bbox 212 2919 325 2984; x_wconf 86' lang='lat' dir='ltr'><strong><em>eadem</em></strong></span> <span class='ocrx_word' id='word_1_171' title='bbox 342 2919 424 2984; x_wconf 89' lang='lat' dir='ltr'><strong><em>nihil</em></strong></span> <span class='ocrx_word' id='word_1_172' title='bbox 440 2921 480 2985; x_wconf 92' lang='lat' dir='ltr'><strong><em>sit</em></strong></span> <span class='ocrx_word' id='word_1_173' title='bbox 495 2918 723 2985; x_wconf 84' lang='lat' dir='ltr'><strong><em>innovandum.</em></strong></span> <span class='ocrx_word' id='word_1_174' title='bbox 742 2955 759 2969; x_wconf 90' lang='lat'>-</span> <span class='ocrx_word' id='word_1_175' title='bbox 778 2922 817 2985; x_wconf 93' lang='lat' dir='ltr'><strong><em>In</em></strong></span> <span class='ocrx_word' id='word_1_176' title='bbox 834 2920 1021 2986; x_wconf 80' lang='lat' dir='ltr'><strong><em>secretaria</em></strong></span> <span class='ocrx_word' id='word_1_177' title='bbox 1039 2919 1071 2985; x_wconf 89' lang='lat' dir='ltr'><strong><em>S.</em></strong></span> <span class='ocrx_word' id='word_1_178' title='bbox 1090 2920 1190 3006; x_wconf 78' lang='lat' dir='ltr'><strong><em>(long.</em></strong></span> <span class='ocrx_word' id='word_1_179' title='bbox 1207 2919 1344 2986; x_wconf 84' lang='lat' dir='ltr'><strong><em>Goncilii</em></strong></span> 
     </span>
    </p>
   </div>
   <div class='ocr_carea' id='block_1_6' title="bbox 159 3040 1351 4492">
    <p class='ocr_par' dir='ltr' id='par_1_7' title="bbox 160 3040 1347 3507">
     <span class='ocr_line' id='line_1_23' title="bbox 161 3040 1344 3130; baseline 0.001 -24"><span class='ocrx_word' id='word_1_180' title='bbox 161 3040 247 3107; x_wconf 88' lang='lat' dir='ltr'><strong><em>liber</em></strong></span> <span class='ocrx_word' id='word_1_181' title='bbox 262 3041 429 3129; x_wconf 88' lang='lat' dir='ltr'><strong><em>prostabat</em></strong></span> <span class='ocrx_word' id='word_1_182' title='bbox 445 3044 478 3109; x_wconf 88' lang='lat' dir='ltr'><strong><em>in</em></strong></span> <span class='ocrx_word' id='word_1_183' title='bbox 494 3062 557 3127; x_wconf 90' lang='lat' dir='ltr'><strong><em>qno</em></strong></span> <span class='ocrx_word' id='word_1_184' title='bbox 572 3064 593 3108; x_wconf 91' lang='lat' dir='ltr'><strong><em>a</em></strong></span> <span class='ocrx_word' id='word_1_185' title='bbox 606 3049 819 3130; x_wconf 84' lang='lat' dir='ltr'><strong><em>procuratore</em></strong></span> <span class='ocrx_word' id='word_1_186' title='bbox 835 3041 1057 3128; x_wconf 90' lang='lat' dir='ltr'><strong><em>apponebatur</em></strong></span> <span class='ocrx_word' id='word_1_187' title='bbox 1072 3043 1159 3109; x_wconf 84' lang='lat' dir='ltr'><strong><em>nihil</em></strong></span> <span class='ocrx_word' id='word_1_188' title='bbox 1180 3047 1344 3109; x_wconf 76' lang='lat' dir='ltr'><strong><em>transeat.</em></strong></span> 
     </span>
     <span class='ocr_line' id='line_1_24' title="bbox 163 3166 1347 3254; baseline 0.001 -23"><span class='ocrx_word' id='word_1_189' title='bbox 163 3166 269 3231; x_wconf 90' lang='lat' dir='ltr'><strong><em>Hodie</em></strong></span> <span class='ocrx_word' id='word_1_190' title='bbox 292 3167 506 3233; x_wconf 86' lang='lat' dir='ltr'><strong><em>materialiter</em></strong></span> <span class='ocrx_word' id='word_1_191' title='bbox 528 3168 610 3233; x_wconf 87' lang='lat' dir='ltr'><strong><em>haec</em></strong></span> <span class='ocrx_word' id='word_1_192' title='bbox 633 3167 778 3233; x_wconf 88' lang='lat' dir='ltr'><strong><em>clausula</em></strong></span> <span class='ocrx_word' id='word_1_193' title='bbox 799 3186 866 3232; x_wconf 92' lang='lat' dir='ltr'><strong><em>non</em></strong></span> <span class='ocrx_word' id='word_1_194' title='bbox 889 3167 1087 3242; x_wconf 85' lang='lat' dir='ltr'><strong><em>inscribitur,</em></strong></span> <span class='ocrx_word' id='word_1_195' title='bbox 1104 3168 1160 3235; x_wconf 87' lang='lat' dir='ltr'><strong><em>sed</em></strong></span> <span class='ocrx_word' id='word_1_196' title='bbox 1183 3168 1347 3254; x_wconf 88' lang='lat' dir='ltr'><strong><em>aequipol-</em></strong></span> 
     </span>
     <span class='ocr_line' id='line_1_25' title="bbox 160 3291 1347 3380; baseline 0.002 -23"><span class='ocrx_word' id='word_1_197' title='bbox 160 3291 270 3359; x_wconf 87' lang='lat' dir='ltr'><strong><em>lenter</em></strong></span> <span class='ocrx_word' id='word_1_198' title='bbox 293 3291 433 3357; x_wconf 88' lang='lat' dir='ltr'><strong><em>habetur</em></strong></span> <span class='ocrx_word' id='word_1_199' title='bbox 450 3294 605 3379; x_wconf 84' lang='lat' dir='ltr'><strong><em>apposita,</em></strong></span> <span class='ocrx_word' id='word_1_200' title='bbox 622 3292 750 3376; x_wconf 87' lang='lat' dir='ltr'><strong><em>quando</em></strong></span> <span class='ocrx_word' id='word_1_201' title='bbox 773 3312 850 3380; x_wconf 90' lang='lat' dir='ltr'><strong><em>pars</em></strong></span> <span class='ocrx_word' id='word_1_202' title='bbox 873 3294 1084 3359; x_wconf 88' lang='lat' dir='ltr'><strong><em>intentionem</em></strong></span> <span class='ocrx_word' id='word_1_203' title='bbox 1107 3292 1268 3379; x_wconf 83' lang='lat' dir='ltr'><strong><em>significat</em></strong></span> <span class='ocrx_word' id='word_1_204' title='bbox 1282 3294 1347 3361; x_wconf 91' lang='lat' dir='ltr'><strong><em>liti·</em></strong></span> 
     </span>
     <span class='ocr_line' id='line_1_26' title="bbox 161 3418 1343 3507; baseline 0.001 -23"><span class='ocrx_word' id='word_1_205' title='bbox 161 3418 260 3505; x_wconf 88' lang='lat' dir='ltr'><strong><em>gandi</em></strong></span> <span class='ocrx_word' id='word_1_206' title='bbox 285 3420 353 3484; x_wconf 88' lang='lat' dir='ltr'><strong><em>sive</em></strong></span> <span class='ocrx_word' id='word_1_207' title='bbox 378 3438 437 3505; x_wconf 90' lang='lat' dir='ltr'><strong><em>per</em></strong></span> <span class='ocrx_word' id='word_1_208' title='bbox 452 3440 488 3486; x_wconf 91' lang='lat' dir='ltr'><strong><em>se</em></strong></span> <span class='ocrx_word' id='word_1_209' title='bbox 501 3419 565 3485; x_wconf 92' lang='lat' dir='ltr'><strong><em>hoc</em></strong></span> <span class='ocrx_word' id='word_1_210' title='bbox 581 3423 656 3505; x_wconf 82' lang='lat' dir='ltr'><strong><em>agat</em></strong></span> <span class='ocrx_word' id='word_1_211' title='bbox 678 3420 747 3485; x_wconf 84' lang='lat' dir='ltr'><strong><em>sive</em></strong></span> <span class='ocrx_word' id='word_1_212' title='bbox 770 3440 830 3505; x_wconf 90' lang='lat' dir='ltr'><strong><em>per</em></strong></span> <span class='ocrx_word' id='word_1_213' title='bbox 852 3420 1060 3485; x_wconf 87' lang='lat' dir='ltr'><strong><em>constitutum</em></strong></span> <span class='ocrx_word' id='word_1_214' title='bbox 1083 3424 1343 3507; x_wconf 91' lang='lat' dir='ltr'><strong><em>procuratorem.</em></strong></span> 
     </span>
    </p>

    <p class='ocr_par' dir='ltr' id='par_1_8' title="bbox 159 3540 1343 3747">
     <span class='ocr_line' id='line_1_27' title="bbox 253 3540 1343 3626; baseline 0 -20"><span class='ocrx_word' id='word_1_215' title='bbox 253 3541 292 3606; x_wconf 93' lang='lat' dir='ltr'><strong><em>In</em></strong></span> <span class='ocrx_word' id='word_1_216' title='bbox 315 3540 456 3607; x_wconf 88' lang='lat' dir='ltr'><strong><em>seeundo</em></strong></span> <span class='ocrx_word' id='word_1_217' title='bbox 480 3542 617 3607; x_wconf 86' lang='lat' dir='ltr'><strong><em>articulo</em></strong></span> <span class='ocrx_word' id='word_1_218' title='bbox 647 3542 799 3607; x_wconf 85' lang='lat' dir='ltr'><strong><em>statuitur</em></strong></span> <span class='ocrx_word' id='word_1_219' title='bbox 822 3542 952 3625; x_wconf 86' lang='lat' dir='ltr'><strong><em>quinam</em></strong></span> <span class='ocrx_word' id='word_1_220' title='bbox 976 3543 1198 3626; x_wconf 87' lang='lat' dir='ltr'><strong><em>procuratoris</em></strong></span> <span class='ocrx_word' id='word_1_221' title='bbox 1224 3562 1343 3608; x_wconf 90' lang='lat' dir='ltr'><strong><em>munus</em></strong></span> 
     </span>
     <span class='ocr_line' id='line_1_28' title="bbox 159 3662 655 3747; baseline -0.006 -19"><span class='ocrx_word' id='word_1_222' title='bbox 159 3662 298 3747; x_wconf 86' lang='lat' dir='ltr'><strong><em>explere</em></strong></span> <span class='ocrx_word' id='word_1_223' title='bbox 321 3663 462 3744; x_wconf 83' lang='lat' dir='ltr'><strong><em>valeant,</em></strong></span> <span class='ocrx_word' id='word_1_224' title='bbox 486 3662 655 3728; x_wconf 89' lang='lat' dir='ltr'><strong><em>nimirum:</em></strong></span> 
     </span>
    </p>

    <p class='ocr_par' dir='ltr' id='par_1_9' title="bbox 160 3784 1351 4492">
     <span class='ocr_line' id='line_1_29' title="bbox 252 3784 1348 3871; baseline 0.003 -22"><span class='ocrx_word' id='word_1_225' title='bbox 252 3786 327 3849; x_wconf 87' lang='lat' dir='ltr'><strong><em>Art.</em></strong></span> <span class='ocrx_word' id='word_1_226' title='bbox 343 3784 379 3849; x_wconf 79' lang='grc'><strong><em>2.</em></strong></span> <span class='ocrx_word' id='word_1_227' title='bbox 398 3803 417 3847; x_wconf 86' lang='lat'><strong>‹</strong></span> <span class='ocrx_word' id='word_1_228' title='bbox 434 3784 506 3849; x_wconf 88' lang='lat' dir='ltr'><strong><em>Hoc</em></strong></span> <span class='ocrx_word' id='word_1_229' title='bbox 520 3784 553 3848; x_wconf 91' lang='lat' dir='ltr'><strong><em>in</em></strong></span> <span class='ocrx_word' id='word_1_230' title='bbox 569 3803 647 3849; x_wconf 87' lang='lat' dir='ltr'><strong><em>casu</em></strong></span> <span class='ocrx_word' id='word_1_231' title='bbox 669 3784 716 3848; x_wconf 90' lang='lat' dir='ltr'><strong><em>illi</em></strong></span> <span class='ocrx_word' id='word_1_232' title='bbox 741 3787 866 3852; x_wconf 89' lang='lat' dir='ltr'><strong><em>tantum</em></strong></span> <span class='ocrx_word' id='word_1_233' title='bbox 890 3784 931 3850; x_wconf 90' lang='lat' dir='ltr'><strong><em>ad</em></strong></span> <span class='ocrx_word' id='word_1_234' title='bbox 954 3785 1115 3871; x_wconf 83' lang='lat' dir='ltr'><strong><em>agendum</em></strong></span> <span class='ocrx_word' id='word_1_235' title='bbox 1131 3785 1348 3852; x_wconf 87' lang='lat' dir='ltr'><strong><em>admittuntur</em></strong></span> 
     </span>
     <span class='ocr_line' id='line_1_30' title="bbox 162 3907 1347 3995; baseline 0.002 -24"><span class='ocrx_word' id='word_1_236' title='bbox 162 3910 402 3991; x_wconf 87' lang='lat' dir='ltr'><strong><em>procuratores,</em></strong></span> <span class='ocrx_word' id='word_1_237' title='bbox 427 3908 481 3992; x_wconf 90' lang='lat' dir='ltr'><strong><em>qui</em></strong></span> <span class='ocrx_word' id='word_1_238' title='bbox 503 3907 678 3993; x_wconf 84' lang='lat' dir='ltr'><strong><em>legitimam</em></strong></span> <span class='ocrx_word' id='word_1_239' title='bbox 702 3926 873 3991; x_wconf 88' lang='lat' dir='ltr'><strong><em>personam</em></strong></span> <span class='ocrx_word' id='word_1_240' title='bbox 897 3908 1018 3974; x_wconf 92' lang='lat' dir='ltr'><strong><em>habent</em></strong></span> <span class='ocrx_word' id='word_1_241' title='bbox 1048 3908 1168 3995; x_wconf 86' lang='lat' dir='ltr'><strong><em>agendi</em></strong></span> <span class='ocrx_word' id='word_1_242' title='bbox 1192 3929 1250 3974; x_wconf 91' lang='lat' dir='ltr'><strong><em>seu</em></strong></span> <span class='ocrx_word' id='word_1_243' title='bbox 1274 3928 1347 3993; x_wconf 88' lang='lat' dir='ltr'><strong><em>res-</em></strong></span> 
     </span>
     <span class='ocr_line' id='line_1_31' title="bbox 163 4030 1348 4115; baseline 0.002 -19"><span class='ocrx_word' id='word_1_244' title='bbox 163 4030 324 4115; x_wconf 90' lang='lat' dir='ltr'><strong><em>pondendi</em></strong></span> <span class='ocrx_word' id='word_1_245' title='bbox 355 4052 465 4097; x_wconf 88' lang='lat' dir='ltr'><strong><em>coram</em></strong></span> <span class='ocrx_word' id='word_1_246' title='bbox 495 4033 614 4098; x_wconf 87' lang='lat' dir='ltr'><strong><em>ceteris</em></strong></span> <span class='ocrx_word' id='word_1_247' title='bbox 644 4032 740 4100; x_wconf 87' lang='lat' dir='ltr'><strong><em>Urbis</em></strong></span> <span class='ocrx_word' id='word_1_248' title='bbox 770 4032 1032 4098; x_wconf 80' lang='lat' dir='ltr'><strong><em>tribunalibus».</em></strong></span> <span class='ocrx_word' id='word_1_249' title='bbox 1058 4032 1166 4099; x_wconf 90' lang='lat' dir='ltr'><strong><em>Hodie</em></strong></span> <span class='ocrx_word' id='word_1_250' title='bbox 1197 4033 1348 4098; x_wconf 85' lang='lat' dir='ltr'><strong><em>civilibus</em></strong></span> 
     </span>
     <span class='ocr_line' id='line_1_32' title="bbox 161 4153 1350 4242; baseline 0.003 -24"><span class='ocrx_word' id='word_1_251' title='bbox 161 4153 376 4219; x_wconf 88' lang='lat' dir='ltr'><strong><em>tribunalibus</em></strong></span> <span class='ocrx_word' id='word_1_252' title='bbox 399 4175 464 4221; x_wconf 92' lang='lat' dir='ltr'><strong><em>non</em></strong></span> <span class='ocrx_word' id='word_1_253' title='bbox 486 4156 623 4241; x_wconf 90' lang='lat' dir='ltr'><strong><em>amplius</em></strong></span> <span class='ocrx_word' id='word_1_254' title='bbox 652 4155 831 4241; x_wconf 81' lang='lat' dir='ltr'><strong><em>agentibus,</em></strong></span> <span class='ocrx_word' id='word_1_255' title='bbox 856 4155 940 4241; x_wconf 87' lang='lat' dir='ltr'><strong><em>apud</em></strong></span> <span class='ocrx_word' id='word_1_256' title='bbox 972 4158 1060 4222; x_wconf 87' lang='lat' dir='ltr'><strong><em>hano</em></strong></span> <span class='ocrx_word' id='word_1_257' title='bbox 1091 4157 1124 4223; x_wconf 89' lang='lat' dir='ltr'><strong><em>S.</em></strong></span> <span class='ocrx_word' id='word_1_258' title='bbox 1148 4157 1248 4242; x_wconf 78' lang='lat' dir='ltr'><strong><em>(long.</em></strong></span> <span class='ocrx_word' id='word_1_259' title='bbox 1274 4176 1350 4241; x_wconf 91' lang='lat' dir='ltr'><strong><em>per·</em></strong></span> 
     </span>
     <span class='ocr_line' id='line_1_33' title="bbox 160 4278 1351 4368; baseline 0.004 -25"><span class='ocrx_word' id='word_1_260' title='bbox 160 4279 270 4363; x_wconf 83' lang='lat' dir='ltr'><strong><em>agitur</em></strong></span> <span class='ocrx_word' id='word_1_261' title='bbox 292 4280 490 4364; x_wconf 85' lang='lat' dir='ltr'><strong><em>tyrocinium</em></strong></span> <span class='ocrx_word' id='word_1_262' title='bbox 507 4288 540 4347; x_wconf 90' lang='lat' dir='ltr'><strong><em>et</em></strong></span> <span class='ocrx_word' id='word_1_263' title='bbox 556 4278 650 4347; x_wconf 88' lang='lat' dir='ltr'><strong><em>datur</em></strong></span> <span class='ocrx_word' id='word_1_264' title='bbox 664 4281 925 4366; x_wconf 88' lang='lat' dir='ltr'><strong><em>experimentum</em></strong></span> <span class='ocrx_word' id='word_1_265' title='bbox 948 4301 1008 4366; x_wconf 90' lang='lat' dir='ltr'><strong><em>pro</em></strong></span> <span class='ocrx_word' id='word_1_266' title='bbox 1032 4281 1250 4368; x_wconf 88' lang='lat' dir='ltr'><strong><em>approbandis</em></strong></span> <span class='ocrx_word' id='word_1_267' title='bbox 1274 4300 1351 4367; x_wconf 93' lang='lat' dir='ltr'><strong><em>pro·</em></strong></span> 
     </span>
     <span class='ocr_line' id='line_1_34' title="bbox 162 4404 1349 4492; baseline 0.004 -23"><span class='ocrx_word' id='word_1_268' title='bbox 162 4404 368 4471; x_wconf 86' lang='lat' dir='ltr'><strong><em>curatoribus</em></strong></span> <span class='ocrx_word' id='word_1_269' title='bbox 385 4411 417 4471; x_wconf 90' lang='lat' dir='ltr'><strong><em>et</em></strong></span> <span class='ocrx_word' id='word_1_270' title='bbox 431 4404 605 4473; x_wconf 83' lang='lat' dir='ltr'><strong><em>advocatis.</em></strong></span> <span class='ocrx_word' id='word_1_271' title='bbox 631 4406 831 4492; x_wconf 69' lang='lat' dir='ltr'><strong><em>approbatio</em></strong></span> <span class='ocrx_word' id='word_1_272' title='bbox 848 4406 944 4473; x_wconf 88' lang='lat' dir='ltr'><strong><em>datur</em></strong></span> <span class='ocrx_word' id='word_1_273' title='bbox 960 4408 1056 4473; x_wconf 89' lang='lat' dir='ltr'><strong><em>etiam</em></strong></span> <span class='ocrx_word' id='word_1_274' title='bbox 1072 4428 1093 4473; x_wconf 93' lang='lat' dir='ltr'><strong><em>a</em></strong></span> <span class='ocrx_word' id='word_1_275' title='bbox 1108 4408 1139 4474; x_wconf 91' lang='lat' dir='ltr'><strong><em>S.</em></strong></span> <span class='ocrx_word' id='word_1_276' title='bbox 1157 4409 1243 4474; x_wconf 86' lang='lat' dir='ltr'><strong><em>Rota</em></strong></span> <span class='ocrx_word' id='word_1_277' title='bbox 1259 4408 1301 4474; x_wconf 87' lang='lat' dir='ltr'><strong><em>R.</em></strong></span> <span class='ocrx_word' id='word_1_278' title='bbox 1329 4442 1349 4459; x_wconf 92' lang='lat'>-</span> 
     </span>
    </p>
   </div>
   <div class='ocr_carea' id='block_1_7' title="bbox 0 0 1653 5109">
    <p class='ocr_par' dir='ltr' id='par_1_10' title="bbox 0 0 1653 5109">
     <span class='ocr_line' id='line_1_35' title="bbox 0 0 1653 5109; baseline 0 0"><span class='ocrx_word' id='word_1_279' title='bbox 0 0 1653 5109; x_wconf 95' lang='lat' dir='ltr'><strong><em> </em></strong></span> 
     </span>
    </p>
   </div>
  </div>
 </body>
</html>
