3292 5109
684 322 892 371 abrincarum
916 324 965 370 111.
1348 310 1416 374 485
1471 308 1473 314 ’

236 441 365 512 gregatio
391 459 438 496 eas
456 442 485 497 in
505 441 700 514 uniuscuisque
725 442 863 498 Ordinarii
888 443 1064 498 Cancellaria
1086 449 1222 515 perpetuo
1246 447 1413 501 conservari.

237 549 322 604 Cuius
341 551 449 605 interea
467 549 623 616 consilium,
642 556 701 606 tum
720 552 902 618 voluntatem,
921 552 986 606 dum
998 569 1051 622 ego
1063 554 1192 609 omnibus
1204 555 1340 626 significo,
1353 572 1413 609 am·

235 655 366 726 plitudini
384 661 450 712 tuae
468 657 561 712 fausta
579 659 673 712 omnia
692 675 706 712 e
725 658 803 713 coelo
822 675 920 728 precor
931 674 957 716 a».

360 763 474 829 Romae,
493 763 547 818 bac
565 765 610 820 die
630 763 663 818 10
681 765 802 819 Ianuarii
826 765 901 820 1721.

537 907 737 978 Amplitudinis
756 911 830 974 tuae,

599 1013 649 1068 Uti
667 1015 763 1082 frater,

567 1158 597 1211 P.
617 1157 655 1210 M.
675 1157 755 1211 Card.
775 1157 966 1227 cessurusne,
986 1160 1086 1232 Pracf.

1024 1303 1054 1356 P.
1073 1303 1278 1367 Lambertinns,
1299 1303 1375 1357 Scor.

325 1511 361 1564 Et
379 1511 425 1565 hic
444 1516 519 1579 uota,
539 1529 621 1583 qoam
641 1517 737 1582 aperte
756 1519 851 1568 errent
863 1513 1018 1584 Scriptores
1030 1515 1073 1570 illi
1086 1516 1133 1586 qui
1147 1517 1260 1571 tradunt
1276 1517 1411 1572 eiusmodi

236 1617 353 1671 sormam
372 1619 508 1673 examinis
527 1623 660 1674 statutam
680 1637 740 1675 esse
759 1626 900 1692 tamquam
913 1623 1030 1676 formam
1044 1623 1265 1691 substantialem,
1277 1641 1349 1695 quae
1362 1641 1412 1693 per

234 1743 264 1782 so
274 1728 440 1782 secumierat
452 1726 605 1782 clausulam
619 1729 785 1794 irritantem,
798 1734 830 1783 nt
841 1731 934 1784 facere
948 1730 1065 1785 vidimus
1078 1731 1247 1798 Reclusium,
1257 1732 1411 1803 allegatum

234 1832 264 1885 in
284 1849 368 1886 causa
389 1833 546 1888 Concursus
564 1835 690 1904 superins
708 1835 848 1904 exposita:
863 1841 891 1890 et
904 1852 987 1906 quam
1006 1838 1192 1892 necessarium
1211 1839 1248 1893 sit
1267 1840 1301 1892 ad
1319 1841 1411 1894 fontes

234 1953 386 2003 recurrere,
404 1941 436 1991 ut
453 1937 646 2008 dispositiones
664 1937 733 1990 iuris
751 1943 882 1992 accurate
901 1938 1107 2008 intelligantur.

323 2046 390 2100 Post
408 2045 541 2101 eiusmodi
562 2045 775 2100 instructionem
794 2046 945 2101 Clementis
964 2045 1012 2114 Xl,
1031 2047 1198 2103 Benedictus
1211 2048 1277 2102 XIV
1291 2048 1410 2120 denique

233 2153 267 2206 ad
286 2151 387 2206 solium
403 2152 580 2207 Pontificium
600 2169 737 2218 ascensus,
750 2152 984 2208 constitutionem
1003 2153 1089 2208 edidit
1108 2153 1206 2208 harum
1227 2172 1410 2227 rerumquae

233 2258 293 2328 ipse
312 2259 376 2312 dum
395 2259 424 2311 in
443 2258 596 2313 minoribus
614 2263 675 2312 erat
693 2275 728 2314 ex
747 2260 870 2328 professo
888 2263 1116 2328 pertractaverat
1136 2260 1167 2313 In
1186 2261 1320 2315 eiusmodi
1334 2263 1408 2315 Con·

233 2365 380 2418 stitutione
399 2364 493 2419 omnia
511 2365 707 2433 propemodum
720 2345 831 2434 repetit,
844 2382 915 2436 quae
928 2366 1054 2435 superius
1073 2365 1250 2436 exposuimus
1262 2371 1292 2420 et
1304 2367 1410 2440 aliquid

236 2471 389 2542 ampliavit.
409 2470 578 2526 Constitutio
597 2476 691 2527 autem
710 2472 751 2527 ita
768 2490 798 2528 se
815 2472 914 2528 habet:

275 2697 501 2737 vousnaulmaus
519 2697 678 2737 FRATRIBUS
698 2698 898 2747 Pararaacrrrs,
919 2699 1099 2751 amoenamus,
1117 2701 1362 2751 aucnmrlscorrS,

719 2805 755 2843 ET
775 2805 921 2844 EPlSCOPlS

599 2966 826 3022 BENEDlCTUS
845 2968 943 3021 Para
963 2968 1037 3021 XIV.

362 3145 540 3200 l'cnerolriles
559 3147 675 3200 Fratres
694 3147 813 3200 satutem
834 3156 860 3201 ct
877 3147 1058 3218 apostolicam
1077 3150 1303 3203 benedictionem.

318 3321 418 3377 «Cum
443 3321 512 3375 iilud
536 3338 644 3391 semper
670 3321 818 3391 plurimum
840 3322 1035 3398 formidaverit
1059 3323 1178 3378 ecclesia
1203 3324 1356 3392 catholica,
1375 3345 1412 3382 ue

229 3429 350 3498 indignis
369 3429 524 3500 quibusque
538 3433 566 3484 et
579 3434 658 3484 extra
671 3429 842 3484 sacerdotale
856 3430 986 3483 meritum
1000 3432 1160 3485 constitutis
1172 3449 1240 3486 cura
1253 3434 1409 3489 animarum

229 3541 259 3593 et
277 3536 407 3591 dominici
427 3537 521 3606 gregis
540 3537 664 3590 custodia
683 3537 850 3604 crederetur,
869 3537 935 3606 qnia
954 3538 1041 3592 totius
1059 3539 1183 3594 familiae
1199 3544 1289 3595 status
1298 3546 1327 3596 et
1341 3543 1409 3596 ordo

229 3650 318 3710 nutat,
337 3645 371 3712 si,
389 3645 462 3716 quod
482 3643 634 3715 requiritur
653 3644 680 3697 iu
700 3660 823 3712 corpore,
837 3661 892 3698 uon
906 3645 1047 3699 iuvenitur
1066 3647 1094 3699 in
1114 3648 1221 3716 capite:
1240 3647 1305 3702 hinc
1325 3667 1409 3704 cano-

228 3751 299 3805 nicis
324 3750 514 3804 sanctionibus
532 3767 564 3804 ac
583 3749 747 3819 praesertim
766 3749 792 3802 S.
813 3749 994 3804 Tridentinae
1019 3751 1123 3822 Synodi
1150 3753 1270 3807 decretis
1295 3732 1408 3823 provide

230 3857 386 3912 consultum
406 3861 456 3924 est,
476 3857 601 3926 regimen
620 3855 801 3910 ecclesiarum
816 3854 1018 3922 parochialium
1037 3857 1073 3911 iis
1091 3875 1150 3914 esse
1169 3861 1407 3930 committendum,

228 3981 345 4036 quorum
364 3965 454 4018 omnis
472 3966 549 4017 aetas
568 3981 585 4017 a
604 3963 757 4032 puerilibus
775 3963 895 4018 exordiis
908 3964 943 4017 ad
955 3966 1136 4034 perfectiores
1154 3984 1242 4021 annos
1260 3985 1309 4037 per
1326 3968 1408 4023 disci·

228 4067 322 4137 plinae
346 4068 552 4122 ecclesiasticae
576 4067 714 4138 stipendia
732 4069 772 4122 ita
791 4068 976 4136 cucurrisset,
1000 4074 1031 4124 ut
1049 4069 1083 4125 de
1101 4071 1214 4125 illorum
1235 4088 1318 4141 snpra
1337 4071 1408 4126 alios

228 4174 406 4243 provectione
425 4189 458 4226 ac
477 4173 578 4242 potiori
596 4173 739 4227 doctrinae
758 4189 865 4227 morum
884 4191 917 4227 ac
930 4174 1054 4229 diuturni
1068 4175 1172 4230 laboris
1184 4177 1317 4246 suffragio
1329 4179 1407 4231 netas

228 4287 302 4338 esset
313 4282 449 4337 dubitare.
467 4283 538 4344 Quia
556 4298 622 4337 vero
642 4281 796 4350 perniciosa
814 4282 887 4350 apud
907 4282 1042 4352 plurimus
1053 4285 1148 4354 opinio
1161 4285 1263 4339 sensim
1276 4284 1406 4351 invaluit,

227 4387 384 4443 Tridentini
404 4387 523 4442 decretis
541 4403 596 4441 non
617 4387 815 4456 praescriptam
830 4403 889 4441 esse
902 4386 1037 4456 dignioris
1055 4389 1230 4455 electionem,
1249 4388 1297 4444 sed
1313 4389 1407 4444 caveri
