3292 5109
335 269 398 335 112
849 286 933 333 rans
958 284 995 331 11.

328 412 397 495 ptis
419 414 552 477 nuttam
573 411 677 496 fidem
700 430 770 477 esse
793 410 830 474 in
853 409 978 474 iudicio
994 410 1046 474 oet
1060 413 1163 474 eatro
1181 406 1268 472 ittuct
1291 424 1313 471 a
1336 421 1511 489 quoquam
1597 443 1601 452 ·

332 535 570 605 adhibendam.
587 534 646 601 sed
670 540 800 599 tontum
826 533 902 606 iltis,
919 551 1009 617 quae
1031 532 1069 597 ia
1092 530 1286 596 authentica
1306 530 1435 614 forino,
1460 548 1510 594 so·

333 660 390 727 tito
413 660 524 746 sipitto
548 666 579 726 et
601 660 847 741 subscriptione
869 657 1066 724 Cordiautis
1080 653 1254 738 Praefecti
1273 661 1305 722 et
1328 651 1513 721 Secretura'i

333 784 483 849 eiusdem
502 782 781 869 Conprepationis
805 782 957 846 mundae
979 780 1047 845 siat
1064 802 1097 843 ».

423 909 514 985 Quod
538 910 710 974 Decretum
734 910 779 973 ita
803 912 1040 972 commentatur
1060 907 1244 992 raguenus,
1262 906 1314 989 qni
1335 904 1514 971 aSecretis

333 1039 394 1104 fuit
417 1037 448 1103 S.
466 1037 499 1103 O.
518 1034 693 1102 Concilio
714 1053 777 1099 sno
797 1034 926 1099 Comm.
944 1032 991 1097 od
1008 1051 1082 1113 cop.
1100 1030 1125 1094 2
1143 1029 1321 1101 Quoniam.
1342 1029 1392 1095 De
1408 1034 1513 1095 coast.

333 1182 367 1225 a.
385 1160 449 1227 59.-
470 1180 487 1223 s
505 1160 594 1245 Ergo
618 1146 831 1224 decisionibus
854 1176 936 1241 quae
953 1155 1220 1240 Congregationis
1243 1154 1373 1219 nomine
1396 1153 1514 1218 inscri-

333 1281 469 1363 buntur,
494 1279 572 1347 tides
604 1280 786 1346 adhibenda
809 1300 874 1344 non
898 1282 961 1344 erit
989 1280 1050 1343 nisi
1076 1282 1255 1363 appareant
1286 1296 1382 1340 mauu
1405 1274 1515 1343 Cardi·
1607 1311 1608 1314 π

334 1405 416 1469 nalis
441 1406 604 1471 Praefecti
627 1410 660 1470 et
682 1405 857 1470 Secretarii
882 1404 1083 1488 subscriptae
1100 1409 1132 1468 et
1156 1406 1311 1468 consueto
1334 1402 1443 1487 sigillo
1460 1400 1514 1465 ob·

334 1529 488 1615 signatae.
514 1529 651 1592 Tantum
681 1524 841 1611 praebere
871 1530 1006 1611 possunt
1037 1545 1167 1589 causam
1191 1526 1272 1590 iuris
1303 1523 1517 1609 prudentibus
1607 1511 1609 1590 ἒ

335 1655 368 1716 et
389 1652 560 1716 timoratae
575 1652 791 1716 conscientiae
816 1650 999 1733 inquirendi
1019 1650 1059 1714 de
1082 1652 1213 1716 illarum
1229 1652 1377 1723 veritate,
1394 1650 1437 1713 de
1454 1668 1516 1732 qna

334 1780 361 1845 si
384 1776 593 1863 probabiliter
616 1782 780 1843 constaret
804 1798 846 1842 ex
869 1778 1006 1843 alicuius
1025 1776 1088 1843 fide
1111 1778 1208 1863 digno
1231 1776 1415 1843 testimonio
1441 1776 1517 1841 licet
1607 1804 1609 1856 i

335 1922 400 1967 non
423 1902 624 1975 authentice,
649 1922 713 1966 non
738 1906 823 1967 esset
852 1899 1031 1965 laudandus
1055 1902 1108 1985 qui
1140 1900 1226 1965 illius
1248 1902 1387 1965 veritate
1419 1900 1517 1964 aliter

336 2046 400 2091 non
424 2026 616 2111 investigata
638 2025 774 2092 auderet
797 2026 997 2090 contrarium
1021 2024 1150 2092 docere.
1168 2029 1203 2091 ut
1224 2024 1346 2088 iaciunt
1367 2024 1516 2087 nonnulli

337 2170 379 2214 ex
402 2148 574 2235 Theologis
597 2150 649 2233 qui
674 2148 784 2215 relatis
807 2148 916 2213 verbis
939 2148 1112 2213 multarum
1141 2146 1398 2211 declarationum
1422 2144 1516 2210 Sum-

337 2290 462 2336 morum
486 2270 677 2337 Pontificum
701 2278 755 2338 aut
777 2272 1054 2357 congregationis.
1076 2278 1111 2337 ut
1134 2272 1206 2337 illas
1229 2273 1360 2351 evitent,
1378 2289 1516 2335 consue-

336 2401 455 2461 verunt
487 2395 669 2461 indistincte
705 2396 920 2481 respondere:
951 2397 1001 2463 De,
1021 2397 1084 2461 illis
1106 2396 1198 2461 nobis
1225 2417 1291 2462 non
1314 2401 1442 2461 constat
1465 2414 1516 2459 au·

333 2520 489 2595 'theutica
507 2526 602 2603 atque
625 2522 670 2584 ita
692 2520 794 2586 libere
818 2524 1016 2587 contrariam
1041 2523 1232 2589 sententiam
1254 2527 1397 2589 tuentur.
1422 2522 1516 2598 Quod

338 2653 427 2713 certe
457 2648 513 2711 vix
535 2646 627 2711 abest
648 2645 688 2710 ab
712 2647 922 2711 irriverentia
946 2668 985 2713 ac
1008 2649 1202 2713 temeritate.
1228 2646 1387 2721 (lumime,
1412 2652 1451 2712 ut
1473 2649 1518 2711 in-

337 2772 405 2855 quit
419 2770 510 2835 Salas
525 2770 567 2835 de
583 2770 645 2862 lep.
663 2773 746 2835 troc.
759 2767 810 2843 13.
829 2769 915 2852 disp.
932 2770 986 2845 12,
1002 2790 1036 2854 q.
1053 2770 1110 2846 97,
1126 2776 1204 2837 sect.
1222 2770 1266 2835 12
1281 2770 1319 2835 ic
1333 2772 1403 2856 fia..
1420 2776 1515 2837 recte
1607 2778 1609 2809 ¹

338 2892 416 2959 iacit
446 2894 543 2958 iudex
566 2895 619 2978 qui
643 2893 879 2959 declarationes
902 2894 973 2959 Sao.
999 2895 1108 2978 dung..
1136 2914 1214 2977 quas
1239 2896 1401 2961 invenerit
1431 2895 1517 2981 apud
1607 2945 1609 2976 ,

338 3017 476 3099 aliquem
510 3014 677 3101 probatum
709 3020 885 3097 auctorem,
917 3021 952 3080 ut
983 3036 1079 3080 veras
1111 3016 1262 3082 habuerit
1288 3022 1322 3083 et
1343 3023 1515 3102 sequatur.
1607 2979 1609 3030 d

339 3140 463 3206 etiamsi
486 3160 547 3204 nec
570 3160 589 3204 a
612 3144 704 3225 parte
740 3140 923 3225 allegentur
949 3160 1012 3205 nec
1042 3140 1278 3225 producantur,
1303 3117 1461 3208 adiiciens
1482 3144 1517 3207 in
1607 3159 1608 3222 3

340 3267 411 3332 foro
434 3266 651 3331 conscientiae
674 3267 777 3331 teneri
800 3286 1057 3350 unumquemque
1079 3286 1134 3332 eas
1150 3268 1249 3351 sequi.
1268 3269 1294 3333 si
1311 3267 1351 3332 de
1373 3266 1439 3334 illis
1455 3270 1517 3337 sui·

340 3386 500 3456 delentem
530 3388 680 3453 habuerIt
711 3390 873 3469 notitiam,
901 3390 994 3454 iuxta
1017 3409 1056 3453 ea
1079 3410 1161 3474 quae
1195 3390 1296 3457 tradit
1334 3390 1516 3466 Navarrus‚
1607 3453 1608 3456 ,

344 3511 439 3579 Coos.
457 3513 484 3593 1,
508 3532 541 3576 a.
559 3511 611 3581 12,
636 3517 666 3577 ct
685 3518 880 3594 pertatem
903 3512 945 3577 de
965 3510 1110 3578 Goast.»
1138 3514 1176 3577 ln
1200 3511 1382 3578 referendis
1406 3513 1516 3580 huius·

342 3637 425 3702 modi
449 3636 717 3706 declarationibus
740 3658 817 3703 sarie
834 3638 961 3722 plenam
978 3634 1072 3703 fldem
1088 3644 1233 3705 meretur
1248 3641 1316 3726 ipse
1333 3641 1516 3727 Fagnanus.

342 3760 447 3845 prouti
470 3759 574 3823 fassus
594 3763 644 3823 est
666 3759 859 3825 Benedictus
875 3758 958 3823 XIV
981 3762 1015 3824 in
1035 3760 1150 3844 praef.
1175 3776 1233 3843 op.
1247 3761 1289 3826 de
1305 3762 1386 3847 Spa.
1403 3761 1515 3828 Dioec.

344 3884 407 3949 Hic
431 3882 583 3948 Pontifex
607 3892 670 3947 non
694 3882 819 3947 minore
842 3883 874 3946 in
898 3883 966 3947 suis
992 3883 1142 3968 operibus
1165 3884 1287 3949 fruitur
1309 3888 1517 3959 auctoritate}

342 4007 397 4071 alii
418 4026 499 4071 vero
529 4011 677 4072 auctores
704 4006 858 4089 sequendi
885 4012 968 4080 sunt,
993 4009 1020 4072 si
1051 4007 1222 4093 diligentes
1245 4013 1278 4074 et
1300 4008 1478 4093 prudentes
1499 4028 1519 4070 a

343 4131 444 4197 doctis
467 4131 546 4196 viris
569 4131 683 4195 merito
707 4128 897 4195 habeantur.
915 4131 1040 4197 Verum
1064 4134 1090 4196 si
1116 4134 1278 4217 negotium
1301 4137 1387 4198 esset
1409 4134 1517 4219 magni

344 4256 493 4341 ponderis
509 4261 542 4322 et
559 4256 666 4339 aliqua
681 4254 836 4320 dubitatio
851 4254 1004 4328 subesset,
1022 4262 1195 4340 antequam
1215 4259 1248 4322 in
1264 4278 1302 4323 re
1317 4258 1519 4343 expedienda

343 4378 425 4465 legis
447 4378 518 4443 loco
541 4378 738 4447 retineretur
759 4378 912 4444 resolutio
929 4374 962 4442 S.
978 4378 1257 4466 Congregationis,
1277 4364 1377 4446 satius
1392 4384 1443 4444 est
1465 4378 1518 4443 lit·
