3292 5109
501 300 544 347 un
570 300 708 349 mnicus
733 300 997 349 uccunsrusrrors
1273 282 1339 349 247

159 424 238 489 dem
261 424 410 490 nominis
433 428 464 489 et
485 424 630 491 instituti
655 416 986 509 Coasrutemitutes?
1009 426 1092 492 haec
1115 427 1148 494 S.
1173 426 1263 512 Gong
1286 447 1339 492 re·

159 546 297 630 spondit:
322 546 363 613 ad
387 548 434 613 IV
462 548 710 635 aequaeuam
732 550 1001 633 supplicandum
1025 550 1144 628 SSmo,
1168 557 1215 627 ut,
1239 552 1339 617 clero·

159 671 275 757 pando
294 670 332 737 iu
356 672 420 739 huc
437 678 540 757 parte
559 670 793 741 Oomtitutioui
815 693 842 739 s.
865 694 912 739 m.
939 675 1121 742 Clementis
1145 675 1232 741 VIII
1251 695 1340 760 queue

161 796 281 879 Incipit
301 833 319 845 ·
339 796 577 882 Quaecumque
594 832 612 847 -
633 798 827 865 ordinariis
843 795 986 886 dedique
1009 798 1157 865 tribuere
1179 798 1340 885 dipuetur

159 920 358 1002 facultatem
377 923 585 1006 providendi
596 944 664 1007 pro
682 944 801 991 ectum
817 924 960 993 arbitrio
977 930 1008 992 et
1017 924 1208 1009 prudentio
1222 924 1260 989 iu
1274 924 1340 989 siu·

159 1044 248 1130 pulis
272 1044 415 1121 commu,
431 1050 567 1113 ceroma
584 1052 697 1113 tamen
713 1046 750 1111 iu
766 1046 963 1114 huiusmodi
985 1046 1209 1114 erectionibus
1224 1064 1341 1113 conoe·

159 1172 276 1247 nunti,
294 1192 414 1240 eorum
429 1174 566 1248 iudicio,
583 1173 755 1240 tutantia.
779 1209 796 1223 -
819 1172 950 1240 SSmus
965 1174 1097 1247 anuuit,
1114 1173 1340 1240 dicacatur·

160 1296 259 1363 1896.
286 1332 305 1347 ·
331 1298 621 1363 Confraternitates
649 1298 735 1363 enim
759 1316 843 1381 quae
866 1298 1047 1363 inserviunt
1073 1298 1200 1383 publico
1227 1298 1338 1372 cultui,

159 1440 201 1484 ex
223 1439 360 1485 numero
383 1440 448 1485 non
471 1402 589 1507 'exiguo
613 1418 768 1486 sodalium
796 1422 982 1487 coalescant
1004 1426 1146 1505 oportet,
1170 1421 1237 1485 suis
1259 1438 1339 1485 vero

159 1548 311 1633 impensis
338 1548 526 1633 prospicere
561 1546 696 1628 debent,
724 1549 866 1612 maxime
890 1568 949 1633 per
976 1547 1152 1613 oblationes
1179 1544 1337 1627 fidelium,

159 1692 260 1757 quare
292 1677 464 1758 praeterea
498 1680 626 1737 cautum
653 1672 715 1737 fuit
741 1674 837 1738 etiam
861 1674 895 1737 in
919 1672 1041 1737 duobus
1068 1672 1226 1738 distinctis
1247 1673 1339 1757 pagis

159 1799 240 1885 erigi
263 1819 329 1863 non
352 1818 446 1883 posse
470 1798 549 1863 duas
573 1799 860 1865 confraternitates
883 1799 1026 1865 eiusdem
1046 1800 1175 1885 speciei,
1193 1800 1254 1863 nisi
1270 1818 1339 1883 spa·

157 1923 236 1987 tium
261 1920 444 1987 intercedat
460 1922 565 1987 trium
587 1922 842 1989 milliariorum.
869 1956 887 1971 -
912 1922 996 1997 Quia
1015 1943 1094 1988 vero
1117 1923 1339 2007 opportunitas

158 2046 405 2141 dispensationis
425 2048 625 2135 cumprimis
644 2047 845 2113 aestimanda
860 2054 909 2114 est
924 2047 964 2113 ab
982 2048 1156 2115 Ordinario
1171 2047 1244 2121 loci,
1261 2047 1339 2112 hinc

158 2173 357 2258 praecipitur
372 2172 567 2256 rescriptum
579 2170 826 2258 dispensationis
838 2172 1083 2257 concipiendum
1094 2192 1166 2238 esse
1179 2173 1211 2236 in
1221 2170 1338 2253 somma

158 2295 282 2380 mimtu5
305 2295 347 2360 cf.
371 2295 496 2361 n.100.

247 2418 525 2505 Indulgentiarum
548 2440 686 2485 munera
708 2420 880 2503 aliquando
903 2420 1126 2486 conceduntur
1149 2420 1208 2486 sub
1231 2421 1338 2486 condi·

158 2541 247 2606 tione
281 2544 393 2607 certae
428 2540 608 2608 distantiae
614 2560 628 2625 ,·
659 2542 810 2605 nimirum
845 2540 1015 2606 dummodo
1050 2543 1200 2607 Ecclesia
1227 2542 1337 2607 ludul-

157 2665 285 2749 gentiae
308 2665 478 2751 privilegio
501 2664 736 2745 honestandae,
762 2670 876 2752 utputa
899 2666 1148 2747 portiunculae,
1172 2672 1263 2731 certo
1287 2668 1337 2730 in·

138 2790 295 2891 'teruallo
329 2790 426 2857 distet
459 2790 500 2855 ab
529 2790 594 2854 alia
628 2791 794 2872 Ecclesia,
828 2810 910 2874 quae
944 2791 1008 2857 hac
1038 2790 1244 2877 indulgentia
1273 2792 1337 2855 iam

156 2914 285 2981 fruitur.
316 2916 396 2981 Inde
418 2916 575 2980 articulus
598 2890 784 2981 facultatem
808 2915 955 3003 impertit
976 2916 1054 2982 huic
1077 2916 1176 3003 Cong.
1207 2916 1336 3002 dispen-

159 3038 249 3105 sandi
273 3039 314 3104 ab
337 3040 400 3105 hac
427 3039 619 3106 conditione.

244 3164 322 3231 Vll.
341 3186 359 3227 α
377 3164 872 3251 Transfereudiluclulpeutiuc
885 3164 1337 3247 fauoreSuuctimoniulium

157 3308 234 3354 cum
256 3289 299 3354 de
321 3308 391 3355 uuo
414 3289 461 3355 ad
491 3289 588 3355 uliud
611 3288 862 3355 Monostemum
892 3290 962 3355 stoc
984 3291 1027 3355 de
1049 3310 1122 3355 uuo
1152 3290 1199 3356 ud
1229 3291 1336 3356 utiom

156 3411 297 3477 domum
312 3410 466 3494 mipruut
480 3410 521 3477 ob
538 3417 730 3495 ternporum
754 3412 918 3479 adiuncta
933 3434 964 3479 ».
983 3412 1080 3479 Cuius
1096 3412 1225 3479 articuli
1241 3417 1278 3480 ut
1291 3414 1336 3478 in·

155 3534 322 3620 telligatur
345 3536 515 3609 sententia,
536 3536 619 3602 scitu
643 3537 850 3601 necessariae
874 3543 949 3602 sunt
972 3537 1147 3602 nonnullae
1170 3536 1337 3622 indulgen·

85 3654 88 3663 ⁴
154 3661 274 3725 tiarum
298 3661 431 3744 species.
458 3694 476 3707 -
501 3661 652 3725 Iamvero
675 3660 809 3726 ratione
833 3661 1004 3744 modique
1027 3660 1217 3725 conceditur
1236 3660 1337 3726 indul·

155 3786 280 3870 gentio,
305 3782 372 3849 alia
398 3788 447 3848 est
468 3782 665 3865 personatu
695 3783 759 3848 alia
788 3784 914 3867 reutm5
936 3785 1043 3870 prouti
1067 3782 1248 3848 immediate
1274 3784 1337 3849 ista

155 3910 344 3977 conceditur
361 3914 394 3975 et
412 3908 596 3975 adnectitur
618 3908 671 3973 vel
690 3928 863 3993 personae
886 3910 940 3975 vel
961 3910 1014 3975 rei
1036 3909 1150 3975 elicui.
1176 3944 1194 3957 -
1219 3908 1336 3975 Reate's

155 4057 233 4103 vero
256 4042 306 4102 est
325 4035 451 4110 locella,
473 4032 599 4117 quando
623 4033 805 4100 adnectitur
829 4035 926 4100 alicui
950 4036 1042 4118 loco,·
1066 4039 1116 4100 est
1137 4034 1336 4118 simpliciter

154 4164 272 4239 realta,
297 4159 425 4246 quando
450 4160 554 4226 alicui
576 4160 629 4227 rei
651 4158 768 4227 mobili
791 4160 986 4233 adnectitur,
1011 4165 1125 4246 utputa
1148 4160 1288 4225 Statuae.
1316 4193 1333 4207 -

155 4286 268 4353 Mimtu
284 4284 420 4350 dicenda
436 4286 485 4348 est
507 4280 718 4367 indulgentia,
743 4282 872 4367 quando
895 4282 1052 4347 adhaeret
1074 4282 1174 4347 alicui
1190 4282 1261 4349 loco
1281 4280 1335 4345 vel

155 4411 221 4487 rei,
246 4410 303 4478 sed
326 4410 454 4475 ratione
485 4406 678 4491 possessoris
709 4424 765 4471 seu
788 4405 898 4472 habito
931 4411 1080 4491 respectu
1103 4405 1143 4471 ad
1167 4407 1236 4470 eius
1258 4424 1335 4491 per-
