3292 5109
314 235 382 302 416
842 252 927 301 euas
950 252 988 299 11.

281 412 284 417 Δ
314 376 570 464 Archiepisoopo
601 376 770 442 Vicarium
808 374 1002 440 Generalem
1037 374 1071 439 in
1104 372 1209 440 officio
1244 374 1357 442 iudicis
1391 375 1511 441 delin-

315 508 476 587 quentem,
501 502 576 588 quia
597 502 777 587 Episcopus
800 500 933 585 eiusque
957 499 1111 566 Vicarius
1133 521 1199 566 una
1226 502 1402 587 eademque
1427 522 1513 589 per-

314 648 395 695 sona
417 632 602 693 censentur.
629 625 695 692 Alii
720 645 793 690 curn
817 624 971 691 Durando
994 623 1028 689 in
1053 622 1206 709 Speculo,
1227 625 1281 691 lib.
1298 625 1333 701 2,
1353 631 1451 710 port.
1471 626 1507 702 I,

315 750 366 818 De
388 757 528 835 compet.
545 750 646 817 iudic.
663 748 823 824 odilione,
840 752 955 833 putant
970 748 1163 835 Episcopum
1180 748 1299 815 debere
1326 770 1419 815 suum
1436 750 1509 815 Vi-

315 876 439 942 carium
462 876 577 961 punire
601 880 635 941 et
658 873 700 939 ad
723 872 1012 960 Archiepiscopum
1036 872 1139 939 solum
1162 873 1196 939 in
1220 894 1295 939 casu
1326 874 1509 961 negligan-

316 1002 381 1068 tiae
404 1001 555 1087 Episcopi
587 998 822 1065 recurrendum
846 1018 927 1065 esse.
953 1000 1166 1065 Recentiores
1192 1005 1298 1065 autem
1323 1000 1506 1073 Doctores,

315 1129 362 1193 uti
379 1126 545 1211 Pirrhing.
563 1126 613 1193 De
628 1126 683 1210 off.
708 1124 781 1200 oie,
805 1145 840 1191 n.
858 1124 920 1207 65;
937 1124 1125 1199 Laurenius
1143 1124 1193 1191 De
1214 1116 1354 1192 Vicoriis
1371 1125 1508 1209 apae,

317 1271 344 1317 c.
369 1250 404 1324 5,
429 1270 460 1335 q.
486 1248 562 1314 300
584 1246 777 1313 accedentes
799 1246 876 1311 hnic
899 1246 1060 1312 secundae
1083 1249 1271 1321 sententiae,
1296 1252 1432 1315 utuntur
1454 1248 1511 1313 di-

317 1376 497 1449 stinctione,
527 1373 652 1439 scilicet
680 1372 766 1437 inter
797 1391 906 1437 casum
938 1389 1001 1456 quo
1024 1372 1202 1459 Episcopus
1232 1373 1346 1458 culpae
1369 1374 1507 1440 Vicarii

320 1499 491 1566 Generalis
522 1498 684 1583 particeps
715 1496 878 1569 extiterit,
903 1500 936 1561 et
966 1515 1076 1562 casum
1107 1517 1169 1582 quo
1200 1500 1348 1565 immunis
1374 1518 1394 1563 a
1418 1519 1508 1583 qua—

318 1641 454 1706 cumque
478 1620 573 1705 oulpa
595 1620 775 1705 Episcopus
798 1621 856 1692 sit,
882 1620 1050 1704 opinantes
1073 1619 1107 1683 in
1130 1620 1235 1706 primo
1261 1640 1432 1687 casuram
1456 1623 1505 1688 ad

316 1745 606 1832 Archiepiscopum
636 1743 869 1836 devolvendam
900 1763 988 1821 esse;
1014 1746 1048 1811 in
1080 1744 1220 1811 secundo
1243 1766 1324 1811 vero
1354 1748 1505 1814 minime.

318 1870 472 1936 Arbitror
494 1868 581 1933 hano
596 1873 791 1954 postremam
814 1869 1007 1933 sententiam
1023 1868 1195 1935 tenendam
1212 1888 1292 1943 esse,
1305 1873 1507 1957 praesertim

319 1999 435 2084 quippe
458 1998 560 2083 magis
583 1996 784 2061 conformem
807 1994 985 2060 hodiernae
1009 1996 1121 2082 praxi,
1147 2015 1281 2080 eamque
1310 2000 1418 2063 tamen
1447 1998 1507 2064 de-

319 2119 473 2185 clarando
497 2125 530 2185 et
552 2118 795 2186 determinando
819 2138 879 2204 per
902 2122 1073 2203 sequentes
1096 2118 1406 2185 animadversiones:

412 2240 443 2328 1)
468 2241 551 2316 Quia
574 2242 751 2307 Concilium
768 2240 991 2306 Tridentinum
1012 2260 1125 2307 causas
1148 2242 1332 2310 criminales
1356 2243 1508 2309 minores

320 2370 553 2455 Episcopornm
577 2370 759 2433 reservavit
780 2367 822 2433 ad
845 2367 995 2433 iudicium
1012 2368 1146 2434 Consilii
1164 2370 1388 2443 provincialis·
1403 2371 1506 2435 maio-

319 2494 409 2559 ribus
430 2493 472 2557 ad
495 2494 525 2558 S.
550 2492 666 2558 Sedem
690 2494 875 2565 reservatis,
889 2492 1164 2579 Archiepiscopus
1188 2514 1252 2558 non
1268 2500 1384 2578 posset,
1402 2498 1507 2559 extra

321 2621 498 2687 Concilium
523 2618 744 2692 Provinciam,
769 2617 913 2683 iudicare
939 2618 978 2683 de
1002 2618 1097 2704 culpa
1119 2638 1184 2683 non
1210 2618 1378 2683 admodum
1403 2622 1504 2703 gravi

319 2746 480 2831 Episcopo
497 2748 530 2808 et
544 2743 679 2810 Vicario
696 2742 849 2808 Generali
865 2760 967 2826 aeque
982 2741 1161 2825 tribuenda,
1179 2743 1212 2807 in
1229 2743 1386 2811 exercitio
1401 2743 1504 2808 iuris-

321 2868 470 2933 dictionis
493 2866 642 2931 admissa
660 2865 769 2940 Quare
793 2865 940 2950 displicet
963 2870 997 2931 et
1018 2885 1084 2930 non
1099 2865 1236 2932 vedetur
1251 2864 1413 2950 sequenda
1428 2886 1507 2931 sen·

321 2990 423 3056 tentia
447 2990 585 3075 Pirbing
608 2991 629 3054 l.
653 3009 680 3054 c.
704 3007 738 3053 n.
763 2988 811 3054 66
834 2991 887 3073 qui
911 2990 1110 3054 contrarium
1134 2988 1236 3055 docet.

411 3109 445 3198 2)
469 3112 661 3197 Episcopum
684 3116 792 3176 tamen
823 3130 887 3176 non
920 3114 1026 3177 teneri
1057 3112 1201 3179 absolute
1232 3112 1273 3178 ad
1302 3112 1504 3197 puniendum

322 3256 382 3321 per
405 3258 440 3301 se
463 3236 631 3300 Vicarium
655 3237 850 3302 Generalem
878 3236 934 3301 sed
957 3256 1051 3321 posse
1081 3236 1251 3302 declarare
1274 3257 1309 3303 se
1332 3238 1421 3323 quasi
1445 3258 1504 3302 su-

323 3363 467 3443 spectum
497 3358 538 3423 ob
568 3358 711 3422 intimam
744 3361 778 3422 in
808 3358 921 3423 eodem
953 3357 1057 3423 officio
1088 3379 1161 3424 cum
1184 3360 1320 3427 Vicario
1347 3358 1504 3425 Generali

324 3480 592 3554 coniunctionem,
608 3480 807 3567 proindeque
830 3480 871 3545 ab
894 3482 957 3547 hac
980 3482 1258 3548 animadversione
1281 3482 1446 3547 abstinere
1470 3486 1507 3547 et

324 3623 393 3668 rem
410 3606 577 3670 remittere
594 3606 626 3669 in
644 3624 757 3670 manus
772 3605 1027 3692 Archiepiscopi.
1047 3642 1065 3656 -
1083 3607 1148 3673 Vel
1171 3608 1267 3673 etiam
1292 3609 1388 3692 siquis
1405 3607 1504 3673 Vica-

324 3730 408 3793 rium
424 3733 554 3794 accuset
577 3735 610 3795 et
632 3730 758 3796 actione
774 3735 990 3815 prosequatur
1013 3732 1182 3805 criminali,
1201 3734 1395 3819 Episcopum
1411 3734 1505 3816 quasi

324 3854 507 3933 suspectum
534 3855 644 3936 posset
671 3871 824 3917 recusare
847 3852 881 3917 in
904 3852 1086 3918 huiusmodi
1110 3853 1227 3919 iudicio
1250 3854 1406 3921 adversus
1434 3856 1507 3919 eius

326 3970 494 4038 Vicarium
516 3973 721 4059 agitandum3
746 3996 857 4061 quare,
879 3977 1038 4062 Episcopo
1062 3984 1226 4044 annuente
1248 3979 1301 4045 vel
1320 3980 1506 4064 suspicione

324 4120 385 4185 per
407 4100 547 4166 arbitros
578 4102 685 4186 prouti
711 4100 751 4166 de
777 4104 850 4168 iure
882 4104 1098 4189 comprobata,
1127 4124 1225 4171 causa
1255 4106 1340 4192 apud
1362 4104 1504 4170 Archia·

325 4222 489 4307 piscopum
514 4221 746 4288 introducenda
769 4228 863 4289 esset.
889 4225 975 4291 -Et
1001 4225 1154 4292 adderem
1182 4228 1279 4291 alium
1302 4246 1412 4293 casum
1439 4244 1504 4309 quo

325 4345 597 4432 Archiepisoopus
620 4366 779 4413 exercere
802 4346 917 4413 debeat
938 4353 1126 4434 potestatem
1149 4352 1327 4439 punitivam
1350 4352 1384 4417 in
1408 4351 1507 4419 Vica-
