3292 5109
359 233 426 299 442
877 250 960 298 reas
985 250 1021 296 11.

357 378 498 462 speciali
520 375 858 451 lacedaemonem
881 374 1020 441 officium
1044 376 1117 443 Vic.
1136 376 1217 441 Gen.
1234 396 1308 440 cum
1330 374 1428 460 primis
1446 394 1500 459 spe
1590 436 1591 439 ,

359 508 426 569 ctat
448 502 488 567 ad
514 523 582 566 rem
607 500 788 567 iudicialem
812 500 867 585 (l).

447 629 522 693 338.
541 630 592 692 Ex
607 627 700 693 dictis
716 627 813 691 facile
830 627 1016 713 percipitur,
1034 644 1172 709 quanam
1186 626 1311 689 ratione
1324 621 1501 689 differattie.

359 752 528 817 Generalis
544 772 564 817 a
578 753 652 817 Vic.
669 751 858 836 capitulari.
876 752 1022 835 Namque
1038 751 1071 815 in
1088 750 1210 835 primis,
1227 769 1292 814 non
1308 755 1406 834 potest
1419 748 1502 832 pmhi-

358 875 427 941 beri
452 878 525 941 Vic.
550 876 743 961 Capituiaris
765 896 786 941 a
808 875 954 941 videndis
982 876 1087 941 causis
1119 878 1216 939 etiam
1246 872 1453 960 gravioribus,
1472 872 1503 936 uti
1590 838 1591 931 i

357 1002 643 1067 matrimonialibus
666 1008 699 1066 et
721 1000 953 1075 criminalibus,
978 1000 1135 1085 siquidem
1156 1000 1218 1065 hae
1234 1000 1396 1086 pertinent
1415 996 1449 1061 ad
1467 1016 1504 1059 ne

357 1128 532 1191 cessariam
554 1125 820 1201 iurisdictionem3
845 1146 910 1189 non
934 1130 1069 1211 possunt
1091 1126 1178 1191 enim
1209 1122 1334 1189 differri
1362 1124 1505 1188 solutiones
1590 1128 1591 1209 t

357 1272 528 1317 causarum
550 1254 691 1316 maxime
713 1254 911 1337 graviorum,
937 1253 1007 1317 sine
1032 1252 1155 1336 ingenti
1172 1250 1310 1315 iustitiae
1334 1248 1505 1319 discrimine

358 1383 390 1442 et
413 1377 495 1442 Sede
518 1382 673 1457 vacante,
697 1378 730 1440 in
753 1377 907 1442 tribunali
931 1376 1082 1461 Episcopi
1105 1380 1182 1440 tunc
1205 1374 1297 1440 sedet
1326 1378 1441 1438 tantum
1460 1372 1505 1435 t'i-

356 1505 463 1567 carius
487 1502 689 1587 capitularis.
708 1538 725 1551 -
744 1502 891 1587 Amplior
915 1503 1011 1565 etiam
1027 1505 1076 1565 est
1091 1504 1231 1585 potestas
1246 1501 1324 1565 Vic.
1341 1498 1504 1583 Capitularis

357 1627 441 1712 quod
471 1627 511 1691 ad
542 1626 794 1692 iurisdictionem
831 1626 1065 1698 voluntariam,
1090 1628 1207 1711 quippe
1237 1626 1313 1692 Vic.
1346 1622 1508 1708 Capitularis

357 1754 488 1826 obtinet,
506 1754 573 1837 ipse
597 1752 683 1817 solus
701 1760 733 1817 et
748 1758 885 1817 exercet
909 1751 1161 1817 iurisdictionem
1183 1750 1416 1835 Episcopalem
1431 1766 1508 1831 quare

356 1885 447 1945 actus
470 1879 678 1963 interponere
701 1876 795 1943 debet
814 1877 1045 1942 iurisdictionis
1061 1877 1273 1948 voluntariae,
1292 1880 1452 1961 quatenus
1470 1892 1508 1936 aa·

356 2004 495 2071 cesserit
509 2008 588 2069 suat
604 2004 651 2068 cd
672 2003 829 2090 repimen
852 2003 1013 2088 fidetium,
1030 2021 1092 2069 nee
1107 2002 1241 2086 differri
1262 2005 1407 2084 possam
1426 2014 1510 2083 ioque

356 2130 403 2194 ad
425 2129 609 2194 artnentum
631 2128 712 2194 noui
733 2128 904 2211 Episcopi.
921 2162 938 2175 -
965 2127 1035 2192 Hac
1060 2126 1100 2192 de
1123 2128 1249 2192 ratione
1273 2124 1509 2205 beneficiaquae

355 2261 431 2321 sunt
453 2254 579 2321 liberae
602 2253 799 2327 collationis,
826 2254 899 2319 Vic.
925 2253 1118 2339 Capitularis
1142 2252 1298 2317 conferre
1322 2272 1388 2315 non
1409 2250 1487 2314 valet.

407 2448 411 2453 .
445 2377 519 2441 339.
545 2378 697 2441 Vicarius
720 2382 827 2441 autem
852 2377 1001 2461 Episcopi
1031 2373 1137 2441 differt
1160 2396 1180 2441 a
1203 2378 1343 2442 Vicario
1368 2373 1510 2457 Amhiepi·

356 2504 453 2587 scopi.
469 2502 544 2585 quia
563 2502 616 2567 hic
640 2506 829 2587 potestatem
854 2501 1012 2585 aliquibus
1030 2503 1062 2565 in
1079 2500 1205 2567 casibus
1221 2501 1326 2567 habet
1342 2499 1510 2565 ordinariam

355 2628 450 2691 etiam
475 2628 508 2690 in
527 2623 755 2711 Suffraganeos
779 2632 812 2692 et
834 2628 868 2690 in
892 2624 1034 2691 subditos
1051 2623 1272 2713 Suffraganei;
1299 2646 1396 2711 quam
1411 2626 1469 2689 sire
1482 2640 1512 2685 ex

354 2753 505 2818 mandato
528 2754 674 2837 generali
696 2755 765 2819 sive
788 2772 832 2818 ex
856 2754 998 2839 speciali,
1022 2760 1158 2821 exercet
1184 2754 1362 2838 aliquando
1385 2755 1447 2819 eius
1467 2749 1510 2813 Vi·

354 2879 463 2944 carius
485 2878 663 2944 Generalis.
688 2877 903 2944 Nihilominus
927 2878 1010 2943 haec
1032 2877 1161 2945 adverti
1188 2877 1330 2944 debent:

446 3002 477 3089 l)
502 3006 540 3069 In
562 3022 718 3089 personas
735 3000 1033 3089 Suffraganeorum‚
1050 3004 1185 3070 Vicario
1202 3004 1448 3090 Archiepiscopi
1465 3001 1513 3065 Ge

354 3128 458 3193 nerali
481 3149 545 3192 non
570 3130 767 3214 permittitur
790 3104 948 3193 exercere
972 3134 1163 3214 potestatem
1180 3130 1220 3194 ob
1236 3130 1427 3195 eorumdem
1441 3144 1513 3213 pree

354 3254 524 3319 cellentem
548 3252 752 3338 dignitatem,
777 3254 986 3337 quamobrem
1010 3272 1115 3339 neque
1143 3275 1186 3321 ex
1217 3257 1357 3341 speciali
1388 3252 1513 3319 mandato

354 3378 448 3444 decet
470 3379 542 3445 Vic.
560 3378 755 3444 Generalem
778 3379 856 3445 talia
879 3398 1047 3465 peragere.
1073 3380 1137 3446 Sed
1159 3385 1275 3446 notant
1301 3382 1461 3451 Doctores,
1481 3375 1514 3439 uti

353 3503 466 3569 videre
482 3513 530 3569 est
545 3504 630 3589 apud
653 3504 858 3579 Leurenium,
876 3524 929 3587 op.
948 3505 1012 3577 eit..
1029 3505 1126 3601 W
1142 3513 1174 3573 et
1191 3506 1389 3593 Pellegrini‚
1405 3526 1453 3589 op.
1466 3503 1514 3572 αἱ,

352 3626 393 3693 Ρ.
411 3629 439 3709 Ι,
454 3634 531 3694 sect.
547 3627 581 3703 3,
598 3626 737 3694 subsect.
753 3629 789 3704 2,
806 3628 940 3695 absente
957 3630 1221 3716 Archiepiscopo,
1240 3650 1284 3697 ne
1310 3630 1515 3717 praepediatur

441 3838 481 3909 (l)
501 3840 708 3905 Percurrentes,
727 3841 848 3895 maxime
867 3847 991 3912 tyrones,
1006 3842 1202 3896 tractationem
1222 3842 1257 3898 de
1280 3850 1421 3913 potestate
1434 3840 1514 3895 bicarii

352 3944 497 4000 Generalis
520 3946 604 4001 facile
623 3948 760 4003 mirantur
778 3947 812 4003 de
831 3948 985 4003 innumeris
1004 3949 1221 4004 limitationibus
1241 3968 1321 4021 quae
1347 3953 1444 4022 passim
1462 3951 1515 4003 fiunt

351 4051 483 4117 potestati
500 4050 602 4105 vicarii
620 4052 777 4117 Generatim
798 4052 845 4107 sed
865 4052 894 4107 hi
913 4054 1059 4109 advertere
1072 4054 1174 4109 debent
1192 4054 1278 4125 plene
1299 4056 1514 4127 generatam&

271 4166 275 4171 ’
352 4160 519 4225 potestatem
540 4155 647 4209 Viciu
667 4158 787 4226 negotiis
806 4158 1002 4224 contentiosis;
1022 4159 1105 4213 istam
1124 4175 1191 4213 vero
1214 4177 1394 4231 magnopere
1414 4158 1513 4215 cobiberi

352 4260 382 4313 in
399 4261 521 4330 negotiis
539 4261 715 4317 voluntariae
734 4262 935 4317 iurisdictionis
953 4291 967 4304 ·
985 4262 1044 4317 Vic.
1059 4262 1204 4319 Generalis
1223 4270 1268 4319 est
1289 4269 1424 4323 Assessor
1439 4266 1463 4321 in
1478 4260 1513 4317 ui·

353 4366 449 4422 buuali
469 4368 605 4439 Episcopi.
626 4366 666 4422 Cf.
687 4369 742 4424 vol.
761 4369 781 4438 Ι,
800 4388 827 4424 n.
852 4370 908 4425 149.
