3292 5109
335 259 403 325 558
762 275 869 324 runsx
893 275 1098 324 sruonrmns

334 400 397 454 288.
416 399 469 454 Sed
488 403 552 454 acta
569 399 766 470 cuiuscumque
785 399 896 469 generis
918 414 989 470 quae
1014 397 1134 452 eduntur
1152 415 1169 450 a
1188 397 1214 450 S.
1234 395 1391 468 Congrege-

442 507 566 562 tionibus
583 505 732 575 specialem
745 506 798 559 sibi
813 505 954 559 vindicant
972 505 1169 560 anctoritatem
1188 515 1327 574 qnatenus
1341 504 1391 557 dn·

443 614 490 666 bia
509 611 578 665 iuris
596 612 817 682 interpretantur
848 649 1345 664 ............
1377 629 1437 682 pap.
1453 611 1491 666 351

539 846 558 907 5
580 843 602 895 l.
623 843 666 897 De
684 844 712 894 ei
729 860 814 914 quam
832 844 934 897 habent
954 843 1049 912 legum
1068 843 1314 912 interpretationes

686 965 756 1018 qaas
775 953 860 1004 edunt
882 949 907 1002 8
931 949 1165 1018 Conprepatianes

424 1058 454 1108 in
472 1055 606 1125 epistolis,
625 1057 653 1108 in
672 1057 801 1118 decretis,
820 1057 849 1108 in
868 1055 1022 1125 rescriptis,
1035 1057 1065 1106 in
1077 1056 1220 1108 sententiis
1239 1055 1423 1108 iudicialibus.

337 1249 398 1304 289.
419 1248 621 1319 Distinguenda
639 1254 682 1304 est
704 1250 900 1319 interpretatio
919 1252 1148 1320 comprehensim
1166 1250 1201 1302 ab
1226 1250 1393 1318 interpreta-

445 1355 520 1409 tione
540 1358 684 1409 earaensina
717 1391 1347 1407 ...............
1380 1369 1440 1423 pap.
1457 1349 1499 1404 353

335 1459 397 1514 290.
417 1462 461 1516 An
480 1462 677 1532 interpretatio
695 1462 924 1531 comprehensiva
943 1459 1106 1515 authentica
1125 1459 1233 1529 obliget
1251 1460 1319 1529 quin
1339 1459 1395 1514 ulla

444 1568 558 1622 accedat
580 1568 768 1637 promulgatio
804 1603 1393 1622 ..............
1428 1563 1499 1616 »354

337 1672 399 1728 291.
419 1673 458 1729 De
477 1674 562 1728 variis
581 1674 730 1728 Doctorum
748 1675 926 1744 opinionibus
944 1675 1019 1728 circa
1037 1673 1161 1730 valorem
1182 1675 1393 1744 interpretatio·

445 1799 511 1834 num
529 1799 547 1836 a
565 1779 592 1836 S.
611 1781 697 1852 Cong.
716 1782 862 1837 editarum.
883 1782 958 1840 Haec
977 1782 1104 1852 quaestio
1126 1782 1248 1837 excitata
1272 1783 1327 1834 tuit
1352 1797 1397 1835 oc·

444 1889 555 1943 cesione
574 1883 807 1958 Congregationie
827 1889 990 1958 interpretis
1015 1888 1120 1942 Concil.
1140 1888 1304 1942 Tridentini.
1343 1927 1350 1940 .
1387 1928 1394 1940 .
1427 1884 1501 1939 »355

337 1990 399 2045 292
420 1992 566 2058 Probatur,
585 1989 820 2046 declarationibus
840 1992 866 2046 S.
886 1991 1141 2063 congregationum
1168 1991 1396 2061 comprehensive

445 2097 694 2166 interpretantibus
713 2097 798 2166 loges,
820 2099 910 2152 inesse
935 2097 1094 2151 absolutum
1119 2099 1176 2150 vim
1202 2097 1287 2166 legis;
1307 2103 1337 2152 et
1358 2115 1398 2152 re-

449 2202 560 2272 spuitur
577 2203 694 2257 assertio
714 2201 872 2268 Doctorum,
891 2202 937 2273 qui
958 2202 991 2255 ad
1012 2201 1064 2256 hoc
1086 2204 1240 2274 requirnnt,
1260 2203 1299 2257 uti
1319 2205 1399 2258 abso·

448 2309 507 2364 late
526 2313 720 2377 necessariam,
740 2310 766 2363 S.
787 2311 929 2384 Pontificis
947 2311 1179 2366 consultationem
1211 2349 1396 2363 .....
1430 2307 1503 2362 »359

634 2545 652 2605 5
671 2545 696 2594 2.
717 2541 760 2596 De
776 2542 897 2596 decretis
918 2543 943 2596 S.
966 2541 1228 2612 Congrepationum,

482 2663 532 2700 sen
551 2647 587 2715 de
605 2647 842 2700 declarationibus
861 2657 910 2700 ant
926 2647 1203 2718 interpretationibus
1222 2650 1381 2711 caminis,

690 2771 760 2823 quae
779 2770 868 2808 rsonae
889 2755 960 2824 lepis
979 2757 1036 2808 aim
1058 2755 1168 2808 habent.

340 2949 402 3005 293.
423 2951 532 3006 Revera
557 2949 708 3004 nonnullae
726 2949 753 3003 S.
772 2949 1011 3020 congregationes
1035 2951 1232 3003 auctoritatem
1259 2948 1337 3018 leges
1358 2951 1399 3004 le·

449 3057 527 3113 rendi
545 3057 659 3112 habent.
678 3087 694 3097 -
713 3057 878 3126 Speciminis
896 3058 989 3126 gratia
1003 3059 1123 3113 refertur
1135 3061 1165 3111 in
1177 3069 1244 3112 riota
1256 3057 1400 3112 decretum

449 3181 466 3217 a
485 3163 511 3216 S.
531 3161 616 3233 Goug.
636 3162 741 3216 Cornell.
760 3162 866 3216 editum
886 3165 921 3216 de
943 3163 1116 3217 Clericortrm
1131 3165 1363 3218 eccardinotione
1376 3173 1401 3216 et

450 3269 624 3321 ordinatione
644 3296 659 3306 -
679 3268 725 3321 die
747 3269 785 3318 20
803 3266 873 3320 Iulii
896 3266 974 3320 1898
988 3305 1352 3320 .........
1386 3283 1449 3336 pap.
1465 3260 1507 3315 362

244 3399 247 3404 -
342 3373 404 3427 294.
423 3371 564 3435 Quomodo
582 3375 648 3425 tunc
668 3370 853 3440 prospiciatur
873 3371 1047 3425 necessariae
1060 3369 1154 3439 legum
1172 3369 1402 3439 promulgationi.

450 3476 609 3546 Repellitur
627 3476 722 3544 opinio
741 3475 839 3540 Bouix,
857 3475 903 3546 qui
924 3476 1077 3529 arbitratus
1095 3483 1139 3529 est
1157 3474 1214 3545 lagi
1242 3476 1403 3531 condendae

450 3583 703 3653 promulgationem
722 3581 795 3635 haud
813 3599 873 3636 esse
891 3583 1080 3637 necessariam.
1121 3623 1127 3636 .
1164 3623 1172 3637 .
1209 3624 1216 3636 .
1255 3601 1262 3614 ·
1301 3624 1308 3639 .
1348 3624 1354 3637 .
1383 3615 1399 3634 -.
1433 3580 1506 3637 »366

343 3691 404 3745 295.
424 3689 489 3745 inde
501 3691 602 3744 fortius
614 3691 795 3744 confirmatur
807 3690 849 3742 vis
861 3689 1080 3744 declarationum
1094 3693 1401 3760 comprehensivam,

451 3800 480 3849 et
498 3794 655 3864 explicatur
673 3793 767 3862 praxis
791 3793 885 3847 curiae
913 3809 1042 3848 romanae
1061 3799 1090 3850 et
1109 3797 1272 3864 praesertim
1299 3795 1326 3849 S.
1349 3797 1404 3850 lto-

452 3906 497 3954 iae
517 3900 549 3954 R.
587 3937 1404 3955 ...................
1438 3897 1509 3954 »370

344 4006 405 4060 296.
425 4004 546 4076 Aliquod
565 4005 593 4058 in
612 4004 705 4074 specie
723 4003 850 4057 innuitur
868 4002 900 4058 de
921 4003 947 4056 S.
966 4003 1052 4073 Cong.
1074 4003 1188 4058 Ritunm
1216 4045 1404 4059 .....
1438 4001 1511 4060 »3ῖ2
1596 3985 1597 3988 “

343 4112 405 4166 297.
426 4111 464 4166 De
485 4110 605 4167 decretis
624 4111 650 4164 S.
670 4111 907 4166 Paenitentiariae
943 4150 1403 4168 ...........
1437 4107 1509 4163 »333
1595 4127 1597 4230 p
