3292 5109
823 295 908 344 Palts
931 295 968 343 ll.

754 543 934 612 TITULUS
961 543 1039 611 Vll.

511 740 555 787 DE
583 740 688 788 SACRA
711 740 994 790 conosssefflorts
1017 741 1280 790 consistentem.

305 945 521 1004 Seminarium.
539 977 576 990 -
591 948 652 1005 203.
671 950 763 1012 Quare
776 949 810 1005 de
823 949 877 1005 hac
889 949 1114 1021 congregatione
1126 950 1173 1006 hic
1184 968 1276 1007 sermo
1289 950 1437 1007 habeatur.
1449 980 1486 993 -

395 1054 456 1108 204.
479 1055 554 1110 11000
578 1056 664 1126 (100οζ
684 1073 739 1111 000
765 1060 875 1111 tantum
899 1058 1010 1112 ratione
1034 1058 1167 1128 originis,
1191 1058 1239 1115 sed
1265 1059 1352 1114 etism
1377 1058 1485 1113 ratione

395 1161 519 1215 muneris
544 1167 620 1216 arcte
642 1162 818 1217 connectitur
836 1180 899 1216 cum
919 1161 1099 1217 consistorio.
1119 1192 1158 1206 -
1174 1165 1235 1219 205.
1254 1164 1395 1219 Nimirum
1420 1182 1484 1219 cum

395 1264 564 1321 Consistorio
585 1268 705 1323 Secreto.
733 1267 805 1321 Nam
824 1268 1026 1343 Consistorium
1050 1268 1126 1323 aliud
1146 1270 1305 1337 Secretum,
1326 1270 1404 1324 aliud
1422 1269 1482 1324 Pu·

396 1372 508 1439 blisum,
522 1370 598 1426 aliud
615 1374 843 1444 Semipublieum.
861 1402 898 1415 -
915 1372 978 1427 206.
996 1373 1139 1429 Institutio
1152 1379 1182 1430 et
1194 1375 1384 1445 competentia
1401 1374 1485 1429 huius

396 1476 481 1547 cong.
499 1505 537 1519 —
554 1478 614 1531 207.
641 1477 761 1547 Negotia
779 1494 846 1533 vero
874 1478 931 1532 alia
957 1478 1070 1549 expedit
1096 1481 1318 1535 administrativa
1342 1497 1393 1535 seu
1418 1497 1484 1536 aaa·

395 1587 493 1651 cutiae,
508 1584 563 1638 alie
576 1585 756 1640 iudicialiter.
774 1612 811 1623 -
829 1585 1135 1641 208.Αά101010001100
1152 1585 1223 1641 haec
1236 1587 1322 1656 Goug.
1339 1587 1486 1657 cognoscit

397 1706 541 1759 processus
565 1690 692 1760 praevios
716 1690 847 1746 electioni
866 1696 917 1745 aut
934 1692 1139 1747 confirmationi
1162 1692 1361 1762 cpiscoporum
1380 1696 1412 1746 et
1430 1692 1487 1745 Ab·

398 1798 494 1851 batum
512 1815 578 1852 vere
597 1798 716 1852 Nullius.
736 1827 770 1841 -
788 1799 850 1853 200.
864 1799 904 1854 00
917 1797 943 1852 S.
957 1799 1043 1869 Gong.
1054 1816 1109 1870 pro
1129 1800 1267 1870 eligendis
1280 1800 1437 1870 episcope.
1449 1826 1488 1840 -

395 1902 456 1957 210.
479 1904 503 1957 Α
523 1918 643 1975 quonam
669 1903 852 1959 confictantur
871 1920 1016 1974 precamus
1040 1906 1241 1974 praescriptis
1260 1903 1395 1973 Gregorio
1416 1902 1483 1960 XIV

397 2014 426 2063 et
444 2010 479 2063 ab
496 2008 610 2063 Urbano
624 2008 694 2062 Vlll.
714 2037 748 2051 -
766 2010 828 2064 211.
848 2009 884 2064 111
902 2027 1047 2081 processus
1065 2011 1186 2066 examini
1204 2012 1392 2067 subiiciuntur
1404 2011 1489 2065 huius

398 2113 637 2185 Congregationis.
657 2145 691 2159 -
712 2115 773 2171 212
793 2116 833 2172 00
852 2116 878 2170 S.
898 2117 984 2188 cong.
1004 2134 1054 2188 pro
1073 2119 1201 2173 examine
1221 2118 1432 2189 cpiscoporum.
1449 2144 1487 2160 -

397 2220 458 2275 213.
477 2222 517 2277 00
536 2222 656 2291 negotiis
674 2223 848 2277 iudicialiter
871 2223 1000 2279 definitis
1013 2224 1121 2278 -214.
1141 2225 1182 2279 Ex
1201 2226 1282 2295 soliis
1302 2225 1486 2279 comistoria·

398 2329 470 2383 libus
489 2328 674 2398 expediuntur
686 2330 781 2384 bullae
794 2329 843 2385 vel
856 2331 958 2384 breuis
979 2357 1013 2371 -
1032 2330 1093 2384 215.
1107 2330 1146 2384 00
1159 2328 1247 2399 cong.
1261 2328 1288 2383 S.
1302 2328 1435 2399 Collegii.

398 2524 474 2591 203.
499 2523 614 2591 Ordini
637 2524 728 2591 nobis
750 2526 942 2611 praestituto
965 2526 1096 2591 minime
1119 2525 1279 2610 derogare
1305 2544 1488 2598 censemus,

306 2650 333 2713 01
357 2647 449 2712 modo
473 2648 513 2713 de
536 2648 599 2715 hac
622 2649 842 2715 consistoriali
866 2649 1125 2736 congregatione
1155 2667 1256 2734 agere
1278 2648 1487 2714 instituimus

306 2770 467 2855 Siquidem
492 2778 637 2838 nostrum
660 2778 709 2837 est
732 2772 893 2839 disserere
917 2772 957 2837 de
972 2770 1284 2857 Congregationibus
1306 2772 1484 2857 praecipue

305 2894 348 2959 ad
364 2894 590 2979 explicandum
612 2895 756 2960 ordinem
780 2915 951 2981 processus
973 2896 1094 2961 servati
1118 2896 1152 2959 10
1167 2893 1424 2961 administranda
1439 2896 1489 2960 iu·

307 3018 494 3085 risdictione
517 3025 585 3085 tum
607 3020 791 3085 voluntaria
817 3026 886 3085 turu
908 3020 1116 3085 contentiosa.
1146 3019 1244 3104 Atqui
1268 3020 1489 3105 congregatio

307 3142 545 3212 Consistorialis
579 3146 612 3209 10
647 3145 771 3210 ratione
805 3144 961 3210 historica
991 3149 1025 3212 et
1058 3145 1091 3208 in
1123 3143 1226 3230 gradu
1260 3142 1472 3209 hierarchice
1479 3190 1490 3225 ,

306 3273 424 3357 quippe
441 3273 542 3357 ipsum
559 3271 724 3338 Summum
740 3268 930 3336 Pontificem
949 3270 1109 3356 gloriatur
1125 3269 1247 3336 habere
1265 3268 1488 3352 Praefectum,

305 3414 383 3460 0000
406 3396 557 3479 00100000
592 3394 727 3460 (1100000
751 3400 817 3470 est;
841 3399 876 3459 at
906 3394 940 3458 in
962 3395 1157 3460 tractatione
1187 3398 1300 3458 nostra
1322 3392 1482 3460 iudiciali

305 3519 378 3585 aliis
394 3518 704 3605 congregationibus
719 3520 783 3583 iam
807 3519 990 3603 explanatis
1007 3517 1245 3604 praemittenda
1268 3537 1334 3583 non
1357 3524 1442 3584 erat.

396 3646 473 3712 204.
498 3648 550 3711 Ex
573 3648 641 3732 ipso
664 3646 794 3711 nominc
817 3646 912 3710 huius
935 3642 1204 3730 congregationis
1227 3649 1317 3730 patet
1343 3646 1412 3710 eius
1436 3665 1492 3710 ar·

306 3768 390 3832 ctior
414 3770 572 3833 connexio
593 3788 665 3834 cunr
682 3768 879 3834 consistorio
894 3786 915 3831 0
930 3787 992 3852 quo
1016 3788 1108 3833 suurn
1131 3787 1248 3831 munus
1271 3786 1382 3831 omnes
1399 3766 1491 3833 Con·

305 3894 512 3979 gregationes
527 3892 708 3959 immediate
723 3894 926 3979 participant,
941 3894 987 3958 uti
1002 3892 1219 3958 docuimus.in
1235 3891 1344 3957 Titulo
1356 3892 1382 3973 Ι,
1400 3892 1487 3958 unde

307 4021 340 4083 in
370 4020 501 4085 notione
525 4020 792 4105 Congregationis
822 4020 992 4105 generice,
1021 4017 1102 4085 nihil
1132 4018 1215 4084 haec
1246 4018 1487 4085 consistorialis

307 4144 405 4210 habet
427 4146 595 4231 proprium
611 4150 643 4210 et
658 4145 820 4212 diversum
836 4144 876 4211 ab
891 4146 972 4211 aliis.
999 4181 1017 4194 -
1042 4146 1164 4211 Tamen
1187 4144 1363 4229 specialem
1387 4142 1489 4210 habet

309 4288 428 4336 nexum
448 4290 521 4336 curn
538 4271 734 4336 Consistorio
750 4272 883 4336 Secreto
899 4272 990 4337 cuius
1009 4275 1083 4336 acta
1104 4275 1289 4356 praeparat,
1312 4267 1487 4355 aliquando

305 4392 401 4458 etiam
417 4396 628 4480 praemittens
648 4392 830 4459 iudicialem
844 4395 1047 4479 negotiorum
1063 4394 1290 4480 cognitionem.
1308 4394 1351 4461 Ut
1364 4396 1488 4480 pateat,
