3292 5109
485 306 529 353 nu
554 304 695 353 urbicus
718 305 985 353 sccuusmsrrcrs
1267 287 1335 355 289

155 422 343 491 describere
377 426 577 512 explicantes
610 446 726 491 munus
759 426 1011 511 praecipuorum
1035 424 1230 493 cfficialium
1256 426 1334 494 huic

155 566 252 633 scopo
286 547 554 614 adlaborantium.
593 548 671 614 Post
701 548 795 615 Gard.
821 548 1154 623 vinmonasterium,
1178 549 1334 635 primario

155 672 226 738 loco
251 678 301 737 est
322 672 378 738 ille
401 674 454 756 qui
478 671 596 737 dicitur
620 672 845 739 cancellariae
876 673 1017 759 ltegens.
1048 674 1128 739 Eius
1157 675 1334 739 auctoritas

154 800 189 863 in
204 799 337 885 longum
360 797 554 865 describitur
570 800 602 863 in
619 798 730 864 ultima
746 798 862 883 regula
878 798 1102 865 cancellariae
1117 817 1200 883 quae
1222 800 1334 865 iuscri-

154 926 242 991 bitur
259 946 277 989 ‹
293 926 340 991 De
356 929 513 1010 potestate
530 924 758 991 Reverendiss.
775 926 813 991 D.
830 926 1104 991 vicecancellarii
1121 931 1154 990 et
1169 925 1334 990 Cancella·

154 1053 236 1117 riam
251 1050 406 1135 Regentis
419 1070 447 1113 ›.
464 1050 550 1115 Hinc
562 1048 863 1115 vicecancellarius
878 1055 928 1115 est
942 1055 1039 1135 caput
1053 1052 1194 1115 omniurn
1207 1048 1334 1116 Officia·

154 1174 232 1239 lium
257 1172 481 1240 cancellariae
507 1172 713 1259 Apostolicae
735 1178 832 1257 atque
855 1174 889 1238 in
912 1194 971 1239 suo
998 1193 1133 1238 munere
1163 1173 1334 1239 adiuvatur

155 1318 215 1383 per
242 1294 750 1381 Caneettartaelteyentem(1)
775 1302 808 1361 et
830 1296 911 1360 alios
935 1293 1109 1361 Officiales.
1134 1330 1179 1343 -
1202 1296 1334 1381 Regeus

157 1419 380 1487 cancellariae
404 1420 568 1485 examinat
592 1419 703 1485 Bullas
726 1426 758 1484 et
781 1420 806 1484 si
831 1422 902 1503 quis
924 1440 1020 1485 error
1042 1421 1221 1504 irrepserit,
1245 1419 1335 1484 hunc

156 1550 293 1637 corrigit
315 1568 353 1613 ac
376 1548 416 1613 ad
444 1548 568 1613 calcem
602 1545 713 1613 bullae
748 1547 945 1613 reformatae
979 1568 1077 1613 manu
1111 1568 1169 1613 sua
1202 1548 1333 1614 scribit:

156 1680 309 1741 correcta
334 1678 442 1756 prout
472 1673 566 1739 iacet.
599 1672 707 1739 Habet
730 1675 827 1737 etiam
851 1676 1041 1758 potestatem
1067 1671 1255 1739 absolvendi
1278 1691 1334 1739 eos

156 1796 210 1879 qui
232 1792 471 1880 inculpabiliter
487 1795 520 1858 in
538 1793 679 1879 Regulas
702 1798 865 1865 errarunt,
882 1799 915 1858 et
935 1793 1030 1858 dandi
1046 1794 1134 1858 ‘alias
1156 1795 1288 1879 gratias.

245 1918 322 1983 238.
341 1918 520 1985 Praeterea
536 1919 622 1983 inter
635 1914 799 1983 Officiales
810 1916 1034 1984 Cancetlariae
1045 1919 1098 2001 qui
1114 1917 1334 2003 praelaturam

156 2037 293 2114 habent,
317 2037 435 2104 adsunt
462 2037 689 2104 Praesidentes
715 2038 758 2103 de
787 2038 913 2104 maiori
938 2056 1064 2121 parco..
1089 2037 1174 2106 Olim
1197 2038 1334 2105 aderant

157 2167 252 2231 etiam
269 2164 496 2230 Praesidentes
512 2163 552 2229 de
571 2184 680 2249 parco
703 2165 839 2232 minori.
864 2166 916 2231 lta
937 2165 1013 2232 dicti
1037 2173 1147 2232 sunta
1162 2168 1233 2233 loco
1249 2167 1334 2234 can-

157 2290 309 2355 cellariae
333 2291 366 2354 iu
389 2309 484 2373 quem
508 2292 684 2355 convenire
707 2296 886 2375 coeperunt
907 2292 1006 2378 vulgo
1030 2292 1148 2358 dictum
1168 2294 1333 2361 Parcum.

157 2418 372 2505 Appellantur
402 2436 543 2501 quoque,
575 2418 639 2481 imo
669 2418 888 2501 frequentius,
913 2416 1184 2493 abbreviaturas,
1217 2421 1333 2507 quippe
1402 2486 1408 2497 ,

157 2542 281 2607 litteras
294 2540 493 2626 Apostolicas
509 2538 653 2605 scribere
670 2538 830 2605 debebant
844 2539 1049 2606 beoiaturts
1061 2548 1189 2608 utentes
1203 2545 1334 2607 omnino

156 2664 266 2738 solitis,
285 2665 376 2729 iuxta
398 2663 516 2749 stylum
533 2662 755 2728 cancellariae
778 2668 812 2729 et
834 2634 1008 2749 praecipue
1032 2665 1185 2730 clausulis
1209 2671 1241 2731 et
1264 2666 1333 2730 for-

157 2791 249 2857 mulis
266 2792 300 2855 in
316 2790 537 2857 cancellariae
555 2790 687 2877 Regulis
703 2791 892 2855 constitutis.
908 2790 1168 2857 Abbreuiatores
1191 2790 1332 2857 subscri·

157 2913 235 2979 bunt.
247 2934 359 2979 omnes
372 2914 482 2979 Bullas
497 2934 558 2999 per
573 2913 807 2981 Cancellariam
823 2916 966 2988 emissas.
983 2918 1094 2999 paucis
1110 2917 1272 3001 exceptis:
1289 2936 1332 2981 ex
1445 2934 1448 2939 ·

156 3036 264 3103 Consi.
282 3036 416 3105 Summi
432 3039 608 3105 Bonorum
625 3038 742 3103 Leonis
758 3038 790 3103 X
814 3036 870 3123 (2).
895 3038 953 3103 Isti
977 3036 1134 3121 quoddam
1154 3037 1331 3121 collegium

156 3180 213 3223 seu
237 3159 392 3224 Tribunal
416 3160 621 3232 constituunt,
646 3160 831 3225 decidentes
854 3158 1067 3245 collegialiter
1089 3164 1251 3244 tamquam
1274 3178 1334 3244 per

156 3284 296 3369 speciem
320 3284 426 3348 iudicii
451 3284 546 3349 dubia
569 3303 650 3368 quae
667 3285 746 3349 oriri
763 3285 931 3370 contingat
953 3304 1051 3369 super
1070 3285 1255 3352 litterarum
1269 3285 1334 3349 for·

157 3408 251 3473 mulis
262 3407 315 3472 vel
331 3408 483 3474 clausulis
499 3415 532 3474 et
547 3408 687 3476 decretis
702 3412 736 3473 in
752 3410 791 3474 iis
807 3408 1004 3475 adliciendis.
1021 3410 1113 3476 b'unc
1128 3410 1249 3476 habent
1260 3431 1334 3476 suos

245 3672 286 3743 (l)
306 3672 441 3743 {tegentia
466 3672 586 3727 officium
610 3674 721 3727 initium
740 3674 860 3743 sumpsit
878 3690 903 3727 a
926 3672 995 3728 1377
1012 3673 1136 3744 quando,
1155 3673 1273 3729 Romam
1292 3692 1333 3731 ra·

156 3783 259 3837 stituta
289 3781 373 3847 Sede,
401 3780 552 3851 Gregorius
577 3782 617 3835 XI
645 3783 726 3836 iussit
753 3782 833 3836 Car-d.
859 3783 1038 3837 Monturcum
1065 3782 1335 3837 vicecancellarinm

156 3887 330 3942 Arenionem
358 3886 517 3957 relinquere
542 3891 571 3942 at
596 3886 712 3941 Romam
733 3892 837 3955 petere.
856 3916 890 3929 -
909 3886 980 3949 Quia
998 3885 1162 3953 cardinalis,
1180 3887 1334 3958 instigante

158 3994 257 4048 Gerolo
275 3992 301 4046 V
323 4010 378 4048 nou
408 3994 501 4063 paruit
529 3994 675 4064 Pontifici,
700 3992 746 4047 bic
770 4000 803 4049 ut
827 3994 924 4049 mitius
952 3999 1051 4064 agerat
1074 3994 1103 4048 in
1127 4000 1334 4057 contumacem,

158 4098 263 4153 Romae
284 4097 430 4152 constituit
451 4099 646 4154 cancellariae
665 4100 826 4168 Repentcm.

246 4204 285 4271 (2)
299 4202 455 4273 Collegium
469 4202 704 4264 Abbreviatorum
722 4204 874 4257 maximam
892 4203 1015 4260 habebat
1032 4207 1230 4261 auctoritatem
1244 4207 1274 4259 in
1287 4222 1336 4261 ne·

158 4310 241 4379 gotiis
251 4310 443 4365 Cancellariae
456 4316 485 4366 et
499 4312 671 4382 potissimum
684 4310 776 4365 locum
789 4312 818 4364 in
832 4312 923 4367 curia:
937 4314 972 4367 cs.
983 4313 1130 4383 ciampini,
1139 4315 1182 4369 De
1191 4316 1336 4370 abbrevia·

157 4424 249 4472 torum
266 4420 303 4473 de
313 4434 402 4488 parco
415 4419 516 4472 maiori
533 4421 591 4473 sive
603 4420 639 4473 de
652 4418 848 4473 desistentium
861 4420 888 4473 S.
901 4421 934 4473 a
950 4420 982 4474 Ε.
999 4422 1235 4477 Vicecanaellario
1253 4431 1334 4477 statu.

300 4544 360 4599 Soc.
380 4546 459 4617 Lapa
1159 4548 1192 4605 19
