3292 5109
498 301 542 347 DE
566 301 707 349 IUDICIIS
729 301 997 351 nocuusmsmcis

610 622 790 690 TITULUS
813 624 908 689 XIII.

518 838 562 885 un
586 838 697 887 cultus
720 838 996 887 uccuufflusulcm.

257 1067 475 1124 Summanum.
492 1096 530 1109 -
547 1066 608 1122 3016
627 1068 711 1123 Ratio
730 1068 915 1123 tractationis.
935 1096 970 1110 -
989 1066 1051 1123 306.
1071 1068 1138 1123 Eius
1155 1068 1264 1124 divisio.

259 1304 335 1371 305.
360 1304 408 1369 De
429 1302 529 1368 curiis
544 1301 743 1367 dioecesanis
765 1320 866 1388 agere
889 1301 1082 1367 instituimus
1097 1306 1133 1367 61
1148 1303 1348 1388 explicemus

170 1428 357 1494 earumdem
380 1427 650 1499 constitutionem,
667 1425 771 1511 quoad
786 1444 857 1489 eam
880 1429 1006 1511 partem
1029 1444 1111 1509 quae
1134 1425 1282 1493 ordinata
1297 1430 1348 1494 661

169 1558 262 1619 recto
292 1554 451 1620 exercitio
481 1552 638 1619 iudicialis
664 1554 840 1639 potestatis.
866 1552 956 1627 Quae
979 1551 1186 1619 tribunalium
1220 1552 1348 1619 dioece-

169 1696 324 1743 sanorum
339 1675 499 1741 ordinatio
515 1675 589 1741 dum
605 1681 655 1741 est
669 1677 848 1741 communis
860 1662 1006 1742 omnibus
1018 1675 1226 1752 dioecesibus,
1238 1681 1347 1741 tamen

171 1800 376 1886 discrepata
399 1801 625 1867 constitutione
647 1801 758 1868 curiae
780 1800 991 1866 dioecesanae
1015 1800 1182 1865 Romanae
1209 1799 1250 1865 ob
1273 1802 1360 1886 spe-'

171 1922 286 1988 cialcm
302 1922 489 2006 qualitatem
506 1923 655 2008 Episcopi
669 1922 804 1988 Romani
821 1922 874 2006 qui
890 1941 955 1987 nna
978 1927 1027 1986 est
1042 1922 1159 1987 Pastor
1175 1924 1347 1989 universae

171 2046 350 2114 Ecclesiae.
368 2047 440 2111 Hac
463 2046 503 2112 de
526 2066 625 2111 causa
648 2064 744 2110 unam
765 2044 806 2110 ab
830 2046 894 2109 alia
916 2046 1109 2111 tractatione
1133 2045 1345 2113 distinximus.

262 2168 337 2235 306.
363 2170 483 2235 Divisio
506 2171 709 2235 tractationis
737 2173 851 2255 sponte
874 2188 933 2233 666
955 2167 1025 2235 fluit
1047 2190 1091 2235 ex
1113 2170 1256 2236 subiecta
1279 2191 1347 2235 ma·

172 2292 273 2368 teria3
297 2291 452 2377 siquidem
479 2292 512 2357 iu
540 2292 777 2377 quaestiouibus
807 2292 848 2357 de
875 2292 1077 2357 ordinatione
1107 2297 1175 2359 tum
1206 2292 1347 2358 iudicum

170 2422 239 2482 tum
261 2416 463 2490 iudiciorum,
487 2417 558 2503 ipsa
581 2437 635 2482 res
658 2417 842 2503 expostulat
864 2421 1017 2482 6166166
1048 2415 1088 2481 de
1117 2417 1265 2502 personis
1292 2413 1349 2482 fiat

172 2543 335 2627 inquisitio
357 2543 472 2627 quibus
494 2548 643 2610 constant
664 2542 839 2609 tribunalia
858 2542 1058 2616 dioecesana,
1076 2540 1149 2606 deIn
1174 2541 1212 2606 de
1235 2540 1348 2607 ordine
1449 2510 1470 2645 ,Ι

172 2681 235 2745 quo
258 2664 346 2728 inter
368 2683 404 2729 se
426 2670 664 2730 connectuntur
680 2664 762 2728 hace
785 2661 969 2736 tribunalia,
986 2662 1113 2727 demum
1128 2661 1168 2727 de
1190 2666 1347 2747 potestate

172 2787 329 2854 iudicibus
344 2793 556 2873 competente,
574 2809 632 2855 seu
647 2788 688 2855 de
703 2790 927 2874 competentia.

262 2914 416 2980 Dehisce
435 2914 540 2981 tribus
562 2916 764 2981 tractationIs
780 2914 947 3001 capitibus,
972 2916 1005 2981 in
1028 2914 1132 2981 tribus
1146 2935 1279 3001 agemus
1302 2914 1350 2980 di-

172 3023 299 3089 stinctis
324 3022 490 3108 capitibus.
