3292 5109
476 278 520 326 uu
544 277 683 327 mmcns
707 273 973 323 nccnssmsmms
1260 256 1328 323 225

146 421 203 467 seu
233 401 414 469 miraculis
448 420 537 487 quae
571 404 844 483 superuacuum
870 403 948 481 post
980 398 1150 464 indultam
1183 419 1326 466 uenera-

147 522 270 589 tionem
289 543 321 587 ›.
347 524 482 608 Inquam
512 522 690 609 scapulare
716 538 789 587 esse
811 516 884 583 fleri
915 518 1134 603 quaestionem
1160 519 1200 585 de
1221 524 1326 588 virtu-

147 646 229 711 tibus
252 652 308 711 aut
332 646 371 713 de
394 648 555 733 martyrio
586 651 658 731 post
688 644 889 730 recognitam
920 640 1186 710 beatificationem
1212 646 1327 732 aequi-

147 772 348 854 pollentem5
370 772 444 856 qula
466 772 529 837 hoc
552 790 617 837 non
642 770 836 835 observatur
851 770 886 834 in
904 769 1010 835 causis
1023 769 1154 855 agitatis
1169 790 1228 856 per
1243 772 1328 836 viam

148 916 210 960 non
236 895 355 971 cultus;
380 898 413 961 in
437 896 550 981 quibus
566 895 603 961 fit
626 895 781 960 transitus
796 893 837 959 ad
853 895 1028 959 solemnem
1053 894 1327 960 canonizationem

130 1021 333 1117 ‘praeposita
356 1025 479 1087 mutum
504 1020 705 1104 quaestione:
728 1008 821 1085 «An
844 1024 971 1085 constet
993 1020 1036 1086 de
1058 1020 1165 1107 siquis
1189 1024 1249 1085 aut
1271 1022 1331 1085 mi-

148 1143 282 1209 raculis
300 1144 450 1227 patratis
471 1148 550 1227 post
572 1141 741 1210 indultam
765 1142 1095 1228 beatificationem.»
1122 1143 1225 1218 Quum
1249 1164 1329 1210 non-

150 1267 228 1331 nulli
265 1266 447 1333 obiicerent
476 1286 547 1333 esse
578 1267 790 1352 incongruum
827 1286 987 1350 quaerere
1014 1268 1053 1332 de
1077 1269 1250 1335 virtutibus
1276 1276 1331 1335 aut

149 1390 189 1455 de
214 1392 391 1476 martyrio,
417 1395 583 1477 postquam
608 1390 640 1456 S.
664 1389 763 1457 Sedes
787 1391 908 1455 cultum
943 1391 1133 1475 approbavit
1167 1392 1330 1459 beatifica-

150 1516 248 1580 tionis
271 1514 540 1601 aequipoltentis,
558 1514 733 1601 respondet
757 1516 951 1581 Benedictus
965 1516 1049 1581 XIV
1073 1518 1134 1583 lac.
1151 1516 1204 1583 cit.
1225 1538 1251 1586 c.
1269 1516 1332 1610 32,

148 1658 184 1702 u.
201 1639 254 1714 16,
272 1658 369 1704 uuam
387 1658 457 1704 rem
474 1660 547 1705 cum
563 1640 627 1705 alia
646 1642 803 1726 componi,
823 1662 841 1704 s
860 1661 934 1707 cum
958 1640 1128 1727 disputatio
1151 1660 1248 1727 super
1262 1644 1332 1708 vir-

149 1760 271 1826 tutibus
298 1767 331 1826 et
353 1761 511 1847 martyrio
536 1762 688 1847 respiciat
710 1761 855 1828 futuram
880 1763 1171 1837 canonizationem,
1195 1770 1228 1828 et
1251 1764 1333 1829 haec

18 1966 19 1969 Ἴ
150 1886 262 1971 utique
285 1887 348 1951 duo
365 1886 446 1951 bene
471 1890 604 1971 possunt
626 1891 714 1951 stare
737 1886 842 1959 simul,
860 1892 1011 1951 constare
1026 1885 1176 1951 videlicet
1191 1886 1231 1951 de
1246 1886 1334 1951 fama

150 2014 308 2079 virtutum
332 2018 389 2077 aut
410 2012 561 2099 martyrii
579 2031 648 2096 pro
673 2016 764 2079 cultu
790 2013 1017 2096 permissio05
1040 2017 1073 2077 et
1095 2032 1160 2076 non
1185 2018 1335 2079 constare

153 2137 194 2203 de
216 2136 390 2203 virtutibus
413 2138 447 2201 in
470 2136 633 2219 individuo
659 2142 714 2202 aut
737 2137 777 2201 de
800 2139 960 2224 martyrio
978 2157 1048 2221 pra
1073 2142 1165 2207 cultu
1190 2158 1333 2221 praece-

150 2261 247 2342 ptivo
266 2258 354 2345 ›(l).
376 2260 458 2326 Aliis
486 2257 594 2325 verbis
621 2260 772 2326 solemnis
797 2260 1002 2326 canonizatio
1024 2262 1119 2346 plura
1141 2263 1332 2347 expostulat,

153 2405 237 2469 quae
261 2404 325 2449 nou
354 2386 494 2469 exquirit
518 2384 655 2470 simplex
679 2382 888 2451 Beatificatio.

245 2506 309 2574 Sed
331 2506 518 2592 Martyrum
542 2526 657 2572 causas
681 2506 765 2591 quod
788 2507 904 2572 attinet
925 2505 1138 2593 procedentes
1159 2526 1219 2592 per
1240 2506 1332 2573 mam

153 2654 226 2701 non
250 2632 373 2709 mallus,
397 2632 505 2698 multis
527 2632 567 2699 ab
590 2633 669 2699 hinc
692 2634 785 2699 annis
809 2632 999 2698 conceditur
1019 2653 1040 2698 a
1061 2634 1092 2700 S.
1118 2633 1276 2700 Pontifice
1297 2640 1333 2700 ut

154 2760 195 2826 de
221 2758 464 2826 Introductione
488 2764 604 2845 agatur
619 2758 653 2822 in
672 2758 942 2844 Conpreqatione
959 2757 1176 2841 particulari.
1201 2758 1334 2845 Signata

156 2886 383 2953 commissione
413 2883 521 2971 agitur
544 2883 583 2949 de
607 2904 672 2949 nou
702 2883 792 2951 cultu
814 2888 849 2951 et
871 2883 911 2949 de
934 2884 1005 2949 aliis
1028 2884 1131 2949 dubiis
1153 2904 1218 2949 non
1240 2904 1333 2950 secus

156 3032 197 3077 ac
212 3012 246 3077 in
263 3011 369 3076 causis
386 3008 625 3077 confessorum.
644 3046 662 3059 -
679 3012 915 3078 Verumtamen
931 3009 1024 3076 docet
1042 3011 1234 3077 Benedictus
1249 3012 1333 3079 XIV

158 3134 229 3215 (op.
254 3130 306 3198 cit.
332 3129 386 3197 lab.
405 3130 433 3206 1,
458 3150 532 3215 cap.
549 3131 610 3215 27,
633 3150 667 3196 n.
685 3130 732 3214 8),
755 3128 894 3213 facilius
916 3129 1075 3213 expediat
1097 3150 1219 3197 causas
1236 3128 1334 3198 Mar·

158 3264 275 3345 tyrum
298 3276 404 3342 quam
428 3276 549 3323 causas
568 3256 818 3341 Confusarum,
834 3256 938 3341 facile
960 3256 1051 3323 euim
1068 3257 1280 3340 permittitur
1296 3264 1335 3325 ut

157 3401 231 3447 uua
255 3400 333 3447 cum
356 3378 458 3447 dublo
483 3379 525 3445 cte
547 3380 718 3466 Martym'o
748 3382 896 3447 alterum
922 3385 1142 3463 proponatur
1165 3380 1336 3467 dampnis

158 3509 221 3570 aut
241 3502 433 3569 Miraculis.
458 3502 549 3569 Etsi
572 3500 655 3567 bene
679 3522 733 3568 res
756 3504 900 3577 cesserit,
915 3523 981 3568 uno
1005 3501 1179 3589 eodemque
1202 3504 1335 3569 solemni

158 3626 292 3692 decreto
315 3626 347 3691 S.
370 3623 536 3691 Pontificis
567 3628 717 3692 constare
751 3625 792 3691 de
814 3625 976 3711 Martyrio
1004 3631 1037 3691 et
1067 3626 1173 3712 Signis
1195 3647 1252 3692 seu
1274 3626 1336 3692 Mi-

160 3752 282 3817 raoulis
312 3750 557 3836 pronunciatur.
590 3784 608 3799 -
642 3750 823 3815 Praeterea
845 3748 1016 3835 aliquando
1038 3751 1191 3836 inspectis
1221 3770 1337 3817 causae

158 3876 334 3948 adiunctis,
359 3892 402 3940 ex
425 3870 459 3939 S.
484 3872 652 3943 Pontificis
675 3874 789 3949 venia,
813 3874 992 3941 accedente
1013 3879 1089 3943 uoto
1108 3895 1176 3959 pro
1199 3875 1337 3942 cecitate

160 3995 260 4063 Fidei
283 3994 514 4072 Promotom's,
538 3994 667 4061 dubium
693 3997 789 4061 ‹An
812 3999 937 4063 constet
960 3996 1003 4062 de
1024 3996 1207 4084 Martyria,
1231 4002 1263 4063 el
1285 3993 1338 4063 si-

253 4170 294 4243 (1)
315 4170 364 4226 Uti
378 4171 451 4225 inire
463 4171 626 4239 videbimus,
644 4170 830 4239 Beatiflcatio,
848 4170 988 4225 ordinario
1006 4174 1157 4227 secumtert
1168 4172 1260 4228 cultos
1269 4190 1338 4245 per-

161 4278 324 4332 missionem
353 4291 402 4345 pro
429 4274 570 4346 aliquibus
596 4275 679 4343 locis,
708 4274 888 4331 canonisatio
914 4274 1020 4331 cultum
1051 4276 1187 4347 praecipit
1208 4292 1259 4347 pro
1276 4276 1339 4331 uni·

161 4402 244 4441 versa
261 4383 395 4440 Ecclesia

309 4495 369 4548 San.
389 4494 466 4565 cepa
689 4452 691 4455 Ι
1162 4490 1199 4549 15
