3292 5109
300 242 367 309 246
818 262 905 311 ress
929 264 967 311 ιι.

300 388 338 453 in
362 387 597 454 benedicendis
630 395 662 455 et
694 372 912 473 imponendis
944 392 1198 475 scapularibus,
1222 392 1260 457 in
1283 390 1485 459 benedictio·

300 511 401 578 nibus
424 511 664 589 Rosamorum,
690 532 900 581 corormrum
921 520 992 591 etc,
1016 516 1054 581 in
1079 515 1246 583 erectione
1271 515 1482 591 Stationum,

312 635 392 700 Viae
411 634 538 710 Crucis,
556 642 587 701 et
609 636 735 702 Matris
753 636 941 705 Dolorosae
958 659 990 702 ».
1013 638 1067 704 Ex
1090 640 1129 703 iis
1152 658 1234 722 quae
1257 658 1356 723 supra
1379 639 1485 725 expli-

303 760 458 836 cavimus,
474 767 564 847 patet
582 780 719 844 quanam
737 762 777 827 de
794 764 921 828 ratione
943 763 1039 829 huius
1062 764 1162 851 Cung.
1186 766 1402 850 competentia
1426 764 1490 830 has

303 886 475 953 facultates
497 888 711 973 amplectetur
726 885 783 971 (l).

392 1012 453 1076 VI.
474 1012 739 1095 ‹Dispcrnandi
761 1031 869 1096 super
883 1012 1017 1097 defectu
1032 1013 1216 1079 distantiae
1237 1013 1421 1098 requisitae
1438 1011 1488 1078 ad

303 1139 505 1206 erectionem
532 1137 871 1223 confraternitatum,
887 1141 936 1206 ita
957 1146 1081 1215 tamen,
1096 1147 1136 1205 ut
1153 1140 1312 1224 rescripti
1335 1140 1490 1206 caemdia

304 1266 500 1331 remittatur
529 1267 696 1349 prudenti
730 1266 857 1335 iudicio
894 1267 1080 1334 Ordinarii.
1119 1268 1351 1351 Dupuuandi
1385 1265 1488 1331 etiam

273 1409 412 1473 -super
435 1391 625 1458 conditione
660 1391 843 1458 distantiae
866 1392 956 1458 inter
977 1358 1170 1467 Ecclesiae·
1188 1410 1277 1476 quae
1301 1388 1491 1473 praefiniri

305 1516 390 1581 solet
413 1514 448 1579 in
471 1515 645 1597 rescriptis
661 1516 885 1583 concessionis
901 1516 1123 1602 quarundam
1139 1514 1441 1602 ludulqentiorum
1459 1534 1489 1577 u.

399 1639 526 1725 Regula
544 1640 708 1725 generalis
725 1644 784 1721 est,
800 1637 939 1707 unicam
962 1644 1088 1705 tantum
1111 1640 1413 1705 confraternitatem
1431 1636 1492 1703 sub

307 1765 449 1831 eiusdem
481 1769 611 1832 nomine
635 1774 667 1833 et
690 1767 782 1832 titulo
809 1788 867 1833 seu
894 1768 1099 1832 invocatione
1122 1767 1206 1852 erigi
1229 1764 1397 1851 possete).
1424 1764 1493 1830 Pro

307 1889 581 1974 frequentioribus
604 1891 786 1958 civitatibus
803 1890 843 1956 ab
859 1892 923 1957 hac
937 1891 969 1957 S.
982 1891 1083 1977 cong.
1096 1890 1155 1957 sub
1168 1892 1224 1957 die
1238 1890 1290 1957 29
1304 1889 1384 1957 Feb.
1401 1888 1493 1955 1864

194 2096 196 2103 Ι
308 2016 502 2100 rescriptum
518 2015 589 2087 luit,
605 2020 641 2079 ut
656 2016 834 2101 Episcopus
853 2038 871 2079 ‹
887 2015 1081 2081 obveniente
1094 2016 1197 2101 praui
1212 2034 1316 2081 causa
1332 2018 1494 2081 recurrat

306 2138 344 2202 in
366 2138 499 2205 casrbtes
517 2139 834 2222 particularibus».
859 2140 921 2206 Sed
938 2160 1043 2225 nuper
1062 2140 1181 2205 editum
1204 2140 1267 2205 luit
1281 2158 1421 2223 sequens
1436 2137 1493 2202 de·

310 2268 436 2328 cretum
453 2266 557 2349 magis
572 2264 772 2350 respondens
787 2265 955 2331 hodiernis
974 2264 1222 2342 conditionibus3
1245 2263 1377 2329 named
1393 2280 1495 2347 quae·

311 2386 407 2450 situm
432 2386 482 2452 IV
505 2386 562 2451 An
584 2387 622 2452 in
644 2387 781 2473 maqnis
805 2386 994 2453 deitatibus
1017 2406 1106 2471 quae
1128 2406 1238 2452 unam
1260 2390 1394 2451 lantum
1418 2404 1496 2451 con-

310 2510 453 2575 stituunt
477 2511 761 2587 communitatem,
775 2513 897 2594 plures
911 2512 1134 2578 nibilominus
1154 2511 1243 2599 eripi
1262 2510 1394 2594 possint
1409 2510 1494 2575 cius·

399 2798 439 2867 (l)
459 2756 505 2853 Cf..¹
521 2799 670 2853 instructio
698 2800 733 2852 de
761 2798 930 2875 stationibus
952 2798 979 2852 S.
1006 2798 1073 2853 Viae
1094 2798 1191 2852 Crucis
1213 2797 1357 2867 eripendis
1381 2797 1496 2849 visitan-

312 2905 419 2974 disque,
438 2908 485 2959 cui
501 2906 609 2959 accedit
626 2905 770 2975 appendia
788 2906 825 2961 de
846 2904 995 2973 crucifixis
1013 2904 1079 2958 Viae
1097 2901 1195 2956 Crucis
1212 2901 1299 2972 uulqo
1317 2898 1496 2969 nuncupatis,

310 3011 339 3063 in
359 3009 452 3066 lucem
471 3010 547 3066 edita
565 3012 734 3067 auctoritate
753 3009 817 3065 Riiii
838 3012 869 3065 P.
890 3010 1058 3066 Bernardini
1077 3028 1095 3063 a
1112 3010 1200 3063 Portu
1219 3008 1377 3075 Romulius,
1396 3006 1496 3061 Totius

312 3117 422 3172 Ordinis
451 3118 580 3173 Fratrum
599 3118 740 3173 Minorum
766 3120 890 3174 Ministri
916 3117 1068 3174 Generalis
1098 3116 1191 3171 Editio
1218 3116 1310 3171 altera
1333 3114 1496 3171 Florentiae

313 3240 348 3279 ax
367 3222 565 3294 Typographia
588 3224 707 3294 collegii
733 3224 759 3278 S.
779 3225 993 3280 Beneventurae
1015 3223 1092 3279 1888.
1117 3252 1151 3265 -
1176 3220 1325 3277 Formulne
1349 3222 1496 3291 appositae

313 3346 363 3400 pro
379 3330 443 3385 aliis
462 3331 515 3401 piis
533 3332 663 3400 operibus
683 3332 773 3399 reperi
793 3337 909 3402 possunt
922 3334 952 3386 in
969 3332 1125 3404 appendice
1144 3328 1217 3401 apud
1235 3329 1337 3384 citatos
1350 3330 1497 3394 ductores,

313 3437 486 3506 potissimum
507 3438 578 3507 apud
597 3438 712 3493 Malata.

402 3542 442 3613 (2)
463 3542 647 3613 Excipiuntur
665 3545 700 3597 ab
720 3542 773 3598 hac
794 3543 894 3614 regula
912 3544 1164 3599 Contraternitatea
1182 3560 1199 3596 a
1217 3539 1302 3596 ssmo
1315 3541 1498 3595 Sacramenta

315 3650 501 3717 ntrncupatae,
514 3651 572 3702 eta
591 3648 718 3703 doctrina
733 3648 902 3716 Christiana,
915 3666 987 3720 quae
1004 3648 1033 3703 in
1053 3647 1179 3719 qualibet
1197 3647 1324 3702 Ecclesia
1341 3646 1495 3717 parochiali

314 3754 424 3807 fundari
447 3760 577 3824 possunt;
603 3754 670 3809 item
693 3755 857 3811 sodalitates
876 3756 1012 3810 Filiarum
1031 3756 1139 3810 biariae
1158 3755 1252 3825 plures
1270 3755 1299 3808 in
1318 3752 1414 3809 eodem
1434 3752 1498 3806 loco

313 3879 363 3917 seu
383 3878 455 3933 pago
473 3864 583 3918 institui
603 3868 725 3934 possunt.
754 3862 797 3919 Gt.
816 3864 846 3917 in
864 3862 1037 3919 Collectioue
1060 3861 1224 3918 authentica
1246 3866 1388 3932 pestremo
1406 3860 1497 3925 edita,

315 3968 425 4022 Decret.
444 3977 501 4021 out.
521 3969 584 4020 300
604 3978 630 4023 et
648 3968 715 4022 tto.
735 3996 749 4011 ·
769 3968 809 4021 ct.
829 3967 969 4033 Ferraria,
988 3968 1162 4022 Bibliotheca
1180 3984 1240 4021 can.
1257 3982 1283 4019 v.
1305 3966 1499 4035 Confraterni·

314 4074 426 4128 tatest-
447 4072 590 4127 Benedicti
610 4072 685 4137 XIV,
700 4072 889 4128 institutiones
903 4072 1117 4128 Ecclesiasticus
1129 4072 1206 4141 (Insa
1222 4072 1292 4141 105).
1312 4099 1326 4112 ·
1345 4069 1498 4135 Miuderer,

316 4182 496 4251 Conferentin
523 4197 596 4234 nono
624 4181 659 4235 de
689 4179 879 4250 indulgentiis
900 4179 1168 4251 Confraternitotum
1186 4178 1215 4232 in
1240 4193 1324 4247 opere
1343 4178 1386 4231 Da
1404 4176 1499 4230 indul-

311 4290 415 4360 peutiis
427 4288 457 4339 in
468 4303 573 4357 qenere
586 4296 612 4342 et
630 4288 659 4341 in
670 4292 770 4358 specie.
790 4315 804 4329 ·
825 4286 929 4355 Lucidi,
943 4286 986 4342 De
1005 4286 1165 4340 Visitatione
1179 4285 1333 4339 Sacram
1346 4282 1499 4350 Liminum,

312 4396 368 4451 ool.
382 4395 422 4464 tt,
442 4412 501 4467 cap.
522 4394 582 4449 vtt.
