3292 5109
291 266 358 331 342
820 285 905 332 raas
929 284 965 331 11.

292 408 424 474 facilius
445 408 586 475 habendi
610 408 879 495 dispensationem
902 408 1083 473 huiusmodi
1106 411 1283 473 incoestum
1307 407 1359 473 vel
1386 406 1479 473 adul-

291 531 409 595 terium
439 531 621 597 huiusmodi
652 552 717 597 non
745 534 981 606 commiserint,
1012 532 1159 617 quodque
1190 532 1268 598 talia
1298 551 1476 615 numquam

291 656 443 744 deinceps
455 662 664 743 committant,
680 680 785 744 neque
800 659 1071 727 committentibus
1083 660 1294 745 praestabunt
1304 660 1477 741 auxilium,

290 784 437 851 favorem
458 806 487 849 ».
1177 859 1179 866 Α

426 909 455 995 c)
482 930 500 974 ⁴<
527 910 674 976 Peractis
697 909 737 975 ab
761 911 813 975 bis
836 909 959 977 duabus
988 908 1278 976 sacramentalibus
1299 907 1473 975 confessio

292 1036 386 1102 nibus
409 1056 439 1102 a.
466 1038 548 1103 Nota
579 1036 662 1120 quod
693 1036 856 1121 dispositio
887 1037 1019 1102 abolens
1042 1036 1219 1101 clausulam
1250 1036 1389 1101 relatam
1411 1036 1479 1102 sub

290 1163 401 1229 littera
425 1162 443 1230 b
467 1164 613 1229 refertur
636 1162 676 1227 ad
707 1164 946 1249 generaliorem
969 1162 1208 1246 dispositionem
1238 1166 1420 1227 emanatam
1450 1181 1477 1225 a

294 1286 326 1352 S.
351 1286 451 1373 Cong.
477 1288 513 1353 U.
540 1288 577 1352 ll.
606 1289 629 1351 1.
655 1286 881 1353 diea51unii
908 1288 1004 1369 1885,
1022 1285 1160 1353 validam
1184 1287 1279 1352 etiam
1304 1306 1364 1372 pro
1392 1286 1471 1351 Poe

291 1411 479 1476 nitentiaria
499 1417 532 1476 et
547 1411 755 1495 abrogantem
780 1430 1014 1496 quamcumque
1037 1412 1236 1476 contrariam
1259 1410 1335 1496 styli
1359 1411 1478 1476 curiae

292 1534 572 1611 consuetudinem;
598 1538 722 1601 scilicet
752 1538 889 1621 amplius
918 1538 1138 1603 necessarium
1168 1556 1234 1601 non
1257 1556 1329 1601 esse
1360 1536 1471 1620 expri-

292 1679 383 1723 mere
407 1660 439 1723 in
463 1658 613 1744 precibus
638 1660 915 1726 circumstantiam
937 1660 1099 1725 incaestus
1119 1660 1180 1725 etsi
1202 1660 1320 1744 patrati
1337 1658 1478 1723 consilio

291 1790 325 1849 et
348 1784 527 1851 intentione
544 1785 670 1851 facilius
686 1786 879 1872 impetrandi
895 1785 1164 1870 dispensationem
1179 1785 1249 1851 sive
1267 1804 1326 1870 pro
1342 1785 1478 1849 interno

290 1908 359 1973 sive
381 1928 441 1994 pro
465 1914 600 1973 externo
624 1908 705 1971 loro.

424 2029 458 2115 2)
483 2032 521 2095 ln
546 2031 657 2097 iisdem
680 2031 815 2103 litteris,
840 2032 996 2098 tollantur
1026 2033 1193 2117 sequentia
1216 2031 1331 2097 verba:
1362 2032 1476 2097 ‹Vo-

291 2155 397 2219 lumus
421 2154 504 2239 quod
527 2156 553 2220 si
577 2162 612 2221 tu
636 2154 819 2241 (executor)
842 2155 963 2239 aliquid
992 2156 1137 2221 muneris
1159 2161 1216 2220 ant
1245 2156 1380 2241 praemii
1404 2155 1477 2219 exi--

291 2299 386 2365 gere:
419 2285 475 2345 aut
504 2280 645 2345 oblatum
669 2282 817 2365 recipere
840 2286 964 2345 temere
994 2282 1251 2367 praesumpseris
1281 2299 1468 2345 excommu-

289 2407 460 2473 nicationis
489 2407 575 2473 latae
605 2408 785 2473 sententiae
812 2428 949 2493 poenam
979 2410 1148 2482 incurras,
1173 2413 1206 2473 et
1232 2407 1393 2473 absolutio
1412 2413 1477 2475 aut

291 2530 484 2616 dispensatio
508 2531 627 2597 nullius
651 2534 692 2597 sit
716 2532 853 2614 roboris,
870 2539 925 2598 aut
941 2534 1093 2599 momenti
1116 2552 1147 2607 »3
1171 2536 1206 2598 et
1227 2531 1363 2597 dicatur:
1381 2554 1400 2595 ‹
1415 2552 1475 2596 ve-

289 2655 348 2719 tito
371 2656 501 2720 omnino
524 2676 566 2720 ne
589 2656 708 2739 aliquid
732 2658 876 2723 muneris
897 2665 954 2724 aut
976 2659 1111 2743 praemii
1134 2660 1269 2743 exigere
1299 2661 1355 2722 aut
1378 2655 1472 2721 obla·

288 2783 356 2843 tum
380 2778 529 2863 recipere
551 2782 806 2865 praesumpseris
830 2801 860 2846 a.

423 2900 456 2987 3)
481 2903 628 2968 Tollatur
651 2904 808 2971 clausula:
828 2924 846 2968 e
863 2903 1033 2970 dummodo
1048 2906 1081 2969 in
1098 2905 1245 2991 praelata
1264 2907 1474 2989 separatione

289 3028 540 3109 permanserit»
566 3032 599 3092 et
629 3028 756 3097 dicatur
786 3030 854 3094 eius
878 3032 950 3095 vice
974 3048 993 3093 e
1017 3034 1155 3102 remoto,
1181 3036 1337 3113 quatenus
1367 3027 1470 3101 adsit,

288 3150 451 3227 scandalo,
468 3154 660 3237 praesertim
683 3174 743 3239 par
765 3156 1002 3239 separationem
1025 3158 1171 3239 tempore
1187 3154 1244 3219 tibi
1259 3154 1423 3237 benevim,
1439 3155 1471 3220 si

288 3272 361 3339 fieri
383 3280 491 3361 posset
514 3296 543 3340 ».

424 3400 457 3484 4)
481 3400 665 3469 clausulae:
692 3422 710 3466 ⁴<
735 3403 761 3468 si
785 3423 901 3487 preces
921 3404 1052 3469 veritati
1075 3403 1133 3469 niti
1161 3404 1365 3487 repereris»
1392 3402 1471 3468 sub-

289 3526 440 3591 stituatur
462 3525 545 3591 baec
569 3526 649 3591 alia:
677 3548 695 3588 c
714 3527 740 3591 si
756 3546 837 3591 vera
859 3528 924 3592 sint
945 3528 1092 3611 exposita
1114 3549 1145 3591 ›.
1162 3528 1246 3594 Nota
1261 3526 1345 3612 quod
1359 3527 1468 3592 addita

289 3653 352 3719 bac
369 3653 540 3738 posteriori
557 3653 697 3718 formula
713 3654 907 3739 rescriptum
922 3653 1028 3719 valide
1043 3655 1227 3720 executioni
1244 3653 1469 3735 demandatur,

289 3781 348 3847 atsi
372 3779 465 3845 nulla
487 3779 703 3865 praecesserit
725 3780 912 3843 executoris
935 3778 1106 3863 inquisitio,
1131 3776 1300 3843 dummodo
1328 3778 1473 3844 attonde

288 3922 372 3970 ocra
394 3903 462 3970 sint
484 3902 639 3987 obposita
661 3908 736 3967 actu
760 3903 969 3967 executionis.

355 4012 357 4017 ¹
423 4027 455 4113 5)
482 4027 539 4094 Ubi
566 4026 683 4092 dicitur
709 4026 892 4092 «absolvas
915 4028 983 4091 sive
1006 4046 1066 4113 per
1088 4031 1122 4092 te
1144 4026 1214 4091 sive
1237 4045 1297 4111 per
1312 4026 1409 4091 alium
1433 4028 1467 4091 ia

288 4150 395 4216 forma
418 4150 586 4217 Ecclesiae
611 4154 765 4217 consueta
788 4170 819 4225 a,
844 4149 987 4215 dicatur:
1014 4169 1032 4213 e
1056 4150 1120 4216 bac
1143 4150 1215 4215 vice
1241 4154 1367 4217 tantum
1396 4150 1471 4215 sive
1501 4126 1503 4130 ⁵

288 4296 348 4361 per
369 4280 403 4343 te
426 4276 495 4342 sive
518 4296 577 4362 per
600 4276 698 4341 alium
722 4274 853 4341 absolve
869 4296 900 4339 r.
918 4272 1014 4339 Unde
1037 4272 1227 4340 advertatur
1250 4294 1292 4339 ex
1315 4273 1379 4339 hac
1400 4294 1471 4339 mu-

289 4401 411 4466 tatione
442 4400 578 4487 amplius
612 4420 677 4466 non
714 4400 801 4486 exigi
832 4400 866 4463 in
894 4397 1074 4464 huiusmodi
1104 4397 1392 4482 dispensationibus
1418 4418 1470 4463 so-
