3292 5109
468 293 511 338 un
536 292 674 339 marcus
701 291 968 339 socnrsmsmcrs
1213 312 1216 315 -
1241 272 1303 337 431

218 416 363 499 Denique
379 418 467 481 iuvat
483 434 644 481 revocare
658 414 741 500 quod
757 415 893 483 ratione
916 420 1118 495 contractae,
1135 420 1168 480 et
1184 416 1309 479 ratione

126 539 295 613 reiculae,
316 536 487 624 aliquando
512 540 780 626 Metropolitanus
802 560 868 605 non
892 558 985 605 secus
1008 558 1047 603 ac
1070 540 1205 623 quisque
1228 538 1311 603 alius

128 664 325 731 Ordinarius
342 670 391 730 est
408 664 506 729 iudex
528 670 714 750 competens
731 666 765 729 in
781 664 925 731 subditos
945 664 1082 730 aliorum
1099 663 1236 729 iudicum
1254 663 1310 729 sed

126 790 291 855 nonnullis
314 788 373 855 sub
396 790 632 857 conditionibus
655 810 738 875 quae
759 794 957 856 revocantur
979 792 1013 855 in
1033 790 1084 857 cit.
1101 810 1177 873 cap.
1192 792 1220 862 1,
1236 791 1258 871 ἓ
1273 788 1307 870 3,

127 919 179 985 De
192 918 260 1001 for.
277 924 398 1002 compl.
415 917 453 983 in
469 918 493 983 6
507 918 675 983 videlicet:
694 918 963 984 ‹Contrahentes
979 917 1207 982 vercellarum
1225 914 1309 979 dioe-

125 1062 239 1108 cesum
254 1060 353 1126 super
372 1040 591 1107 contractibus
605 1041 698 1107 initis
716 1042 754 1105 in
769 1038 952 1107 alemena
967 1039 1110 1107 dioecesi
1125 1039 1168 1105 aa
1187 1039 1308 1105 iisdem

123 1166 201 1252 (nisi
224 1169 435 1231 inveniantur
457 1163 587 1252 ibidem)
609 1166 746 1230 trahere
771 1186 882 1230 coram
906 1184 941 1229 se
964 1165 1035 1250 (seu
1057 1164 1307 1250 Metropolitano

125 1288 181 1351 vel
198 1290 266 1353 eius
282 1286 433 1373 Officiali)
458 1308 523 1352 non
547 1288 665 1354 debent
687 1289 823 1364 invitos3
847 1287 925 1353 licet
944 1290 977 1351 in
1000 1290 1232 1374 possessionem
1255 1289 1308 1354 bo·

125 1434 254 1495 norum,
271 1433 353 1497 quae
375 1413 419 1479 ibi
442 1413 573 1487 habent
598 1414 694 1479 etiam
718 1434 791 1478 curn
814 1412 890 1478 alibi
915 1414 1038 1499 copiam
1063 1415 1111 1479 sui
1136 1412 1258 1479 faciant
1281 1415 1307 1478 si

125 1559 241 1603 eorum
265 1540 457 1604 auctoritate
480 1540 568 1605 citati
592 1558 783 1624 comparere
807 1543 1025 1613 contemnant,
1043 1541 1164 1625 possint
1184 1541 1308 1605 missio-

128 1680 205 1725 nem
228 1660 340 1727 facere
363 1666 477 1726 contra
501 1681 571 1737 eos;
595 1662 649 1726 vel
672 1660 713 1745 (si
736 1662 822 1729 forte
845 1663 1003 1729 malitiose
1027 1683 1062 1728 se
1087 1666 1171 1749 ipsos
1198 1664 1307 1729 occul-

124 1790 208 1865 tent,
232 1804 274 1849 ne
297 1785 406 1851 citatio
430 1787 599 1870 perveniat
626 1785 667 1850 ad
690 1786 831 1873 eosdem)
856 1785 1035 1852 decernere
1067 1786 1247 1852 faciendam
1276 1788 1309 1850 in

124 1909 363 1993 possessionem
386 1908 544 1973 bonorum
568 1928 650 1992 quae
674 1912 707 1975 iu
730 1910 795 1975 alia
818 1911 914 1974 etiarn
930 1910 1066 1975 dioecesi
1091 1908 1238 1975 obtinere
1253 1929 1307 1973 no-

124 2040 281 2109 scuntur;
305 2034 362 2099 sed
385 2041 463 2101 tunc
484 2036 548 2101 loci
572 2035 782 2103 dioecesanus
803 2036 845 2103 ad
869 2036 1147 2103 denunciationem
1164 2038 1306 2121 ipsorum

127 2158 230 2224 faciet
252 2160 433 2227 huiusmodi
456 2162 642 2227 missionem
664 2182 696 2224 u.

221 2286 302 2351 Suos
329 2284 483 2354 officiales
509 2286 787 2372 Metropolitanus,
816 2286 917 2351 veluti
942 2272 1119 2360 Notarium,
1145 2287 1308 2351 Procura-

125 2415 233 2474 torem
246 2410 406 2475 Fiscalem
422 2411 619 2475 constituere
634 2430 700 2474 non
716 2410 804 2475 valet
819 2411 852 2474 in
868 2410 1006 2477 dioecesi
1023 2407 1309 2497 suffraganeorum

124 2536 183 2617 qui
200 2532 340 2600 odicium
356 2540 534 2600 exerceant
549 2537 582 2599 in
599 2534 726 2600 casibus
741 2535 990 2620 appellationum
1006 2536 1140 2621 aliisque
1153 2556 1310 2622 expresse

124 2659 291 2727 attributis
305 2661 392 2725 illius
408 2661 642 2745 competentiae
658 2661 690 2724 in
707 2656 936 2746 suffraganeos
959 2681 1135 2745 eorumque
1158 2661 1307 2726 subditos.

127 2786 160 2850 S.
180 2783 279 2869 Gong.
296 2783 432 2850 Concilii
448 2780 682 2849 Ravennatem.
699 2804 756 2848 seu
772 2784 963 2849 Fauentina
984 2820 1002 2832 -
1021 2785 1271 2852 iurisdictionis
1290 2821 1307 2833 -

124 2910 186 2975 die
206 2910 250 2974 18
271 2908 404 2992 Aprilis
427 2909 530 2983 1750,
555 2910 725 2993 propositis
752 2908 870 2975 dubiis:
895 2912 920 2976 Ι.
948 2910 1040 2975 <Au
1067 2911 1165 2976 liccat
1193 2910 1310 2977 curiae

125 3034 424 3117 Archiepiscopali
439 3034 625 3100 Rauennae
642 3036 809 3118 deputare
826 3035 1012 3102 incivitate
1036 3042 1066 3102 et
1087 3036 1230 3103 dioecesi
1244 3037 1309 3101 Fa·

124 3156 266 3222 centina
281 3155 466 3223 Notarium
490 3157 538 3221 aa
559 3156 775 3239 recipiendas
798 3158 1054 3241 appellationes,
1080 3159 1231 3242 aliosque
1246 3158 1310 3223 Mi·

124 3284 254 3349 nistros
280 3302 348 3366 pro
372 3282 534 3349 exercitio
565 3303 649 3349 sarae
671 3280 944 3351 iurisdictionis?
969 3306 986 3349 u
1013 3286 1055 3348 ll.
1080 3287 1136 3350 An
1160 3285 1311 3351 Ministri

123 3410 198 3476 siae
220 3428 313 3475 merc
336 3408 434 3475 Laici
455 3409 526 3473 siue
548 3410 776 3476 Ecclesiastici
803 3410 957 3492 deputati
988 3410 1030 3476 ab
1062 3412 1180 3476 eadem
1212 3411 1310 3475 curia

119 3553 193 3618 pro
216 3532 393 3599 exactione
408 3532 582 3598 redituum
598 3552 738 3598 mensae
753 3533 1064 3617 archiepiscopalis
1080 3534 1146 3599 sint
1161 3534 1312 3617 exempli

125 3778 287 3834 Februario
307 3778 391 3831 1586
408 3777 467 3848 (lio.
487 3778 511 3844 4,
533 3777 640 3832 Deerat
661 3796 685 3847 p.
704 3777 763 3847 112)
782 3777 816 3831 ad
837 3777 965 3831 dubium:
983 3790 1000 3833 n
1015 3780 1059 3831 Au
1073 3780 1312 3848 Metropolitanus

119 3890 215 3960 possit
240 3902 407 3955 capuascere
432 3887 468 3939 de
492 3886 582 3939 causis
608 3886 737 3939 ciuilibus
757 3886 970 3956 Episcoporum‚
997 3888 1022 3939 S.
1043 3886 1127 3955 Cong.
1152 3886 1309 3953 respondit:

122 3998 215 4053 Posse
233 3999 343 4068 quando
365 3997 520 4067 Episcopus
539 3998 597 4066 apic
617 4006 713 4050 contra
733 3996 904 4067 Episcopum
924 4007 950 4049 et
969 3999 1017 4051 ubi
1035 4000 1160 4051 subditus
1180 3998 1312 4068 Episcopi

123 4104 187 4173 epit
212 4113 310 4156 cantra
335 4102 517 4172 Episcopum,
542 4104 702 4172 ceterapeu‘n
726 4118 782 4154 reon
801 4118 901 4171 posse,
926 4103 982 4154 nisi
1006 4104 1035 4154 in
1060 4104 1168 4155 cnsr'bas
1195 4104 1222 4155 in
1248 4103 1310 4155 iure

124 4213 316 4281 expressis».
336 4208 442 4264 Exinde
462 4210 567 4264 adverti
587 4209 678 4275 debet,
697 4209 723 4262 S.
744 4209 832 4280 Cong.
851 4209 969 4263 Concilii
997 4209 1151 4279 applicasse
1171 4210 1214 4263 ins
1234 4226 1309 4263 corn-

122 4331 227 4379 mune3
247 4314 273 4369 S.
293 4314 379 4384 Cong.
394 4314 448 4367 ΕΕ.
468 4319 497 4369 et
516 4314 574 4367 Ra
589 4314 668 4385 quasi
688 4314 731 4367 ins
751 4314 930 4367 novissimum
945 4314 1122 4377 instaurasse,
1137 4312 1209 4383 quod
1228 4330 1310 4367 ocea-

124 4423 238 4477 cionem
257 4420 357 4476 habuit
374 4423 410 4475 ab
428 4422 488 4477 eins
507 4421 717 4480 constitutione.
