3292 5109
274 280 340 348 196
460 314 464 321 ·
801 301 886 348 raas
910 300 947 346 11.

274 425 453 490 Praeterea
468 422 678 490 oeconomice
693 427 920 508 proponuntur
935 441 1053 487 causae
1069 421 1144 487 illae
1158 440 1280 492 omnes,
1294 417 1462 505 inquibus

273 553 385 637 partes
406 549 534 615 solvere
550 567 615 613 non
635 553 769 634 possunt
790 546 1021 613 advocatorum
1038 552 1072 613 et
1085 554 1334 633 procuratorum
1349 548 1457 611 hono-

273 674 379 755 raria,
407 693 469 739 uec
499 691 563 738 non
595 674 854 745 controversiae,
879 690 961 756 quae
989 676 1214 758 proponuntur
1236 670 1276 736 ad
1300 669 1458 736 solvenda

272 796 381 879 aliqua
401 794 497 861 dubia
520 794 687 881 generalia
702 800 735 860 et
750 794 923 867 abstracta,
940 794 1068 879 aliaque
1082 794 1115 860 id
1130 814 1233 880 genus
1249 813 1294 859 eoo
1309 793 1418 879 officio
1433 812 1457 857 a

278 918 428 1008 Oonyme
444 920 630 1005 disceptata.
657 921 695 984 ln
711 920 781 985 istis
795 921 902 985 causis
920 920 1067 986 defensio
1081 917 1119 986 fit
1134 940 1177 985 ex
1191 917 1298 985 officio
1313 940 1333 985 a
1348 939 1459 986 secre-

272 1048 357 1111 tario
380 1048 449 1133 ipso
467 1046 521 1111 vel
544 1045 584 1110 ab
609 1047 677 1111 eius
693 1045 863 1121 Auditore;
888 1047 1106 1129 exquiruntur
1127 1065 1208 1111 vero
1230 1050 1306 1111 vota
1321 1044 1456 1112 Consul·

272 1178 380 1240 torum
404 1173 496 1237 iuxta
518 1171 688 1238 arbitrium
711 1170 887 1237 Secretarii
903 1176 936 1237 et
956 1170 1130 1242 Praefecti,
1155 1191 1291 1255 quorum
1307 1174 1356 1235 est
1371 1190 1456 1255 pon·

273 1294 394 1360 derare
418 1296 639 1380 quaestionum
663 1292 894 1360 difficultatem.

365 1420 439 1487 168.
465 1420 597 1500 Causae,
614 1439 696 1503 quae
712 1410 914 1506 peraguntur
933 1420 1021 1486 iuris
1043 1420 1164 1486 ordine
1185 1424 1329 1495 seruato,
1354 1418 1456 1483 subii-

279 1544 411 1609 ciuutur
435 1542 566 1611 decreto
589 1542 792 1629 promulgato
809 1540 860 1608 die
875 1543 926 1609 27
942 1542 1147 1627 Septembres
1170 1540 1378 1607 oan01847.
1396 1540 1458 1607 De-

260 1669 358 1743 ,oreti
377 1668 507 1757 regulas
530 1668 726 1735 excribimus
743 1688 785 1735 ex
800 1674 894 1735 textu
909 1669 1026 1742 italico,
1044 1668 1144 1733 latine
1166 1666 1318 1747 redditas,
1335 1684 1458 1749 easque

274 1790 367 1858 brevi
391 1792 622 1858 commentario
639 1812 846 1877 exponemus
872 1793 955 1859 Sunt
968 1791 1132 1875 sequentis
1146 1791 1288 1856 tenoris:

368 1914 557 2003 ‹Reguloc
580 1914 801 1981 observandae
823 1917 857 1980 iu
882 1916 987 1980 causis
1009 1933 1092 1998 quae
1118 1918 1343 2000 proponuntur
1369 1914 1456 2000 apud

276 2041 412 2108 Sacram
437 2040 727 2127 congregationem
751 2042 885 2107 Concilii
908 2040 995 2107 iuris
1016 2041 1138 2109 ordine
1159 2046 1293 2107 ammoto
1309 2062 1341 2105 ›.

369 2164 563 2241 «Quoniam
586 2172 718 2250 praeter
741 2184 856 2231 causas
879 2186 970 2231 mere
993 2167 1152 2252 gratiosas
1175 2170 1208 2232 et
1231 2166 1458 2230 oeconomicas

275 2288 497 2352 contentiosae
528 2307 653 2371 quoque
688 2306 798 2352 coram
822 2287 854 2353 S.
879 2285 1137 2373 Congregatione
1160 2286 1294 2354 Concilii
1318 2286 1455 2373 proponi

274 2410 389 2483 solent,
413 2413 447 2477 in
471 2412 522 2477 his
545 2412 584 2477 ab
608 2414 699 2476 initio
729 2412 927 2499 procedendi
948 2413 1061 2479 modus
1083 2414 1229 2480 invectus
1253 2418 1319 2485 est.
1344 2415 1396 2498 qui
1421 2418 1456 2479 et

274 2537 445 2620 aequitatis
472 2536 504 2602 S.
528 2534 822 2621 Congregationum
853 2543 886 2602 et
921 2537 1038 2622 rigoris
1074 2536 1311 2602 ordinariorum
1336 2536 1455 2601 Tribu-

274 2660 396 2726 nalium
420 2661 538 2745 aliquid
563 2660 715 2726 referret
740 2662 866 2727 Verum
890 2660 1006 2747 agendi
1033 2659 1148 2734 forma,
1171 2682 1192 2725 a
1215 2660 1456 2726 Praedecesso·

274 2785 365 2852 ribus
387 2787 507 2852 nostris
530 2786 713 2857 constituta,
730 2790 911 2870 temporum
926 2784 1065 2851 decursu
1088 2786 1227 2869 aliquam
1242 2784 1339 2850 subiit
1354 2789 1456 2849 muta-

274 2912 405 2984 tionem,
422 2928 504 2995 quae
526 2929 703 2995 paucorum
717 2910 883 2975 traditioni
906 2908 1095 2975 concredita
1112 2928 1154 2973 ne
1169 2906 1310 2975 fideliter
1325 2908 1455 2993 quidem

276 3035 382 3103 relata
397 3034 457 3100 luit
472 3053 493 3098 a
509 3033 736 3118 Scriptoribus‚
749 3034 802 3117 qui
819 3034 853 3097 in
869 3036 934 3098 suis
951 3032 1102 3118 operibus
1116 3038 1255 3117 egerunt
1269 3031 1309 3097 de
1325 3032 1357 3097 S.
1374 3030 1457 3098 Con·

276 3161 502 3247 gregationum
526 3160 630 3244 praxi.
657 3158 707 3223 lta
729 3158 884 3243 paulatim
906 3158 1024 3223 mutari
1047 3176 1086 3222 ac
1109 3158 1205 3222 etiam
1229 3159 1360 3222 omnino
1383 3177 1458 3243 per

276 3288 360 3351 verti
388 3286 495 3371 coepit
521 3284 561 3350 ab
586 3281 765 3369 Agentibus
788 3288 821 3348 et
845 3280 1116 3349 Procuratoribus
1141 3286 1235 3348 recta
1257 3280 1455 3367 procedendi

275 3412 375 3486 ratic,
401 3428 465 3475 nou
490 3410 559 3475 sine
583 3407 776 3493 litigantium
800 3406 935 3487 damno,
959 3411 992 3471 et
1013 3405 1198 3471 discrimine
1224 3407 1348 3472 ordinis
1371 3405 1454 3472 iudi·

275 3531 365 3597 cialis
389 3530 534 3615 apprime
558 3530 734 3594 necessarii
749 3532 862 3595 rectae
877 3527 1016 3592 iustitiae
1038 3526 1316 3593 administrationi.
1342 3529 1458 3613 ltaque

274 3660 310 3720 ut
333 3652 514 3719 huiusmodi
538 3651 773 3738 perturbationi
796 3649 975 3717 remedium
998 3646 1183 3734 afferretur,
1200 3650 1365 3717 veteribus
1388 3672 1457 3717 ser·

276 3782 361 3847 ratis
377 3780 512 3868 legibus,
530 3798 612 3864 quae
628 3797 701 3843 cum
716 3778 839 3863 vigenti
861 3776 1056 3863 procedendi
1078 3778 1204 3842 ratione
1227 3778 1452 3852 convenirent,

282 3908 347 3973 Nos
372 3926 415 3971 cx
438 3904 631 3972 auctoritate
658 3902 689 3969 S.
714 3902 990 3988 Congregationis,
1015 3901 1048 3966 in
1076 3906 1237 3967 conventu
1260 3901 1284 3967 7
1306 3902 1455 3988 Augusti

280 4030 445 4095 currentis
467 4027 545 4093 anni
569 4024 666 4092 Nobis
688 4025 774 4090 ultro
790 4044 945 4091 concessa
960 4029 994 4090 et
1012 4026 1147 4109 praevia
1162 4043 1314 4109 suprema
1332 4022 1457 4090 Sancti·

276 4155 355 4222 tatis
380 4171 457 4219 suae
480 4150 718 4224 ratihabitione,
744 4170 825 4234 quae
848 4150 985 4216 accessit
1006 4152 1041 4215 in
1063 4149 1227 4215 audientia
1249 4149 1317 4216 diei
1341 4150 1365 4216 9
1386 4149 1456 4215 Aac·

274 4278 366 4365 gusti
389 4278 466 4342 anni
501 4272 659 4347 eiusdem,
685 4274 750 4339 Nos
772 4292 862 4356 ¹quac
885 4278 1064 4357 sequuntur
1087 4272 1335 4340 deliberavimus
1358 4293 1456 4359 prae·

140 4464 144 4471 .
274 4398 422 4465 scribere
445 4402 479 4465 et
501 4394 593 4463 modo
617 4394 865 4505 praescribimus
881 4416 912 4457 ».
