3292 5109
328 281 373 347 74
847 297 932 347 raas
955 296 993 345 11.

328 428 419 509 pium
441 420 563 487 habere
587 439 706 487 nomen
722 420 878 487 Ponentls
893 420 951 487 sub
966 422 1205 508 praepositione
1220 440 1337 489 coram
1344 440 1359 506 ‚·
1374 425 1410 488 ut
1431 426 1508 508 puta

326 551 436 637 magni
459 547 540 614 fiunt
567 548 598 613 in
623 548 695 613 foro
718 547 898 615 decisiones
919 548 1050 615 habitae
1072 567 1190 615 coram
1206 546 1366 621 Melino,
1390 566 1508 615 coram

327 674 473 750 Bieeliio,
498 679 531 739 et
554 674 599 739 ita
621 694 729 761 porro.

416 800 603 866 Decisiones
630 816 759 884 semper
781 798 979 884 respondent
1002 797 1115 873 dubiis,
1136 802 1170 863 et
1191 797 1225 862 in
1249 799 1343 873 Rota,
1365 818 1427 885 pro
1450 817 1506 863 re·

328 926 405 1013 gula
428 927 584 1013 generali,
611 926 690 991 nihil
720 924 907 991 decernitur
930 926 992 990 nisi
1015 945 1115 1010 super
1137 924 1352 1011 disputatione
1372 926 1511 992 alicuius

329 1050 426 1117 dubii.
452 1050 538 1117 Hinc
562 1069 679 1115 causae
703 1050 798 1117 etiam
815 1048 994 1115 incidentes
1016 1048 1167 1115 solutioni
1181 1048 1412 1135 proponendae
1434 1054 1510 1115 sunt

327 1173 386 1240 sub
406 1179 497 1241 certo
522 1172 633 1249 dubio;
658 1192 759 1257 quare
783 1172 980 1237 decisionum
1005 1191 1089 1259 pene
1111 1169 1255 1237 infinitus
1270 1178 1321 1238 est
1343 1192 1508 1256 numerus,

326 1295 383 1362 sed
399 1294 532 1361 diversa
555 1296 698 1383 gaudent
720 1297 915 1364 auctoritate
934 1316 994 1382 pro
1009 1296 1170 1382 gravitate
1192 1297 1398 1381 quaestionis.
1416 1297 1509 1363 Haec

327 1423 377 1480 est
400 1416 611 1483 decisionum
641 1420 788 1500 παίωνας
811 1435 970 1501 quaenam
997 1416 1040 1480 sit
1066 1434 1178 1481 earum
1201 1415 1253 1482 oie
1278 1414 1372 1481 modo
1402 1416 1510 1499 inqui·

323 1537 471 1607 rendum.

415 1666 469 1729 74.
488 1663 628 1737 Decitio,
642 1664 760 1750 quippe
771 1664 872 1731 habet
883 1664 946 1729 vim
964 1664 1184 1748 opinaanenti,
1196 1685 1236 1730 eo
1250 1664 1384 1731 consilio
1400 1662 1511 1730 editur

325 1808 347 1855 a
369 1788 525 1855 tribunali
548 1792 585 1857 ut
606 1790 751 1875 partibus
781 1774 946 1875 patefacta
976 1790 1096 1857 eisdem
1127 1788 1288 1877 significet
1314 1789 1444 1875 quinam
1467 1789 1512 1854 sit

313 1914 431 1984 'status
453 1916 649 2002 quaestionis
665 1936 707 1981 ex
722 1916 804 1983 actis
820 1921 854 1983 et
877 1915 1019 2001 probatis
1035 1914 1211 1992 haetenus;
1235 1934 1337 1999 qnare
1359 1913 1416 1980 illa
1431 1933 1511 2000 pars

327 2040 418 2105 cuius
441 2038 611 2105 intentioni
642 2039 808 2104 contraria
839 2044 889 2106 est
918 2039 1049 2109 decisio,
1071 2039 1228 2104 invitatur
1249 2037 1290 2104 ad
1312 2036 1428 2102 melius
1450 2035 1511 2102 de-

316 2148 483 2230 claranda
498 2162 587 2227 facta
611 2163 638 2227 si
653 2161 734 2229 alias
748 2160 835 2226 torte
853 2160 971 2227 habeat
989 2138 1199 2260 probationes
1213 2158 1429 2242 adducendas,
1445 2178 1511 2225 nec

326 2312 392 2357 non
415 2310 456 2356 aa
486 2288 710 2375 excipiendum
737 2290 895 2356 adversus
922 2287 1223 2376 interpretationem
1245 2288 1333 2354 iuris
1358 2289 1393 2353 in
1413 2286 1510 2369 facto

327 2418 540 2480 controverso
563 2431 584 2476 a
605 2410 760 2478 tribunali
789 2411 997 2497 propositam.
1035 2446 1054 2461 -
1091 2410 1176 2477 Hinc
1207 2409 1388 2476 huiusmodi
1417 2408 1510 2475 deci-

326 2537 432 2601 siones
448 2536 599 2603 dicuntur
614 2554 779 2602 asserere
796 2535 1071 2612 extraiudiciales,
1086 2554 1152 2600 non
1176 2533 1396 2601 recensendae
1418 2536 1511 2600 inter

326 2666 399 2727 aeta
415 2661 577 2728 iudicialia
591 2681 696 2746 neque
712 2659 912 2746 perficienda
934 2682 995 2747 per
1017 2681 1130 2727 manus
1154 2662 1271 2725 notarii
1286 2666 1343 2727 aut
1357 2661 1508 2725 actuarii.

415 2784 469 2851 75.
495 2784 707 2851 Nihilominus
729 2782 810 2849 adeo
833 2784 954 2850 decisio
974 2784 1090 2857 editur,
1108 2790 1144 2850 ut
1166 2784 1240 2850 dein
1255 2783 1295 2849 ad
1312 2785 1510 2849 sententiam
1541 2820 1549 2835 ·

327 2906 518 2973 deveniatur
534 2906 724 2973 iudicialem.
751 2908 864 2991 ltaque
880 2927 956 2991 pars
971 2908 1023 2973 cui
1039 2907 1160 2974 decisio
1183 2906 1283 2989 iavet,
1299 2908 1398 2972 instat
1420 2905 1508 2990 apud

327 3028 445 3095 Rotam
469 3034 621 3112 utquam
657 3030 767 3103 citius,
793 3029 826 3094 in
849 3028 914 3093 alia
947 3029 1097 3113 proxima
1129 3026 1310 3101 audientia,
1338 3025 1510 3092 decretum

327 3152 501 3224 emittatur,
526 3170 588 3236 quc
620 3150 758 3216 Ponenti
782 3149 954 3215 mandetur
985 3149 1144 3234 eoepediai
1172 3150 1375 3216 amentiam
1404 3148 1510 3215 dueta

327 3276 531 3343 decisionem
554 3276 625 3341 iarn
648 3276 784 3341 editam.
803 3310 821 3324 -
839 3276 966 3341 Verum
989 3277 1064 3360 quia
1087 3275 1217 3358 decisio,
1240 3282 1354 3362 suapte
1377 3278 1509 3356 natura,

326 3400 494 3467 subiicitur
510 3368 841 3465 animadversionibus
857 3399 944 3465 illius
959 3401 1071 3485 partis,
1085 3400 1137 3465 cui
1153 3398 1355 3473 contradicit,
1372 3396 1508 3463 hincab

327 3522 465 3589 adversa
488 3530 580 3609 parte
603 3522 770 3589 admoneri
785 3524 848 3589 ista
867 3522 972 3606 debet,
989 3528 1024 3589 ut
1037 3524 1122 3610 apud
1148 3525 1265 3589 Rotam
1288 3522 1426 3589 deducat
1447 3542 1511 3588 sua

327 3654 418 3727 iura,
443 3650 556 3734 quibus
579 3649 716 3717 intendit
738 3650 880 3736 probare
903 3651 950 3717 ad
972 3650 1156 3718 sententiae
1178 3648 1430 3733 eapediiioaem
1453 3647 1509 3715 de·

326 3773 531 3841 veniendum
545 3792 617 3841 aon
631 3793 703 3841 esse
726 3780 759 3841 et
781 3794 804 3840 a
827 3774 998 3842 decisione
1018 3774 1248 3841 recedendum
1270 3790 1352 3840 erse.
1369 3770 1441 3836 Hac
1456 3790 1509 3837 rn-

325 3899 414 3964 tione
430 3918 506 3984 pars
521 3900 574 3964 cui
589 3898 707 3965 decisio
724 3898 928 3972 adversatur,
945 3898 1116 3972 admonita,
1133 3897 1200 3962 adit
1217 3898 1396 3962 Ponentem
1412 3896 1509 3980 eique

327 4022 460 4105 exponit
470 4022 631 4085 rationum
643 4019 863 4093 fundamenta,
878 4019 992 4103 quibus
1006 4020 1156 4085 innititur
1167 4023 1324 4105 expetens
1336 4016 1508 4083 decisionis

325 4142 576 4207 revocationem.
602 4143 732 4207 Ponens
747 4142 830 4206 haec
855 4142 959 4210 refert
974 4142 1185 4209 Auditoribus
1202 4139 1508 4226 Corresponsalibus

326 4266 379 4349 qui
395 4285 555 4352 perpenso
571 4266 800 4353 allegationum
813 4266 958 4352 pondere
974 4266 1154 4334 decernunt
1164 4286 1208 4332 an
1222 4284 1314 4334 noea
1328 4264 1507 4331 audientia

326 4386 533 4455 concedenda
556 4388 610 4463 sit,
634 4388 688 4455 vel
710 4390 815 4475 potius
838 4409 882 4453 an
904 4389 947 4454 sit
968 4390 1061 4457 lomes
1083 4389 1293 4474 expeditioni
1314 4390 1505 4458 sententiae.
