3292 5109
520 275 564 323 DE
589 274 729 322 IUDIGIIS
751 272 1016 321 EOCLESIASTICIS
1289 253 1355 319 459

173 398 318 483 legitime
342 400 560 482 quaesitorum
583 404 615 464 et
638 418 680 464 ne
704 399 736 463 in
759 418 825 463 uua
855 395 1058 483 adimplenda
1088 395 1169 481 lege,
1195 396 1258 460 alia
1281 414 1354 480 pes·

174 523 350 589 sumdetur.

264 649 359 721 Sane,
373 668 446 714 eum
458 649 580 733 primis,
594 668 664 713 rem
676 645 916 712 beneficiariam
929 647 1012 732 quod
1024 648 1150 723 attinet,
1164 653 1292 712 cautum
1305 651 1355 713 est

173 774 207 837 in
230 774 302 838 iure
325 776 361 837 ut
384 769 542 838 beneficia
564 771 747 836 dividantur
767 790 823 837 seu
840 770 1134 843 dismembrentur,
1152 790 1225 835 cum
1242 770 1355 855 primis

174 899 378 984 parochialia
395 897 450 963 rel
465 898 668 983 episcopalia,
681 896 807 990 quando
823 898 952 962 utiliore
969 898 1093 961 ratione
1110 894 1354 960 necessitatibus

173 1021 276 1107 plebis
299 1022 497 1087 christianae
520 1022 715 1107 prospicitur
730 1023 756 1086 si
773 1041 816 1086 ex
832 1041 895 1086 uno
918 1020 981 1085 duo
997 1017 1076 1086 fiant
1099 1016 1272 1094 beneficia;
1297 1018 1353 1083 sed

172 1168 215 1212 ne
237 1146 321 1211 bene
344 1146 493 1213 ordinata
516 1148 549 1210 in
573 1147 664 1231 peius
688 1145 889 1232 redigantur,
906 1151 939 1212 et
962 1164 1024 1229 quo
1046 1146 1148 1230 magis
1168 1144 1356 1209 consulatur

174 1270 297 1337 iuribus
310 1270 471 1355 quaesitis,
485 1270 596 1355 plures
608 1267 830 1334 observandae
845 1273 923 1335 sunt
938 1267 1083 1333 cautelae
1096 1271 1128 1331 et
1141 1265 1355 1332 instituendae

174 1397 413 1480 inquisitiones;
437 1397 545 1481 prouti
568 1396 738 1459 innuamus
762 1394 851 1459 infra
873 1415 906 1460 n.
931 1392 1006 1460 359
1028 1393 1084 1479 (l).

264 1523 442 1589 Concilium
467 1520 689 1586 Tridentiuum
713 1521 804 1585 iussit
830 1519 1035 1604 parochiales
1059 1519 1223 1585 Ecclesias
1247 1517 1355 1583 confe-

174 1644 294 1711 rendas
316 1666 388 1711 esse
415 1647 549 1730 praevio
579 1663 756 1732 concursu;
782 1643 838 1709 sed
868 1644 958 1717 iude,
983 1664 1025 1708 ne
1056 1642 1222 1709 fraudibus
1249 1642 1355 1707 facilis

172 1772 359 1856 aperiretur
390 1771 510 1843 aditus,
536 1747 728 1836 constitutus
758 1770 818 1835 luit
849 1776 958 1835 certus
986 1769 1182 1855 procedendi
1212 1768 1291 1835 ordo
1320 1770 1354 1832 in

173 1914 335 1961 concursu
360 1895 547 1970 indicendo,
573 1897 605 1959 in
629 1895 764 1960 ferendo
788 1895 904 1962 iudicio
928 1896 1169 1981 approbationis
1200 1894 1354 1961 eandida-

171 2020 281 2080 torum
316 2022 348 2081 et
383 2018 416 2081 in
451 2016 599 2102 eligendo
634 2016 782 2102 digniore
816 2019 869 2081 cui
904 2018 1111 2082 conferretur
1143 2014 1353 2092 beneficium

172 2140 301 2206 demum
324 2144 356 2207 in
381 2140 588 2207 concedenda
611 2143 707 2206 venia
721 2142 953 2227 appellationis
969 2162 989 2207 a
1004 2142 1121 2207 iudicio
1144 2147 1211 2208 tum
1229 2143 1353 2207 exami-

172 2271 323 2330 natorum
347 2272 414 2331 tum
438 2266 599 2351 Episcopi.

263 2390 444 2454 Praeterea
455 2387 605 2474 Episcopi
622 2394 696 2454 sunt
711 2394 905 2457 executores
918 2390 984 2457 nati
1000 2390 1126 2475 piarum
1143 2390 1352 2462 voluntatum,

171 2511 230 2577 sed
246 2513 320 2596 quia
335 2511 513 2597 procedere
529 2512 647 2579 debent
663 2514 752 2596 quasi
768 2519 891 2579 tutores
909 2519 940 2578 et
955 2514 1099 2579 vindices
1115 2500 1289 2578 voluntatis
1302 2513 1354 2579 de·

171 2638 368 2723 functorum,
385 2640 438 2703 via
454 2638 595 2704 ineunda
617 2645 667 2703 est
681 2640 882 2704 executionis
898 2660 979 2723 quae
995 2642 1100 2706 amice
1116 2640 1266 2705 conciliet
1281 2640 1355 2705 iura

171 2772 241 2833 tum
264 2764 507 2835 defunctorum,
531 2768 599 2829 tum
623 2783 735 2828 eorum
760 2764 810 2828 cui
835 2762 919 2828 bona
946 2764 1103 2831 destinata
1126 2766 1268 2846 fuerunt,
1292 2785 1354 2831 nec

171 2910 238 2956 non
262 2890 344 2953 ratio
364 2888 493 2953 illor'um
517 2894 566 2954 est
588 2887 738 2953 habenda
753 2889 805 2972 qui
823 2889 944 2953 fortes
963 2894 1118 2956 testatore
1140 2890 1207 2954 dati
1232 2890 1355 2955 suerint

156 3010 250 3081 'suae
274 3016 448 3080 voluntatis
470 3018 674 3078 executores.
698 3012 747 3080 Cf.
772 3014 969 3100 Atleyotnne
992 3015 1020 3079 I.

262 3142 300 3204 In
324 3138 487 3225 erigendis
510 3136 676 3204 beneficiis
698 3139 831 3222 aliisque
855 3139 916 3224 piis
939 3138 1090 3224 operibus
1110 3140 1353 3215 constituendis,

170 3263 274 3353 veluti
295 3263 525 3336 sodalitatibus,
550 3262 777 3347 hospitalibus,
803 3260 969 3347 rogandae
992 3269 1066 3328 sunt
1090 3264 1218 3330 tabulae
1243 3264 1353 3332 lunda·

170 3390 278 3463 tionis,
302 3410 385 3474 quae
407 3389 574 3475 praeviam
606 3388 813 3474 expostulant
845 3387 1033 3474 diligentem
1056 3390 1295 3473 inquisitionem
1320 3390 1353 3454 in

170 3532 284 3577 rerum
307 3512 469 3593 adiuncta,
494 3516 526 3576 et
550 3508 677 3576 fidelem
701 3511 925 3576 executionem
949 3511 1090 3597 plurium
1113 3517 1269 3577 actorum.

168 3762 369 3831 hypothecaria
385 3790 403 3799 -
422 3760 462 3814 De
481 3760 635 3812 rationibus
653 3759 808 3812 reddendis
826 3787 843 3796 -
862 3758 905 3810 De
923 3758 1046 3812 cessione
1060 3758 1195 3811 bonorum
1207 3788 1225 3795 -
1238 3758 1280 3811 De
1292 3775 1354 3813 snc-

169 3867 340 3921 cessionibus
363 3866 542 3919 hereditariis
566 3864 728 3935 nperiendis
748 3894 766 3901 -
785 3864 828 3918 De
854 3864 1016 3917 hereditatis
1039 3864 1246 3917 renuntiatione
1269 3894 1287 3903 -
1311 3864 1354 3919 De

169 3975 284 4047 familie
301 3974 488 4028 herciscunda
499 4004 517 4013 -
529 3973 571 4027 De
590 3974 682 4026 causis
701 3989 771 4042 quoe
789 3971 943 4041 respiciunt
961 3980 1065 4025 statum
1079 3986 1269 4042 personarum
1281 4002 1298 4011 -
1312 3973 1354 4027 De

168 4079 365 4132 irnerdictione
382 4079 416 4131 ob
434 4080 533 4129 vitium
551 4078 652 4130 mentis
663 4107 681 4114 -
695 4077 736 4129 De
752 4076 917 4130 executione
934 4077 1093 4144 pretiorum
1112 4076 1253 4147 Principis
1266 4080 1320 4132 etc.
1336 4108 1353 4118 -

168 4182 241 4238 Item
260 4184 290 4237 in
307 4182 372 4237 Cod.
386 4181 485 4236 italico
503 4210 517 4223 ·
536 4182 580 4236 De
596 4197 730 4251 processu
749 4182 828 4236 civiti
841 4208 854 4222 ·
875 4181 902 4234 in
922 4180 970 4234 lib.
991 4180 1027 4235 Ill
1047 4183 1154 4251 agitur:
1175 4200 1191 4233 c
1205 4183 1248 4236 De
1265 4184 1354 4237 uariis

168 4288 341 4358 specialibus
357 4287 534 4358 procedendi
551 4287 707 4341 rationibus
718 4300 743 4342 u.

261 4394 301 4463 (l)
315 4393 347 4448 ln
358 4391 641 4463 spumando-Acta
652 4394 678 4446 S.
690 4394 769 4447 Sedis
779 4422 793 4435 ·
803 4394 838 4447 ci.
849 4394 1000 4464 Appendin
1012 4392 1057 4458 VI,
1068 4391 1097 4447 in
1108 4394 1163 4447 eoi.
1175 4391 1232 4459 111,
1239 4411 1268 4464 p.
1280 4392 1352 4449 396.
