3292 5109
501 330 546 377 nr
570 329 710 379 memus
733 328 1000 379 nocnnsmsrrcm
1296 309 1342 375 37

161 452 222 519 iste
245 456 312 520 Vir
333 454 553 541 conqueritur.
576 453 638 521 Sed
661 453 763 520 moles
786 454 990 541 negotiorum
1005 458 1038 520 et
1054 456 1136 519 ratio
1158 459 1342 541 temporum

160 576 264 662 magis
289 578 322 642 in
344 577 414 644 dies
434 597 455 643 a
478 578 681 664 simplicitate
712 594 839 643 morum
869 578 977 644 aliena
999 597 1065 643 non
1087 576 1227 659 sinebat,
1252 578 1342 643 Pon·

159 696 263 766 tilices
287 701 380 789 large
399 704 445 768 uti
462 700 610 768 subsidiis
634 720 712 767 suae
735 701 943 787 benignitatis
958 706 991 767 et
1013 700 1214 776 clementiae,
1238 721 1341 787 quare

157 844 336 913 progressu
359 836 539 913 temporum
562 828 803 912 infrequentior
825 829 931 895 iactus
954 835 1004 895 est
1027 834 1205 894 conventus
1228 828 1341 914 Signa·

156 953 253 1014 turae
278 950 429 1027 Gratiae;
454 957 487 1017 et
516 950 676 1016 hodierno
705 955 855 1037 tempore
883 951 1012 1038 penitus
1038 952 1071 1016 in
1095 950 1340 1018 desuetudinem

153 1074 244 1149 abiit,
267 1076 308 1142 de
333 1097 434 1163 eaque
457 1097 562 1162 neque
588 1080 622 1144 in
649 1078 758 1145 citatis
781 1077 945 1145 codicibus
969 1097 1072 1163 neque
1095 1080 1127 1143 in
1152 1078 1340 1144 hierarchia

155 1202 270 1267 curiae
294 1204 464 1288 vestigium
487 1201 615 1286 aliquod
646 1201 784 1286 emplius
816 1204 990 1289 reperitur.
1015 1204 1212 1268 Novissimus
1242 1202 1340 1270 huius

154 1326 354 1412 Signatume
386 1327 578 1393 Praefectus
609 1326 778 1412 deputatus
801 1326 905 1393 suita
928 1327 1088 1413 Gregorio
1110 1327 1205 1401 XVI,
1230 1327 1339 1393 Cardi-

156 1448 238 1514 nalis
271 1448 382 1515 Tiberi
415 1450 580 1523 Reatinus,
606 1450 660 1532 qui
685 1449 751 1516 vita
773 1449 905 1516 iunctus
927 1449 979 1516 29
1004 1448 1070 1516 Oct.
1088 1448 1189 1524 1839,
1215 1450 1338 1516 nullum

152 1574 253 1639 alium
278 1572 392 1639 habuit
414 1594 644 1641 successorem.
850 1554 855 1586 ³

244 1700 418 1767 Gratiosae
445 1704 552 1765 autem
575 1699 810 1770 concessiones,
833 1716 915 1783 quae
938 1698 1111 1765 deliberem
1135 1700 1282 1768 solebant
1304 1704 1338 1769 in

153 1820 336 1908 Signatura
358 1822 500 1893 Gratiae,
516 1820 612 1886 hodie
639 1822 794 1887 remissae
817 1825 892 1886 suut
914 1821 1074 1887 consultui
1099 1823 1129 1888 S.
1154 1822 1339 1911 congrega-

152 1944 278 2010 tionum
303 1950 337 2009 et
360 1946 533 2030 praecipue
557 1943 825 2029 congregationis
848 1941 999 2020 Concilii3
1016 1927 1142 2031 gratiae
1165 1967 1246 2013 vero
1268 1967 1340 2013 ma·

154 2066 231 2133 ioris
256 2067 413 2134 momenti
435 2086 500 2132 non
524 2065 747 2133 conceduntur
769 2068 830 2132 nisi
845 2066 937 2150 sacto
961 2066 1061 2136 verbo
1084 2090 1162 2136 cum
1178 2062 1287 2138 samo
1306 2075 1341 2138 et

152 2195 229 2257 tunc
254 2193 288 2255 in
315 2192 525 2276 responsione
555 2193 624 2257 sive
654 2188 849 2257 affirmativa
871 2193 940 2257 sive
963 2196 1114 2280 negativa
1144 2197 1340 2264 rescribitur

92 2350 96 2356 ·
150 2334 198 2381 em
219 2314 411 2381 Audientia
434 2313 544 2383 SSmi.
