3292 5109
518 316 563 365 na
586 316 725 365 rnorcus
749 317 1015 366 accnrsmsrrcrs
1289 302 1356 367 437

168 437 313 505 tribunal
335 438 582 512 matrimoniale,
605 457 645 503 ea
668 438 701 503 in
725 457 807 521 quae
838 438 1043 505 decernenda
1072 440 1245 523 consensit,
1271 442 1355 525 Epi·

168 580 279 648 scopo,
303 560 462 627 adiunctis
483 562 646 626 rationum
668 562 847 635 momentis,
864 560 1026 639 subiiciet;
1050 563 1103 647 qui
1128 562 1255 647 quando
1279 584 1356 629 sen·

169 685 305 751 tentiam
328 683 497 749 serendam
519 683 607 749 haud
630 682 830 754 sufficienter
857 684 1023 751 fundatam
1045 706 1117 753 esse
1141 692 1282 770 censeat,
1299 689 1357 755 tri·

169 809 280 876 bunali
295 811 522 876 matrimoniali
538 812 686 898 iniungat
700 816 736 877 ut
751 813 1011 878 circumstantias
1023 813 1063 879 ab
1079 814 1148 898 ipso
1165 812 1355 879 indicandas

166 933 276 999 denuo
299 939 426 1001 mature
448 934 628 1020 perpendat
643 938 676 999 et
691 934 731 999 de
751 935 1021 1001 consultationum
1045 930 1161 1001 effectu
1185 935 1226 1001 ad
1249 937 1354 1022 ipsum

168 1059 348 1127 referat».
374 1062 531 1126 Nimirum
554 1062 588 1125 in
620 1059 725 1125 causis
748 1060 1040 1127 matrimonialibus
1072 1066 1103 1127 ei
1131 1062 1354 1127 criminalibus

166 1184 210 1251 ad
238 1205 317 1269 quas
340 1187 403 1250 rite
426 1185 667 1271 cognoscendas
690 1190 835 1271 praestat
858 1186 1001 1251 tribunal
1028 1187 1226 1252 constituere
1257 1186 1353 1253 colle

170 1313 267 1398 giale,
290 1314 469 1399 Episcopus
492 1312 551 1377 sibi
575 1311 759 1377 reservabit
781 1314 960 1379 sententiae
983 1311 1245 1400 approbationem
1269 1313 1352 1381 adeo

167 1442 206 1504 ut
232 1438 340 1522 aliqua
371 1439 496 1504 ratione
519 1438 602 1503 haec
626 1438 786 1503 sententia
808 1438 959 1524 Episcopi
983 1437 1046 1504 dici
1070 1437 1187 1505 valeat.
1214 1473 1232 1486 -
1258 1415 1353 1505 Hanc

167 1563 298 1646 praxim
320 1561 461 1627 inculcat
483 1561 579 1625 etiam
600 1560 777 1625 Instructio
801 1559 834 1626 S.
858 1559 893 1627 C.
919 1560 949 1627 S.
976 1557 1080 1627 Officii
1098 1561 1166 1627 diei
1190 1561 1241 1627 20
1271 1560 1349 1628 Iura.

168 1684 261 1751 1883
284 1686 327 1751 de
350 1684 462 1751 causis
484 1689 565 1750 mat.
588 1684 630 1749 ad
654 1684 734 1769 Epp.
761 1683 947 1750 Orientales
969 1705 1003 1749 n.
1028 1684 1080 1749 22
1107 1689 1138 1750 et
1158 1673 1231 1767 24;
1247 1691 1280 1751 et
1302 1687 1353 1752 ln·

164 1807 304 1870 structio
329 1805 360 1871 S.
385 1805 485 1891 (long.
509 1804 549 1869 de
574 1804 670 1889 Prop.
696 1802 777 1869 Fide
798 1824 828 1868 a.
848 1804 941 1888 ,1883
958 1804 999 1871 de
1014 1804 1136 1871 iisdem
1155 1824 1251 1872 caus.
1267 1812 1349 1873 orat.

164 1954 202 1999 a.
218 1933 277 2009 26,
294 1934 368 2017 quia
392 1934 581 2019 permittunt
603 1929 674 1997 lieri
696 1930 913 2018 delegationes
930 1933 977 1998 ad
1000 1920 1210 2017 conficienda
1232 1933 1352 2001 emnia

164 2061 247 2123 ceta
271 2074 456 2141 processus;
479 2054 536 2121 sed
559 2056 751 2122 senteutiam
773 2054 825 2120 edi
849 2075 913 2121 uon
936 2057 1054 2129 sinunt,
1072 2057 1148 2139 quin
1169 2055 1251 2121 haec
1275 2056 1351 2123 sub·

165 2179 267 2244 missa
289 2178 331 2242 sit
353 2177 493 2242 examini
510 2178 731 2242 consultorum
755 2196 811 2242 seu
835 2179 1013 2262 peritorum
1029 2182 1062 2242 et
1078 2177 1156 2243 binc
1171 2177 1350 2264 approbata

163 2324 188 2368 a
210 2304 302 2368 curia
325 2303 517 2387 Episcopali.
541 2303 652 2377 Quare
675 2302 802 2396 exinde,
826 2302 1000 2389 appellatio
1023 2324 1089 2369 non
1112 2304 1293 2371 admittitur
1307 2305 1348 2371 ad

165 2428 271 2513 ipsum
295 2428 498 2513 Episcopum,
523 2426 579 2491 sed
602 2425 642 2491 ad
666 2425 801 2491 iudicem
828 2426 1034 2511 Superiorem
1061 2425 1117 2513 (l).

256 2550 290 2639 4)
314 2552 385 2617 Non
408 2570 486 2616 raro
508 2548 544 2616 fit
567 2556 602 2616 ut
626 2550 774 2636 Episcopi
798 2570 818 2615 a
842 2550 873 2617 S.
899 2550 981 2617 Sede
1004 2556 1189 2619 commissas
1204 2552 1346 2621 habeant

162 2698 281 2743 causas
309 2676 562 2743 matrimoniales
596 2674 838 2761 cognoscendas
869 2680 902 2741 et
931 2675 1127 2743 iudicandas.
1165 2677 1347 2763 Aliquando

162 2804 252 2868 enim
283 2803 452 2887 graviores
482 2803 624 2866 rationes
651 2800 796 2882 suadent,
820 2806 856 2866 ut
883 2819 981 2867 causa
1005 2802 1161 2885 quaedam
1185 2805 1347 2869 matrimo

165 2927 260 2992 nialis
282 2931 439 2992 avocetur
460 2944 481 2989 a
503 2924 608 2991 iudice
625 2923 809 3006 Ordinario,
827 2930 938 3010 utputa
955 2925 1007 2989 vel
1026 2926 1066 2989 ad
1083 2926 1235 2991 evitanda
1257 2946 1348 2992 scau·

161 3054 240 3120 dala
261 3054 315 3120 vel
338 3054 413 3137 quia
435 3053 494 3138 ipsi
517 3050 749 3117 contendentes
772 3052 997 3117 avocationem
1022 3053 1193 3137 potierant,
1211 3071 1250 3117 eo
1273 3073 1349 3119 con·

161 3179 237 3243 silio
259 3184 296 3244 ut
318 3156 392 3243 dein
411 3176 630 3241 committatur
644 3194 702 3239 seu
718 3174 887 3260 delegetur
902 3176 1028 3241 cuidam
1044 3176 1139 3242 alteri
1155 3176 1341 3253 Ordinari0‚

164 3298 268 3383 magis
297 3295 413 3361 idoneo
439 3316 499 3381 pro
523 3314 633 3360 rerum
664 3294 824 3360 adiunctis
847 3300 881 3361 et
904 3308 1126 3383 personarum.
1154 3296 1347 3372 -Quotidie

165 3436 245 3483 vero
267 3417 403 3503 acong.
424 3417 559 3483 Concilii
574 3418 766 3503 delegantur
789 3437 960 3504 processus
981 3418 1160 3483 instruendi
1185 3420 1217 3484 in
1241 3422 1348 3489 causis

161 3542 437 3627 dispensationum
460 3543 654 3608 matrimonii
679 3543 741 3607 rati
765 3548 798 3607 et
820 3562 886 3607 non
909 3544 1131 3609 consummati.

255 3665 431 3740 Quaeritur
449 3666 565 3749 primo
580 3685 623 3731 an
640 3666 699 3731 has
716 3684 830 3752 causas
854 3666 965 3731 videre
989 3668 1089 3751 possit
1104 3673 1161 3733 aut
1183 3668 1348 3735 instruere

254 3894 292 3965 (l)
312 3894 418 3949 Tamen
436 3912 471 3950 ex
489 3896 550 3951 iure
569 3895 732 3965 particulari
750 3898 781 3951 in
800 3896 925 3951 Ecclesia
944 3897 1083 3951 Orientali
1102 3899 1192 3969 prima
1210 3898 1347 3955 instantia

159 4000 250 4055 etiam
268 4001 297 4054 in
315 4002 407 4054 mosis
425 4002 677 4056 matrimonialibus
702 4007 745 4057 est
769 4004 893 4059 tribunal
919 4004 1079 4075 delegatum
1104 4006 1305 4076 Protopapale,
1330 4023 1347 4060 a

159 4121 228 4175 quo,
247 4110 278 4159 ut
299 4106 386 4161 tradit
403 4106 507 4161 concil.
534 4108 660 4162 Provinc.
685 4108 759 4162 Alba
777 4108 827 4163 Iul.
847 4112 884 4177 (a.
905 4111 993 4179 1872,
1009 4130 1039 4182 p.
1060 4112 1137 4183 182).
1162 4126 1180 4168 tt
1207 4112 1347 4183 Appella-

160 4214 250 4267 tiones
262 4212 301 4266 ad
315 4212 416 4267 Sedem
435 4213 632 4284 Episcopalem
643 4217 724 4285 fiunt,
742 4217 822 4270 iuxta
841 4218 912 4272 iuris
931 4221 1056 4273 axioma:
1069 4236 1086 4273 α
1098 4220 1229 4291 delepcto
1247 4220 1278 4290 fit
1291 4238 1345 4292 ap-

158 4317 279 4387 pellatio
298 4320 336 4373 ad
354 4318 531 4389 delepantem
549 4334 575 4376 »0
594 4318 635 4374 Ct.
661 4320 696 4375 cl.
715 4321 746 4376 P.
766 4320 856 4377 Veron
876 4322 902 4375 S.
921 4322 941 4377 Ι.
961 4334 1054 4379 votum
1074 4326 1102 4380 in
1119 4326 1256 4381 Par-isica.
1275 4338 1343 4382 mat.

159 4420 236 4493 apuu
254 4422 284 4477 c.
304 4422 333 4478 c.
352 4424 597 4497 crescatque
615 4427 706 4483 1898.
1418 4410 1420 4417 ⁴
