3292 5109
497 245 540 291 na
564 244 703 293 inruens
727 246 993 295 aconastasrrcts
1268 230 1333 296 287

245 368 321 434 236.
347 370 453 455 Usque
475 370 515 436 ad
539 372 701 437 saeculum
718 392 754 437 ιιι
771 380 805 437 et
820 392 871 438 nn
888 375 990 439 maior
1013 394 1091 439 cura
1113 376 1335 441 cancellariae

156 498 229 558 erat
258 494 413 579 expedire
440 496 567 561 litteras
595 504 628 563 et
658 496 834 583 diplomata
862 496 1025 584 pontificia
1048 520 1107 584 pro
1130 499 1334 585 expeditione

157 620 342 701 graviorum
366 622 568 706 negotiorum
592 624 722 705 quaein
741 624 937 689 Consistorio
959 630 995 689 ut
1018 624 1189 709 plurimum
1213 624 1333 690 delibe-

158 742 322 809 rabantur.
359 747 402 810 At
425 746 554 810 saeculo
578 764 644 811 ιιιιι
668 751 701 813 et
723 764 795 817 xiv,
820 746 879 811 sub
903 746 981 811 illud
1011 753 1136 833 tempus
1159 752 1333 834 praecipue

155 882 217 944 quo
241 864 410 928 Avenione
441 864 533 928 curia
565 884 644 929 rom.
678 864 841 929 residebat
871 872 1050 951 coeperunt
1075 887 1095 931 a
1123 866 1332 934 Pontificibus

154 986 225 1053 fieri
261 990 516 1075 quamplurimae
550 988 780 1055 beneficiorum
818 994 1071 1073 reservamus,
1102 994 1148 1057 ita
1182 999 1216 1058 ut
1249 1014 1332 1079 pene

154 1114 261 1177 omnia
280 1112 446 1193 beneficia,
463 1134 535 1180 cum
553 1116 664 1199 primis
681 1118 814 1187 maiora,
832 1117 865 1180 in
880 1118 973 1181 curia
996 1118 1139 1182 conferri
1163 1117 1329 1183 deberent.

156 1236 240 1300 Hinc
268 1218 489 1302 cancellariae
519 1240 649 1325 negotia
678 1238 778 1303 ueluti
810 1240 844 1303 in
879 1236 1036 1303 inlinitum
1071 1238 1208 1304 adaucta
1239 1246 1328 1312 sunt,

152 1357 267 1441 quibus
283 1362 315 1423 in
336 1359 544 1445 expediendis
568 1366 604 1425 ut
627 1366 736 1426 certus
759 1361 839 1425 ordo
862 1367 1052 1426 seruaretur
1076 1364 1213 1428 loannes
1228 1364 1328 1429 XXll

151 1504 326 1569 aggressus
351 1490 399 1551 est
422 1491 530 1551 certas
553 1488 752 1553 constituere
776 1488 907 1573 regulas
932 1488 1164 1558 cancellariae,
1183 1488 1331 1553 determi-

153 1616 268 1675 nantes
292 1612 386 1677 huius
402 1610 508 1677 Officii
530 1614 777 1698 competentiam
794 1616 828 1677 et
842 1612 1036 1700 procedendi
1054 1613 1192 1679 modum.
1212 1614 1265 1679 Ex
1280 1635 1329 1679 re·
1385 1652 1392 1667 ·

150 1735 236 1819 gulis
251 1735 473 1803 Cancellariae
497 1736 670 1803 conflatum
686 1738 747 1803 luit
762 1738 816 1803 ius
839 1758 1018 1805 coattmune
1040 1737 1095 1803 sed
1120 1758 1183 1802 non
1203 1757 1328 1821 perpe-

152 1868 257 1937 tuum,
284 1864 330 1929 uti
355 1864 387 1927 in
412 1864 491 1928 lust.
516 1864 601 1928 Iuris
624 1862 702 1929 Can.
727 1863 922 1948 explicatum
947 1866 998 1928 cui
1022 1865 1214 1929 inritamen
1242 1861 1327 1929 Ooo-

149 1986 294 2053 cordalu
317 1986 586 2072 quamplurimum
610 1986 817 2072 derogarunt.
844 2023 862 2034 -
887 1987 972 2053 Sane
995 1987 1035 2052 ob
1058 1987 1326 2073 dispensationes,

150 2109 249 2175 ueluti
274 2107 314 2173 ab
337 2109 571 2194 impedimentis
598 2108 897 2191 matrimonialibus,
919 2115 1043 2175 tantum
1067 2131 1086 2175 a
1109 2112 1199 2195 Papa
1222 2110 1326 2177 indul·

148 2233 281 2319 gendes,
306 2234 345 2299 ob
370 2234 610 2299 reservationes
633 2234 758 2299 clausas
781 2236 975 2317 incorpore
998 2235 1090 2310 luris
1108 2236 1271 2302 Canania-t
1294 2242 1327 2301 et

147 2450 192 2501 cit.
207 2448 267 2501 Vae.
281 2448 467 2513 Caracallum,
477 2448 523 2518 qui
537 2446 631 2517 plures
644 2449 729 2502 refert
742 2448 905 2513 sententias,
913 2447 961 2502 sed
972 2449 1016 2503 rel
1026 2453 1092 2503 sunt
1104 2450 1217 2525 omnino
1229 2450 1326 2505 futiles

148 2549 194 2604 rel
204 2552 365 2621 conspirant
377 2551 411 2605 ad
425 2550 593 2620 probandam
606 2554 774 2607 sententiam
787 2570 803 2605 a
817 2553 897 2605 nobis
907 2552 1069 2621 expositam.
1083 2553 1125 2605 lta
1134 2553 1326 2619 blallinckret,

148 2657 191 2709 De
204 2656 494 2711 Arcbicaocellieratu
510 2658 534 2710 S.
550 2656 582 2709 lt.
597 2656 668 2727 Imp.
687 2663 783 2710 narrat
802 2643 1006 2711 Caracallarium
1020 2656 1046 2709 S.
1061 2656 1092 2709 R.
1108 2656 1138 2708 E.
1151 2673 1252 2712 nomen
1271 2659 1323 2712 sibi

146 2761 302 2816 uindicasse
321 2761 551 2817 vicecancellarii
571 2762 605 2815 ad
623 2760 795 2829 effugiendas
813 2762 931 2815 invidias
955 2763 1069 2833 quasin
1090 2761 1191 2831 populo
1210 2779 1324 2817 romano

146 2867 321 2921 excitaverat
339 2866 529 2921 Cancellarius
548 2866 574 2919 S.
590 2866 667 2921 Rom.
682 2866 749 2936 lmp.
767 2896 801 2909 -
821 2866 874 2921 Sed
894 2866 946 2920 hoc
964 2870 1068 2921 tactum
1088 2867 1177 2934 docet,
1196 2869 1323 2924 Vicecon·

144 2970 262 3025 cattam·
279 2969 496 3041 appellationem
514 2971 677 3041 iampridem
696 2971 855 3041 adoptatum
875 2973 960 3025 luisse
978 2972 1012 3025 ad
1030 2971 1252 3041 significandum,
1270 2971 1323 3027 hoc

146 3078 273 3131 Officium
292 3076 442 3149 aliquande
464 3077 585 3134 obtineri
610 3094 665 3132 non
685 3080 829 3133 ordinario
849 3080 944 3146 titulo,
962 3081 1013 3133 sed
1031 3080 1259 3133 extraordinario
1276 3097 1322 3133 rn-

144 3188 227 3240 tiooe.
247 3185 288 3239 ct.
307 3184 417 3251 Gemez,
439 3186 541 3241 Comm.
560 3188 598 3240 ad
615 3188 733 3256 repulus
755 3186 965 3253 (taceturne
983 3186 1051 3242 item
1071 3187 1194 3255 Riganti‚
1215 3189 1260 3242 Ad
1277 3205 1322 3242 re·

143 3296 230 3361 ,aulas
251 3294 460 3363 Cancellariee,·
479 3298 508 3351 et
526 3296 674 3364 ciampini,
693 3296 735 3350 De
756 3296 782 3349 S.
794 3296 828 3349 tt.
842 3295 875 3348 E.
890 3297 1134 3351 vicecancellarto.
1154 3326 1187 3339 -
1207 3295 1323 3353 Cancel-

145 3395 232 3449 larius
254 3396 301 3467 qui
324 3398 479 3467 antiquitus
498 3402 559 3452 erat
578 3398 661 3453 etiam
683 3396 931 3463 bibliothecarius,
950 3396 1130 3465 scriniarius,
1150 3398 1322 3453 secretarius

143 3501 171 3553 S.
186 3501 220 3555 R.
238 3500 269 3553 E.
289 3504 332 3554 est
350 3500 438 3557 veluti
458 3502 590 3556 Notarius
609 3502 635 3555 S.
655 3502 689 3555 R.
709 3502 738 3555 Ε.
758 3505 788 3556 et
805 3501 967 3555 Consistorii
987 3500 1183 3556 Cardinalium.
1202 3533 1238 3545 -
1256 3504 1322 3559 lnde

145 3612 223 3676 patet
242 3607 315 3661 ratio
334 3606 466 3663 historica
485 3610 520 3663 eb
539 3626 621 3680 quam
636 3622 655 3663 tt
670 3612 700 3661 in
719 3608 805 3662 Rotae
825 3610 973 3661 Auditorio
991 3610 1043 3662 iste
1064 3609 1223 3663 cardinalis
1244 3611 1321 3665 l'ice-

142 3718 333 3773 concellanea
353 3720 581 3790 quantulumlibet
599 3719 692 3772 solum
709 3719 879 3773 habitualem
898 3736 931 3771 ac
948 3729 1085 3772 remotum
1100 3721 1320 3789 praesidentiam

141 3827 247 3879 babere
265 3826 378 3879 videtur
390 3842 408 3880 a
421 3824 473 3896 (ait
493 3824 532 3879 De
545 3825 629 3891 Luca,
649 3841 692 3895 op.
707 3826 751 3879 cit.
765 3825 840 3879 Disc.
856 3825 893 3889 X,
910 3842 937 3876 o.
951 3824 1007 3894 14).
1026 3823 1167 3895 Siquidem
1183 3842 1238 3895 qua
1250 3826 1322 3879 Con·

143 3931 248 3987 sisterii
273 3932 406 3986 Notarius
434 3948 483 3987 seu
508 3933 657 3987 Actuarius
676 3932 704 3985 iu
730 3931 821 3985 causis
847 3936 931 3984 autea
954 3929 1070 3999 agitatis
1087 3930 1116 3984 in
1135 3930 1320 3996 consistorio,
1395 3973 1397 3976 .

143 4046 240 4109 postea
251 4040 281 4094 in
295 4040 369 4094 Rota
387 4040 571 4094 necessariam
591 4037 690 4093 babuit
708 4042 823 4109 partem.
843 4015 1026 4099 Quamobrem
1045 4037 1158 4108 aliquod
1176 4055 1320 4107 superesse

141 4147 238 4202 debuit
262 4146 412 4216 vestigium
437 4146 514 4200 illius
538 4145 642 4201 ueteris
669 4144 887 4207 coniunctionis;
909 4148 938 4197 et
960 4160 1045 4214 quum
1067 4143 1258 4198 Cancellarius
1284 4144 1317 4197 ad

141 4258 199 4308 tam
218 4252 358 4309 excelsam
377 4254 541 4324 dignitatem
561 4251 735 4323 pervenerit,
753 4267 907 4320 congruum
927 4255 988 4306 erut
1007 4256 1039 4303 ut
1057 4250 1082 4305 ei
1102 4251 1318 4315 attribueretur,

140 4358 254 4413 bettom's
271 4359 373 4430 qratia,
393 4356 475 4411 btrius
493 4356 642 4413 tribunalis
660 4358 848 4413 Praefectura.
1196 4359 1199 4364 '
