3292 5109
507 300 550 346 uu
574 298 714 347 mnrcns
738 289 1004 346 nocnssmsmcm
1285 280 1349 346 185

258 424 333 489 158.
360 422 488 507 Aliquid
511 424 681 509 specialius
702 423 902 489 innuendum
926 427 975 489 est
1003 421 1042 487 de
1070 422 1293 489 cardinalibus
1317 428 1350 490 et

164 546 357 613 officialibus
380 550 465 615 hanc
482 549 773 636 congregationem
799 548 1072 636 componentibus.
1090 550 1158 613 lam
1174 569 1194 613 a
1211 549 1272 614 Pio
1287 548 1347 631 1v,

165 670 318 749 a.1565,
337 676 408 737 octo
424 672 585 755 prioribus
602 671 825 739 cardinalibus
846 671 901 736 alii
918 655 1068 756 quottlor
1084 669 1183 734 additi
1206 669 1347 751 fuerunt

164 816 206 861 eo
222 796 367 870 consilio,
384 800 420 860 ut
435 815 494 881 pro
511 794 657 861 faciliore
681 797 885 881 negotiorum
908 794 1112 881 expeditione
1135 799 1284 879 quotuor
1306 813 1349 857 ex

166 919 392 986 Cardinalibus
415 920 616 1004 frequentius
640 922 854 986 convenirent
885 921 920 984 in
951 919 1179 1003 particularem
1210 938 1349 1003 congre·

164 1047 331 1131 gatiouem
354 1044 393 1109 ad
418 1045 545 1108 minora
568 1014 698 1131 negotia
721 1041 913 1109 delinienda.
932 1044 1024 1107 Haec
1046 1041 1132 1108 dicta
1154 1042 1215 1107 fuit
1233 1060 1350 1124 porra

164 1168 398 1255 congregatio.
424 1168 543 1233 Postea
565 1166 748 1235 introducto
771 1186 906 1232 munere
928 1165 1092 1230 Praefecti
1117 1170 1150 1231 et
1173 1164 1348 1231 Secretarii

166 1293 200 1355 in
226 1289 467 1356 desuetudinem
488 1289 567 1355 abiit
585 1309 699 1372 porro
723 1295 862 1373 quatuor
886 1287 1104 1353 cardinalium
1128 1288 1346 1373 congregatio,

163 1414 223 1478 oui
245 1418 473 1479 successerunt
496 1432 706 1499 conpressus.
725 1411 786 1479 Sed
803 1412 921 1479 exinde
936 1420 1064 1479 auctum
1082 1417 1131 1477 est
1147 1413 1349 1497 negotiorum

166 1536 304 1624 pondus,
329 1557 431 1622 quare
446 1534 651 1604 Secretarius
673 1539 810 1603 alterum
836 1538 1016 1603 adiutorem
1040 1537 1152 1602 habuit
1175 1538 1208 1601 in
1232 1535 1349 1603 Subse-

164 1660 316 1727 cretario
340 1668 373 1725 et
396 1659 535 1725 alterum
558 1659 617 1723 sibi
641 1659 803 1746 delegavit
826 1661 859 1723 in
876 1660 1051 1726 Auditore.
1075 1658 1216 1724 Primus
1238 1658 1349 1724 Secre-

164 1790 287 1853 tarium
311 1786 441 1852 adiurat
470 1786 616 1851 omnibus
648 1788 682 1851 in
713 1788 852 1872 negotiis
883 1788 916 1850 in
947 1806 1131 1872 conpressu
1157 1786 1348 1870 praesertim

164 1912 396 1997 expediendis;
420 1912 605 1994 samnitas,
630 1914 771 1978 maxime
803 1914 842 1978 in
870 1911 1086 1979 iudicialibus
1116 1932 1198 1996 quae
1227 1911 1348 1977 deterri

164 2036 287 2101 debent
310 2036 350 2101 ad
371 2038 511 2119 plenam
546 2039 855 2124 conprepotionem.
889 2038 975 2103 Hinc
1005 2038 1135 2101 nomine
1166 2036 1342 2102 Secretarii

165 2159 280 2225 facere
304 2159 386 2225 solet
408 2160 585 2225 relationes
607 2161 644 2225 in
666 2161 749 2244 sotto
774 2182 945 2226 causarum
973 2159 1264 2247 proponendarum
1288 2160 1348 2225 has

164 2285 357 2351 instruendo
381 2284 582 2353 documentis
602 2285 687 2369 facti
710 2292 743 2352 et
766 2287 853 2355 iuris
875 2287 999 2351 haustis
1030 2306 1073 2351 ex
1103 2284 1348 2371 allegationibus

165 2409 363 2495 litigantium
388 2414 420 2474 et
443 2409 683 2490 advocatorum.
709 2410 844 2485 Quando
867 2404 947 2475 vero
970 2412 1087 2475 desunt
1117 2412 1198 2477 iuris
1227 2410 1349 2497 allega·

165 2532 282 2603 tiones.
308 2550 353 2597 ecc
376 2532 485 2618 officio
509 2552 563 2597 eas
587 2534 721 2618 supplet,
746 2554 788 2599 ne
812 2534 1000 2601 indefensae
1022 2540 1132 2618 partes
1156 2533 1347 2606 iudicentur.

167 2657 223 2720 vel
240 2676 282 2722 ue
297 2659 502 2741 quaestiones
525 2660 603 2724 iuris
626 2661 821 2725 inconcinne
846 2665 1078 2746 proponantur.
1098 2660 1182 2723 luris
1207 2660 1347 2723 rationes

165 2778 329 2864 depromit
348 2782 553 2862 praesertim
578 2802 620 2845 ex
643 2780 715 2845 aliis
739 2781 770 2847 S.
789 2782 1055 2867 Congregationis
1079 2779 1293 2845 decisionibus
1316 2782 1349 2844 iu

166 2901 283 2967 eadem
299 2903 351 2967 vel
368 2902 439 2969 fere
455 2904 550 2969 simili
574 2905 760 2989 quaestione
785 2904 887 2970 editis.
914 2904 1074 2989 Siquidem
1098 2903 1350 2989 iurisprudentia

167 3024 265 3089 buius
290 3026 321 3091 S.
344 3026 619 3113 Congregationis
644 3027 794 3094 videlicet
817 3029 1006 3114 complexus
1029 3030 1242 3101 Decisiouum,
1267 3047 1350 3113 quae

168 3152 255 3216 latae
286 3158 360 3217 sunt
390 3152 430 3217 ad
463 3151 688 3238 explicandam
719 3159 860 3219 mentem
892 3154 1007 3241 synodi
1036 3154 1261 3238 Tridentinae,
1285 3156 1348 3220 iam

166 3277 368 3342 constituunt
392 3274 523 3343 celebre
545 3278 625 3341 iuris
653 3283 905 3343 monumentum.

261 3396 335 3462 159.
353 3397 542 3463 Huiusmodi
559 3396 737 3464 decisiones
751 3420 823 3463 cum
837 3400 982 3465 omnibus
998 3401 1171 3467 instantiae
1186 3404 1242 3465 aut
1257 3420 1349 3484 quae·

169 3519 283 3584 stiouis
310 3520 455 3586 relativis
478 3520 677 3587 documentis
701 3530 912 3588 asservantur
935 3524 968 3588 iu
993 3523 1118 3588 Palatio
1134 3524 1295 3589 Vaticano
1315 3526 1349 3589 in

170 3642 328 3707 Archivio
343 3645 528 3731 huiccong.
546 3645 714 3712 destinato.
729 3645 823 3731 Apud
840 3646 1058 3713 Secretariam
1074 3651 1188 3711 extant
1203 3645 1349 3711 celebres

169 3767 245 3833 libri
259 3768 482 3845 Decretorum,
496 3772 549 3856 qui
562 3773 728 3837 continent
740 3774 894 3855 cuiusque
906 3770 1182 3857 generisdecreta
1193 3772 1350 3838 hactenus

169 3894 256 3960 edita
279 3895 320 3960 ab
344 3897 407 3963 hac
424 3898 455 3963 S.
473 3898 592 3985 cong.;
616 3920 717 3983 quare
740 3900 791 3965 isti
817 3905 1038 3965 excreverunt
1059 3899 1099 3965 ad
1123 3921 1276 3987 magnum
1293 3922 1349 3966 nu·

169 4034 306 4086 merum.
332 4023 458 4089 Prioris
478 4025 649 4090 voluminis
664 4025 797 4092 decreta
813 4026 977 4111 exscripta
993 4025 1145 4090 videntur
1159 4047 1244 4091 anno
1264 4027 1349 4094 1573

169 4165 267 4229 aquo
291 4147 428 4231 proinde
451 4149 563 4235 incipit
586 4151 688 4214 series
711 4152 919 4215 voluminum.
946 4154 983 4217 lu
1008 4152 1057 4214 his
1081 4171 1182 4235 usque
1205 4152 1245 4216 ad
1261 4154 1348 4217 volu·

170 4292 245 4337 men
260 4272 345 4337 XIX
368 4273 566 4359 respondens
582 4294 675 4343 anno
691 4277 781 4341 1649
797 4276 930 4343 decreta
953 4277 1143 4341 referuntur
1159 4279 1227 4342 sine
1252 4278 1302 4342 die
1318 4283 1350 4343 et

169 4414 255 4459 anno
279 4399 312 4460 et
334 4415 429 4481 saepe
453 4399 522 4463 sine
545 4400 674 4464 nomine
691 4398 856 4473 dioecesis,
874 4405 906 4465 et
925 4420 990 4465 non
1014 4402 1112 4466 semel
1137 4402 1275 4486 simplex
1298 4401 1349 4467 de·
