3292 5109
298 258 344 326 22
819 278 905 327 rans
930 279 967 328 11.

302 402 351 467 sic
376 398 515 466 describi
547 406 680 487 possunt
704 400 735 468 S.
760 399 1046 487 congregationes,
1070 420 1205 487 nempe:
1230 398 1320 467 Sunt
1346 401 1488 488 collegia

301 543 347 591 eor
381 524 512 610 aliquot
539 522 781 590 cardinalibus
804 530 835 589 et
858 524 936 589 otiis
959 522 1215 607 praestantibus
1243 522 1328 589 ciris
1348 527 1382 590 et
1401 542 1486 589 noa·

303 647 410 713 uultis
444 646 645 733 efflantibus
676 646 856 713 constituta
878 645 915 710 in
945 644 1032 712 Urbe
1049 664 1119 729 pro
1142 644 1243 711 certis
1264 645 1409 731 negotiis
1430 666 1489 712 cu·

298 766 429 847 randis
454 772 685 847 discutiendis,
716 776 747 837 et
774 770 983 857 definiendis.

388 899 592 967 Advertatur
615 899 788 980 attentius,
804 899 955 965 traditam
972 898 1131 964 rationem
1152 916 1335 983 congruere
1349 894 1385 961 S.
1405 894 1489 964 con·

297 1025 554 1114 precationibus
567 1024 698 1091 Curetis
708 1024 1076 1107 ctitiisEcctesiusticis5
1088 1023 1171 1089 aliae
1185 1024 1269 1089 enim
1283 1023 1316 1086 in
1329 1022 1487 1089 curtare

299 1151 475 1212 censentur
494 1146 773 1233 congregationes
795 1166 860 1210 non
878 1164 920 1209 ex
936 1143 1169 1217 cardinalibus,
1185 1143 1242 1209 sed
1265 1164 1308 1209 ex
1330 1142 1489 1209 iudicibus

300 1270 509 1337 interioribus
533 1272 745 1358 compositae;
762 1274 796 1335 et
817 1270 858 1336 de
872 1270 924 1334 his
939 1269 1031 1335 nobis
1049 1269 1225 1334 nullimode
1242 1288 1350 1334 sermo
1366 1273 1424 1334 est.
1441 1271 1488 1334 At

297 1412 403 1478 neque
419 1392 580 1479 agendum
597 1398 646 1459 est
668 1393 707 1458 de
724 1390 1039 1479 congregationibus
1055 1392 1272 1458 Cardinalitiis
1294 1411 1384 1456 mere
1407 1390 1484 1457 cici·

299 1516 398 1594 libus,
422 1518 524 1585 veluti
541 1518 580 1585 de
597 1520 858 1606 Congregatione
882 1520 1055 1584 constituta
1078 1518 1117 1583 ab
1136 1518 1325 1584 Innocentio
1340 1514 1407 1581 XII
1422 1536 1486 1601 pro
1601 1507 1604 1513 ’

300 1641 458 1729 gubernio
481 1642 619 1706 civitatis
645 1642 833 1716 Avenionis,
850 1640 937 1705 dicta
955 1640 1224 1727 congregatione
1241 1639 1283 1704 cte
1297 1639 1482 1705 Auenione.

386 1765 441 1830 23.
469 1765 597 1829 Primus
629 1764 747 1849 gradus
771 1782 795 1827 a
817 1761 1028 1829 Pontificibus
1053 1762 1161 1828 iactus
1183 1762 1225 1827 ad
1248 1762 1334 1827 hanc
1356 1762 1486 1827 institu-

295 1890 417 1957 tionem
444 1890 610 1954 inrenitur
633 1890 667 1953 in
695 1888 851 1956 tribunali
884 1888 995 1954 Sancti
1023 1886 1132 1955 Officii
1165 1908 1224 1953 sen
1251 1886 1429 1972 Supremae
1451 1891 1486 1952 et

296 2014 495 2081 Universalis
531 2016 766 2099 Inquisitionis,
793 2016 916 2080 Romae
947 2015 1120 2080 constituto
1151 2020 1185 2083 et
1214 2015 1246 2080 S.
1277 2016 1316 2081 R.
1341 2016 1379 2079 E.
1404 2014 1485 2081 car·

296 2138 457 2207 dinalibus
481 2141 650 2206 commisso
673 2160 694 2205 a
713 2140 815 2204 Panlo
837 2140 887 2205 Ill
912 2159 971 2225 per
988 2140 1097 2206 const.
1123 2140 1216 2209 Licet
1238 2160 1268 2205 a.
1295 2140 1390 2213 1542.
1407 2146 1441 2206 et
1462 2161 1484 2206 a

295 2262 387 2329 Sixto
403 2264 436 2333 V
453 2262 643 2329 confirmato
666 2269 699 2330 et
721 2264 977 2350 praeeminentia
1000 2265 1087 2329 inter
1103 2265 1186 2330 alias
1202 2263 1486 2351 congregationes

295 2395 390 2457 aucto
407 2392 439 2456 in
456 2390 563 2458 const.
580 2392 763 2457 Immensu.
784 2426 801 2441 -
820 2392 951 2455 Revera
974 2393 1041 2455 iam
1059 2396 1211 2475 tempore
1235 2392 1415 2456 innocentii
1432 2391 1482 2458 lll

293 2522 448 2607 serpente
462 2515 683 2602 Albigensium
699 2517 838 2589 haeresi,
853 2517 1027 2582 constituta
1039 2517 1184 2599 fuerant,
1198 2517 1328 2583 hortatu
1343 2520 1485 2585 maxime

295 2644 332 2708 D.
350 2644 517 2717 Dominici,
534 2644 566 2709 in
590 2644 671 2708 locis
690 2643 743 2709 ubi
768 2644 978 2729 grassabatur
1003 2644 1160 2720 haeresis,
1184 2644 1359 2712 tribunalia
1375 2644 1408 2711 S.
1426 2644 1482 2711 Of·

296 2764 360 2831 flcii
397 2768 430 2830 in
462 2766 576 2851 quibus
600 2766 734 2831 Fratres
759 2766 1009 2833 Praedicatores
1035 2773 1067 2833 et
1095 2768 1305 2834 Franciseani
1337 2770 1483 2853 inquire·

298 2888 377 2955 bant
400 2892 433 2955 in
449 2891 648 2957 haereticam
673 2892 866 2976 pravitatem
884 2895 916 2958 et
938 2892 1125 2958 haereticus
1147 2894 1292 2958 censuris
1315 2896 1349 2957 et
1369 2894 1483 2978 poenis

296 3014 562 3099 compescebant3
599 3020 631 3080 et
666 3014 789 3080 Romae
822 3016 986 3101 Magister
1013 3015 1105 3081 Sacri
1135 3014 1269 3088 Palatii,
1293 3036 1336 3081 ex
1359 3014 1482 3081 familia

298 3136 435 3201 Petrum
461 3137 727 3202 Praedicatorum
751 3136 885 3218 electus,
910 3137 986 3202 huic
1013 3138 1140 3202 muneri
1167 3137 1392 3204 satisfaciebat.
1417 3138 1480 3204 Sed

294 3267 444 3349 tempore
467 3263 612 3329 haeresis
637 3262 821 3329 Luteranae
838 3283 923 3327 anno
942 3262 1030 3329 1542
1049 3266 1159 3327 erecta
1180 3262 1242 3329 init
1264 3260 1482 3349 Congregatio

299 3386 331 3453 S.
349 3384 457 3454 Officii
482 3408 538 3453 seu
562 3388 637 3472 Sup.
656 3392 688 3454 et
704 3388 799 3455 Univ.
819 3389 912 3454 Rom.
933 3390 1063 3472 Inquis,
1080 3391 1231 3454 nimirum
1250 3390 1356 3453 veteri
1375 3388 1480 3453 tribu-

295 3510 362 3573 nali
381 3508 500 3575 addicti
514 3509 650 3576 fuerunt
669 3511 786 3575 Patres
804 3509 996 3576 cardinales
1017 3510 1144 3576 Iudices
1161 3511 1379 3593 inquisitores,
1394 3510 1482 3577 unde

293 3631 405 3699 habita
429 3640 478 3701 est
502 3634 718 3719 Congregatio
743 3634 774 3701 S.
800 3633 917 3700 Officii.

384 3760 457 3824 Hoc
484 3760 545 3825 fuit
563 3760 693 3825 initium
711 3760 922 3846 delegationis
938 3766 1115 3847 perpetuae
1129 3760 1352 3828 cardinalibus
1374 3764 1484 3829 saetae

295 3884 401 3948 circa⁴
418 3882 551 3968 aliquod
581 3884 745 3969 negotium
775 3884 952 3969 respiciens
982 3884 1168 3951 universale
1198 3884 1389 3971 gubernium
1416 3887 1481 3951 Ec-

292 4005 421 4071 clasiae.

380 4130 503 4216 Scopus
518 4151 598 4197 vero
615 4131 798 4199 huiusmodi
825 4132 959 4219 collegii
976 4136 1094 4220 optime
1109 4135 1261 4221 exprimit
1283 4140 1431 4200 naturam
1448 4140 1482 4201 et

289 4256 448 4341 originem
478 4256 788 4343 congregationum,
814 4261 920 4344 pronti
946 4266 1076 4327 erectae
1099 4266 1183 4341 sunt,
1207 4261 1376 4326 distinctae
1391 4281 1411 4327 a
1425 4262 1482 4327 tri·

290 4376 473 4445 bunalibus.
510 4379 669 4463 Siquidem
687 4381 727 4447 ad
748 4382 779 4448 S.
798 4380 949 4449 Officium
966 4384 1084 4468 pnmo
1107 4403 1172 4449 non
1194 4386 1337 4470 pertinet
1357 4385 1480 4451 incum-
