3292 5109
496 309 540 355 nn
565 308 704 357 inntens
728 306 993 355 nceuesrnsrims
1291 284 1337 351 85

157 451 275 498 corani
304 433 379 517 ipso
402 433 443 497 A.
471 432 505 499 C.
529 431 753 507 instituendis,
781 428 1030 517 prosequendis
1060 433 1092 495 et
1122 427 1338 495 absolvendis

154 559 327 642 firnnotnr.

243 684 298 749 86.
325 686 390 749 Ρι·ο
414 688 505 751 tanta
521 685 723 755 nucituitate,
741 700 803 765 qua
819 681 918 766 pollet
935 680 1073 745 Auditor
1090 679 1256 760 Gamerae,
1273 697 1336 762 qua

152 810 260 877 noan
285 808 490 877 Ordinorius
513 812 545 875 in
568 810 755 875 universam
779 808 970 879 Ecclesiam,
985 808 1048 872 iam
1076 805 1199 893 pridem
1223 806 1335 892 plnres

152 932 266 999 habuit
287 933 453 999 adiutores
477 936 509 997 in
533 954 590 998 suo
614 951 750 998 munere
773 930 934 1006 iudiciali3
957 930 1014 995 sed
1039 950 1107 1001 nos,
1131 928 1333 1014 praetermit-

151 1059 258 1121 tentes
280 1056 456 1123 historicas
479 1056 709 1139 inquisitiones,
735 1051 915 1117 referemus
938 1051 1035 1117 huius
1059 1049 1230 1117 tribunalis
1253 1069 1332 1115 con·

149 1180 348 1246 stitutionem
374 1200 393 1245 a
417 1180 492 1245 cod.
518 1181 617 1265 Grcg.
641 1180 725 1244 XVI
748 1177 940 1247 ordinatam,
955 1178 1071 1262 quippe
1094 1175 1134 1241 ab
1158 1176 1332 1261 antiquiori

150 1300 259 1366 forma
291 1303 374 1368 haec
405 1322 519 1387 parum
542 1301 673 1368 dissidet
692 1299 748 1386 (l).
777 1300 899 1366 (litatus
922 1300 1026 1365 codex
1050 1302 1082 1363 in
1105 1299 1198 1365 titulo
1223 1300 1255 1364 ΙΙ
1280 1298 1331 1378 na

149 1426 320 1495 indicibus
343 1434 376 1493 et
405 1426 635 1493 trilonnolibns·
650 1444 716 1509 pro
742 1425 854 1491 causis
872 1425 1122 1509 pertinentibus
1145 1425 1192 1489 ad
1213 1422 1332 1507 sorum

148 1552 288 1623 laicum.
306 1552 456 1617 Sectione
471 1552 521 1618 VI
538 1550 588 1617 De
608 1551 769 1617 tribunali
787 1550 827 1615 A.
847 1551 882 1617 0.
905 1551 1018 1633 statuit
1041 1556 1106 1614 ort.
1123 1549 1211 1615 312.-
1229 1572 1248 1613 ‹
1264 1548 1333 1613 Tri·

148 1673 248 1739 bunal
271 1676 313 1739 Α.
330 1674 365 1741 G.
383 1679 527 1741 constat:
555 1676 584 1760 1)
610 1694 628 1739 e
651 1675 776 1760 prelato
800 1674 958 1741 Auditore
981 1674 1147 1747 Gamerae,
1172 1672 1331 1758 praeside;

146 1800 180 1885 2)
204 1820 250 1865 ex
273 1800 379 1866 tribus
401 1802 562 1887 praelatis,
588 1800 879 1867 locumtenentibus
899 1798 963 1887 (2);
988 1800 1021 1884 3)
1046 1820 1088 1864 ex
1110 1803 1228 1863 novem
1252 1799 1332 1864 viris
1428 1800 1432 1808 '

146 1928 275 2013 togatis,
301 1946 436 2010 quorum
452 1930 521 1991 tres
544 1946 617 1992 cum
640 1927 733 1990 titulo
758 1925 1030 1999 consiliariorum;
1052 1924 1114 1988 duo
1137 1944 1212 1988 cum
1234 1923 1328 1990 titulo

147 2048 378 2123 Assessnrum,
418 2053 451 2114 et
487 2055 624 2133 quatuor
662 2067 735 2114 cum
772 2048 865 2113 titulo
904 2046 1041 2113 iudicum
1082 2046 1327 2112 Auditorum».

149 2170 221 2233 Art.
240 2168 320 2235 3111.-
341 2192 358 2232 s
374 2171 456 2236 Tres
471 2170 607 2256 praelati
624 2170 880 2235 locumtenentes
896 2174 928 2233 et
942 2176 1010 2234 tres
1026 2167 1202 2233 consiliarii
1214 2170 1326 2253 togati,

146 2295 277 2359 insimul
301 2297 392 2371 uniti,
409 2293 581 2361 efformant
603 2294 745 2361 tribunal
770 2296 939 2381 collegiale
955 2293 1013 2361 sub
1030 2295 1159 2359 nomine
1184 2294 1328 2378 (lengro-

144 2420 287 2502 gntionis
317 2418 422 2483 civilis
444 2418 527 2484 Aud.
553 2420 676 2485 Cam.»
702 2419 807 2485 Titulo
823 2420 884 2492 ΙΙΙ,
908 2420 1064 2503 inscripto
1087 2420 1138 2484 De
1161 2417 1331 2489 indicibus

145 2548 175 2607 et
200 2541 430 2607 tribunalibus
449 2562 515 2625 pro
539 2542 651 2609 censis
682 2543 932 2626 pertinentibus
954 2543 1001 2608 od
1033 2543 1151 2626 foruna
1179 2544 1331 2611 eeclesia·
1384 2570 1387 2575 ·

144 2666 268 2731 sticum
292 2668 326 2729 in
350 2666 435 2731 Sect.
453 2666 502 2731 III
527 2666 577 2732 De
600 2664 764 2733 tribunali
787 2667 964 2733 Andooris
986 2668 1160 2739 Contende,
1174 2672 1238 2734 art.
1256 2665 1331 2735 369

145 2790 207 2855 hoc
240 2791 395 2859 edicitur:
424 2793 616 2859 ‹Tribunal
641 2799 680 2859 A.
705 2794 740 2860 O.
766 2814 826 2880 pro
852 2795 957 2859 causis
989 2794 1216 2859 ecclesiasticis
1239 2812 1327 2883 com-

145 2916 278 2997 ponitur
303 2913 334 2999 1)
359 2935 377 2978 e
400 2914 545 2999 praelato
568 2916 725 2983 Auditore
749 2917 923 2993 eameram
948 2916 981 3003 2)
1007 2937 1050 2980 ex
1073 2914 1196 2980 dnobus
1219 2935 1325 2981 asses-

144 3038 272 3103 soribus
294 3040 421 3123 togatis,
437 3046 470 3105 et
486 3060 528 3106 ex
544 3060 608 3107 uno
631 3014 737 3106 iudice
753 3041 920 3121 Auditore,
934 3043 987 3125 qni
1012 3042 1096 3105 illius
1119 3040 1208 3105 vices
1223 3044 1325 3125 agunt

144 3160 177 3221 in
193 3156 324 3223 casibus
346 3164 379 3223 et
397 3159 507 3235 modis,
521 3163 627 3246 prouti
651 3161 738 3226 infra
761 3160 945 3237 docebitur;
970 3163 1003 3248 3)
1028 3161 1328 3247 econgregatione

144 3282 231 3346 cirili
258 3288 425 3348 constante
449 3304 467 3349 e
491 3284 585 3349 sociis
609 3285 763 3370 praelatis
788 3284 1128 3351 locumtenentibus».

236 3562 276 3631 (l)
298 3562 364 3616 Pius
382 3562 422 3617 IX
441 3562 469 3617 in
488 3566 637 3619 norissima
655 3570 745 3619 status
764 3566 856 3619 civilis
876 3567 1079 3621 instauratione
1097 3566 1202 3637 aliquid
1222 3568 1325 3621 immn-

145 3670 224 3737 laril,
245 3670 286 3724 uti
306 3672 466 3739 referemus,
484 3672 568 3728 eliam
588 3674 617 3729 in
636 3673 837 3727 constitutione
850 3673 998 3727 tribunalis
1012 3674 1153 3728 Aisditoris
1167 3674 1253 3739 Cum,
1267 3674 1325 3738 sed,

142 3781 293 3849 praecipue
312 3780 347 3833 ad
367 3782 480 3851 negotia
504 3775 694 3836 ecclesiastica
712 3782 784 3851 quod
812 3782 930 3847 attinet,
949 3784 1118 3837 mutationes
1137 3782 1233 3851 magui
1257 3799 1329 3853 pon·

143 3886 217 3941 deria
236 3887 351 3943 habitae
371 3905 426 3943 non
445 3897 518 3942 sunt.

231 3993 272 4063 (2)
292 3994 525 4049 Locumlencntes
540 4000 605 4048 erint
623 3994 727 4049 iudices
746 4011 908 4060 assessores,
918 3997 965 4065 qui
979 3995 1104 4051 eamdem
1125 3996 1230 4051 habent
1248 4001 1327 4065 pole·

142 4099 246 4150 niuem
264 4098 408 4151 Auditoris
427 4099 559 4153 Gamerae
578 4100 704 4170 quumvis
724 4116 778 4153 non
798 4101 965 4168 universam,
985 4119 1040 4155 iton
1058 4118 1183 4157 secusne
1199 4100 1326 4156 Vicarius

142 4198 289 4257 Generalis
307 4207 350 4257 est
368 4220 490 4258 msassor
509 4204 536 4257 in
552 4202 687 4258 tribunali
708 4204 849 4273 Episcopi3
862 4206 897 4258 ci.
912 4204 951 4261 De
966 4206 1049 4273 Luca,
1068 4223 1111 4276 op.
1126 4208 1169 4261 cit.
1184 4206 1258 4260 Disc.
1271 4207 1324 4275 tt,

142 4322 169 4356 n.
182 4306 375 4376 1830tool.1,
388 4328 414 4363 n.
427 4310 491 4364 tto.
503 4308 600 4365 Obiter
613 4312 763 4376 innuimus,
777 4310 934 4366 huiusmodi
947 4311 1105 4380 exemplum
1118 4312 1224 4381 optime
1237 4311 1326 4381 expli·

143 4432 210 4471 caro
233 4421 371 4489 oriqlnem
389 4424 418 4475 et
437 4420 621 4475 conditionem
645 4420 790 4474 iuridicem
810 4420 869 4474 Vic.
889 4420 1031 4491 Gem,qua
1049 4422 1150 4475 iudicis
1175 4423 1323 4478 ordinarii.
