3292 5109
141 442 269 527 quando
286 448 319 509 et
334 444 490 528 quomodo
514 445 596 511 haec
620 443 837 532 congregatio
859 449 935 531 agai
957 444 998 509 ad
1020 444 1246 531 praeparanda
1262 464 1321 509 ne·

140 566 229 649 gotia
252 585 312 652 pro
336 566 524 633 Consistorii
548 567 777 643 celebratione,
802 568 984 636 incidenter
1002 574 1035 636 et
1057 588 1155 654 quam
1177 567 1323 634 breviter

476 318 521 365 nr
550 317 689 369 runicus
720 318 986 367 accussmsrrcrs
1253 299 1322 367 253

144 692 184 758 de
207 694 309 759 variis
332 693 521 760 consistorii
543 695 712 782 speciebus
735 696 856 780 aliquid
879 695 1105 781 explicandum
1128 702 1187 761 est
1288 757 1293 770 x

231 816 309 883 205.
335 816 533 897 Hodiefere
557 838 686 906 semper
709 820 816 885 forma
838 819 1058 887 coerimoniali
1081 818 1219 885 habetur
1242 817 1322 885 con·

142 940 304 1006 sistorium
336 944 434 1007 etiam
463 943 647 1009 Semelam.
678 944 760 1009 Nam
790 942 893 1009 tribus
923 944 1024 1010 modis
1056 944 1217 1011 celebrari
1239 942 1325 1009 solet

143 1065 384 1139 Consistorium
409 1084 467 1131 seu
489 1065 709 1153 distinguitur:

280 1188 312 1275 1)
337 1188 569 1255 consistorium
594 1190 769 1257 Semelam
792 1210 851 1256 seu
872 1190 1087 1266 ordinarium

279 1312 314 1398 2)
337 1312 519 1381 Publicum
543 1335 600 1381 seu
623 1314 919 1381 extraordinarium
941 1320 997 1381 aut
1019 1314 1177 1391 solemne;

277 1438 311 1523 3)
335 1443 368 1505 et
390 1438 478 1505 aliud
501 1408 778 1523 Semipublicum.

236 1562 469 1631 consistorium
494 1564 667 1633 Secrelum
694 1572 743 1631 est
776 1566 987 1653 praecipuum
1009 1566 1179 1651 vestigium
1211 1566 1324 1632 consi-

149 1690 238 1755 storii
262 1690 339 1755 olirn
363 1688 473 1763 habiti,
492 1693 525 1756 in
545 1712 607 1776 quo
630 1693 762 1779 negotia
783 1694 907 1757 maiora
929 1692 1042 1757 discuti
1066 1698 1099 1757 et
1121 1689 1248 1757 definiri
1270 1712 1323 1757 so-

147 1816 266 1885 lebant.
300 1819 392 1885 Nunc
416 1820 502 1885 enim
533 1820 662 1905 negotia
685 1818 876 1885 referuntur
898 1820 932 1883 in
954 1818 1017 1884 boc
1041 1818 1236 1884 consistorio
1258 1818 1323 1883 iarn

151 1939 295 2019 delinita3
320 1944 352 2008 in
377 1942 484 2009 debita
505 1964 585 2009 vero
609 1943 715 2009 lorma
737 1950 962 2030 proponuntur
982 1942 1049 2009 aS.
1065 1942 1326 2027 congregatione

152 2064 381 2131 Consistoriali.
418 2066 527 2141 Quare
553 2068 587 2131 in
611 2068 806 2134 consistorio
840 2065 937 2131 bodie
970 2066 1091 2152 agitur,
1116 2064 1174 2130 sub
1196 2066 1326 2130 ratione

151 2190 255 2274 potius
281 2157 628 2276 promulgationem
652 2190 935 2277 confirmationis,
960 2190 999 2257 de
1023 2191 1188 2255 creatione
1210 2188 1323 2257 cardi-

145 2313 276 2395 nalium,
293 2314 332 2379 de
348 2314 537 2381 Dioecesum
560 2316 735 2396 erectione,
755 2316 884 2395 unione,
904 2313 1188 2380 dismembratione
1203 2316 1236 2377 et
1250 2331 1323 2379 con·

145 2438 314 2503 troversiis
335 2437 411 2502 inde
434 2440 568 2519 exortis,
593 2458 632 2504 ac
655 2438 695 2504 de
718 2438 929 2525 electionibus
952 2443 985 2505 et
1006 2435 1260 2524 promotionibus
1283 2436 1325 2501 ad

148 2559 307 2627 beneficia
329 2563 468 2643 maiora,
492 2564 537 2628 ita
552 2568 587 2629 ut
606 2564 725 2630 Bened.
742 2565 827 2630 XIV
841 2565 874 2628 in
891 2562 999 2630 const.
1017 2563 1105 2628 clim
1121 2582 1143 2628 a
1157 2560 1264 2636 nobis,
1281 2560 1325 2625 di·

145 2686 247 2751 xerit:
271 2686 456 2753 ‹Provisio
482 2687 719 2756 consistorialis
741 2687 790 2772 (ut
816 2688 919 2771 inquit
945 2687 1119 2773 Fagnanus
1142 2706 1211 2771 cap.
1237 2685 1324 2749 Nihil

148 2826 179 2871 n.
196 2806 251 2889 29,
276 2810 323 2874 De
339 2809 520 2897 illectione)
544 2808 643 2875 babet
657 2809 722 2874 vim
738 2808 904 2875 electionis
919 2813 952 2873 et
967 2804 1220 2873 confirmationis
1235 2804 1323 2890 »(1).

147 2933 227 2998 Item
258 2940 331 3019 post
360 2934 513 3001 iudicium
543 2933 723 3000 absolutum
747 2952 767 2997 a
790 2933 822 3000 S.
846 2932 1105 3017 congregatione
1129 2932 1262 2997 Rituum
1285 2927 1327 2994 de

148 3060 240 3125 novis
265 3060 429 3125 miraculis
447 3078 468 3124 a
483 3055 550 3126 Deo
573 3060 709 3146 patratis
732 3080 791 3146 per
814 3059 1080 3126 intercessionem
1102 3056 1239 3123 alicuius
1260 3056 1324 3121 iam

147 3184 233 3249 inter
257 3184 375 3249 Beatos
398 3184 551 3250 recensiti
567 3188 600 3249 et
614 3189 782 3269 postquam
807 3185 870 3249 iarn
893 3184 1142 3270 pronunciatum
1160 3186 1210 3249 est
1231 3200 1327 3267 posse

147 3313 215 3376 lato
239 3308 372 3395 procedi
395 3308 436 3373 ad
459 3313 566 3374 actum
589 3310 765 3376 solemnem
788 3308 1054 3384 canonizationis,
1079 3313 1252 3395 praeterea
1265 3326 1325 3373 ex·

147 3436 288 3521 quiritur
319 3436 488 3501 consilium
511 3435 552 3502 ab
576 3435 721 3501 omnibus
746 3435 968 3502 cardinalibus
990 3437 1025 3501 in
1053 3410 1249 3501 consistorio
1271 3428 1327 3498 Se·

148 3566 257 3635 creto,
281 3564 390 3625 utrum
414 3560 620 3627 Canonizatio
644 3560 717 3625 dato
740 3564 886 3645 ternpore
909 3560 951 3624 sit
973 3556 1168 3645 peragenda.
1193 3554 1243 3623 Ob
1266 3574 1324 3620 ne-

148 3686 234 3771 gotia
257 3684 291 3749 in
314 3684 378 3750 boc
401 3683 598 3752 consistorio
628 3685 746 3766 relata,
771 3702 908 3767 quorum
937 3681 1094 3746 nonnulla
1116 3684 1190 3745 sunt
1213 3682 1329 3764 suapte

238 3916 278 3983 (l)
298 3914 386 3970 Hodie
406 3914 479 3969 enim
498 3914 558 3969 lere
576 3912 677 3967 nullibi
700 3913 791 3967 locum
810 3911 916 3968 habent
934 3909 1086 3966 electiones
1104 3909 1248 3963 ordinatae
1266 3908 1328 3962 iure

152 4016 340 4073 Decretalium
359 4018 507 4089 praecipue
526 4035 575 4089 per
593 4022 678 4088 caput
698 4018 767 4078 Quia
782 4027 903 4089 propter
921 4017 957 4070 42
970 4045 983 4057 -
1000 4017 1042 4070 De
1061 4016 1197 4071 electione
1209 4013 1237 4067 X
1252 4013 1283 4083 (Ι,
1296 4012 1329 4083 cl

151 4124 196 4179 sed
215 4123 317 4181 electio
335 4127 369 4179 fit
381 4142 398 4179 a
411 4124 537 4179 Romano
556 4125 700 4191 pontifice,
719 4125 746 4179 vi
766 4124 986 4179 reservationum
1004 4122 1140 4178 editarum
1160 4122 1189 4175 in
1208 4118 1329 4189 Regalis

152 4228 356 4298 cancellariam
382 4236 426 4286 ast
452 4232 603 4302 provisioni
622 4230 815 4287 consistoriali
841 4248 984 4301 processus
1002 4229 1191 4302 inquisitionis
1209 4226 1327 4299 praeha-

152 4335 230 4391 betur
244 4342 273 4393 et
292 4338 321 4393 iu
334 4338 486 4410 qualitates
504 4339 683 4409 promovendi
696 4342 725 4394 et
743 4340 771 4391 in
785 4342 889 4393 statum
910 4338 1051 4393 Ecclesiae
1063 4337 1108 4391 cui
1124 4333 1328 4406 promovendus

152 4442 312 4500 destinatur.
