3292 5109
275 285 342 352 396
803 302 888 353 reas
913 302 950 351 11.

274 433 429 494 consueto
452 425 607 492 tribunali
630 424 810 511 procedere
832 429 992 492 teneatur.
1009 394 1115 493 Unum
1138 430 1246 493 autem
1269 429 1395 493 tantum
1417 428 1460 493 sit

275 554 443 637 utriusque
469 555 596 626 votum,
621 551 784 637 possitque
814 551 900 617 alter
932 552 1083 639 episcopo
1113 551 1280 621 accedere.
1307 551 1399 627 Quod
1431 553 1459 617 si

275 673 370 740 ambo
393 672 433 739 ab
456 674 616 759 Episcopo
639 672 805 739 discordes
828 673 860 738 iu
884 673 992 757 aliquo
1018 678 1094 740 actu
1124 694 1181 740 seu
1212 674 1460 740 interlocutoria

181 780 187 795 ’
276 798 331 863 vel
353 796 520 864 definitiva
544 799 705 863 sententia
727 795 861 879 fuerint,
879 804 957 865 tunc
981 800 1068 865 intra
1090 818 1151 865 sex
1173 798 1297 864 dierum
1321 799 1461 885 spatium

276 938 350 985 cum
373 921 534 1006 Episcopo
555 921 688 988 tertium
714 921 837 1007 eligant
859 922 908 1003 et,
933 922 960 987 si
988 922 1023 987 in
1053 922 1213 988 electione
1242 923 1332 987 tertii
1361 922 1460 987 etiam

277 1043 462 1111 discordent
484 1044 526 1110 ad
548 1046 738 1111 viciniorem
753 1046 947 1130 Episcopum
963 1045 1081 1114 electio
1103 1046 1303 1119 devolvatur,
1321 1052 1354 1112 et
1369 1048 1462 1111 iuxta

278 1191 351 1237 eam
374 1176 500 1256 partem
523 1190 596 1242 cum
620 1190 684 1256 qua
705 1171 822 1239 tertius
845 1174 1034 1249 conveniet,
1058 1174 1215 1239 articulus
1247 1174 1280 1238 in
1310 1192 1373 1258 quo
1396 1174 1463 1241 erit

278 1295 450 1369 discordia,
475 1298 679 1362 terminetur.
696 1298 788 1363 Alias
810 1318 982 1383 processus
998 1302 1032 1365 et
1048 1298 1122 1364 inde
1146 1306 1257 1365 secuta
1280 1299 1370 1364 nulla
1385 1300 1459 1374 sint,

278 1418 447 1503 nullosque
461 1418 641 1503 producant
656 1418 737 1485 iuris
752 1417 918 1486 effectus»
937 1419 993 1504 (l).
1011 1420 1206 1487 Benedictus
1221 1421 1315 1494 XIV,
1333 1418 1389 1486 lib.
1406 1418 1460 1495 13,

279 1561 356 1626 cap.
374 1544 406 1615 9,
422 1562 455 1607 o.
474 1542 507 1619 8,
524 1543 574 1609 De
598 1541 680 1629 Syn.
705 1544 847 1612 dioeces.
871 1542 1026 1612 advertit:
1055 1567 1073 1607 ‹
1090 1544 1173 1620 Quia
1194 1563 1274 1610 vero
1297 1543 1373 1610 dum
1389 1543 1462 1629 Epi-

280 1688 396 1754 scopus
418 1669 506 1735 solus
528 1670 586 1743 sit,
611 1672 758 1735 canonici
786 1676 894 1736 autem
917 1670 990 1744 duo,
1014 1671 1113 1738 facile
1137 1674 1271 1737 evenire
1296 1674 1405 1757 posset
1426 1674 1464 1736 ut

280 1794 315 1859 hi
338 1795 425 1859 inter
447 1813 483 1859 se
506 1796 742 1880 conspirarent,
770 1796 932 1880 unitisque
962 1797 1131 1861 sententiis
1154 1796 1352 1861 contrariam
1384 1796 1464 1881 Epi-

280 1920 369 2006 scopi
394 1920 576 2004 opinionem
606 1920 794 2001 eluderent,
817 1918 890 1984 ideo
921 1920 1094 1985 concilium
1122 1908 1256 2005 provide
1287 1920 1398 1988 statuit
1427 1924 1464 1984 ut

282 2043 419 2111 duorum
445 2045 674 2111 canonicorum
703 2045 884 2111 sententiae
916 2045 1009 2111 simul
1043 2046 1172 2111 iunctae
1202 2046 1297 2110 unius
1327 2048 1464 2109 lantum·

283 2165 378 2231 modo
402 2164 548 2253 suffragii
571 2168 638 2232 vim
668 2166 828 2246 habeant,
852 2174 885 2234 et
908 2173 945 2233 ut
966 2169 1116 2255 Episcopi
1147 2165 1274 2251 quidem
1305 2166 1466 2231 sententia

283 2293 474 2378 praevaleat
495 2294 523 2359 si
546 2294 631 2359 alter
653 2313 696 2359 ex
718 2294 883 2359 canonicis
907 2314 998 2360 suum
1030 2294 1077 2359 illi
1110 2292 1261 2358 iudicium
1292 2290 1465 2375 adiungat;

284 2416 311 2480 si
334 2420 443 2481 tamen
467 2419 614 2483 canonici
637 2417 732 2483 ambo
756 2418 789 2482 in
813 2419 980 2484 contraria
1003 2418 1163 2483 sententia
1187 2417 1287 2482 iuncti
1310 2434 1465 2501 perseve-

284 2544 361 2606 rent
382 2561 445 2608 nec
467 2542 644 2627 Episcopus
668 2562 688 2606 a
710 2562 769 2607 sua
791 2542 1010 2617 dimoveatur,
1034 2548 1112 2609 tunc
1143 2542 1230 2608 intre
1257 2561 1316 2607 sex
1339 2541 1466 2607 dierum

285 2663 422 2748 spatium
445 2661 486 2727 ad
509 2663 598 2729 tertii
621 2662 812 2729 electionem
836 2661 1075 2749 procedendum
1099 2661 1170 2728 fore
1187 2662 1334 2728 decernit
1354 2669 1415 2729 etc.
1434 2682 1466 2727 a.

287 2790 326 2853 In
350 2787 462 2853 eodem
485 2788 557 2852 loco
581 2787 665 2853 idem
685 2790 809 2853 Auctor
834 2808 877 2853 ex
899 2786 1113 2853 decisionibus
1128 2807 1149 2852 a
1164 2787 1196 2854 S.
1214 2788 1313 2873 Gong.
1332 2787 1467 2854 Concilii

286 2911 370 2976 datis
392 2922 459 2979 tum
484 2913 644 2999 Episcopo
672 2913 818 2978 Brixien.
849 2918 916 2977 tum
948 2912 1109 2999 Episcopo
1141 2912 1321 2977 Faventino
1353 2912 1470 2998 probat

288 3037 454 3104 decretum
477 3038 599 3105 Concil.
616 3038 704 3104 Trid.
722 3039 834 3124 vigere
857 3043 980 3103 tantum
996 3058 1057 3124 pro
1074 3038 1227 3123 Capitulis
1250 3037 1417 3121 esemptis
1436 3043 1470 3103 et

289 3180 363 3227 cum
386 3163 573 3247 proceditur
596 3168 697 3229 eaba
721 3162 960 3229 Vieitatiovtem,

380 3288 559 3354 Praeterea
575 3290 661 3354 inter
676 3287 797 3354 iudices
813 3290 866 3373 qui
883 3289 923 3354 ad
940 3290 1049 3355 curias
1065 3288 1274 3355 dioecesanas
1293 3292 1468 3375 pertinent,

289 3412 480 3479 recensendi
496 3417 572 3477 sunt
585 3411 709 3478 iudices
724 3412 914 3498 Synodeles.
933 3448 950 3461 -
965 3412 1149 3499 Synodales
1164 3410 1240 3479 dicti
1257 3419 1332 3481 sunt
1351 3414 1471 3499 quippe

290 3537 322 3601 in
348 3536 477 3623 Synodo
507 3536 699 3602 dioecesana
728 3535 868 3621 eligendi
899 3542 974 3601 sunt
997 3556 1035 3602 eo
1065 3536 1199 3602 consilio
1229 3540 1265 3603 ut
1296 3538 1472 3623 expediant

291 3679 405 3724 causas
420 3680 441 3725 a
456 3658 574 3724 Sancta
597 3657 679 3725 Sede
702 3658 918 3742 inpartibus
942 3656 1146 3743 delegandae,
1164 3678 1219 3724 eas
1243 3658 1367 3725 scilicet
1391 3679 1472 3744 quas

241 3860 244 3869 Ι
292 3783 324 3848 S.
356 3782 455 3849 Sedes
487 3782 610 3846 Romae
640 3799 839 3866 cognoscere
870 3800 935 3845 nou
964 3785 1088 3866 potest,
1113 3781 1187 3865 quia
1217 3801 1389 3866 processus
1420 3783 1473 3848 in·

382 3991 422 4063 (l)
440 3993 471 4046 ln
489 3992 723 4062 subsequentibus
746 3990 840 4045 verbis
859 3990 933 4043 Trid.
952 3991 1058 4046 Concil.
1077 3996 1159 4047 cavet
1177 3992 1206 4047 in
1225 3992 1388 4047 criminibus
1407 4007 1474 4063 pro-

292 4098 469 4153 venientibus
487 4114 522 4152 ex
540 4096 744 4152 incontinentia
756 4100 785 4151 et
798 4112 832 4151 ex
846 4096 1030 4152 atrocioribus
1048 4097 1166 4167 delictis,
1182 4100 1318 4169 Episcopo
1330 4101 1474 4169 integrum

294 4223 353 4261 esse
372 4205 529 4275 procedere,
542 4206 653 4275 wando
671 4205 708 4259 da
724 4206 796 4274 fuya
814 4204 948 4257 timeatur
965 4222 1000 4259 ne
1020 4206 1154 4260 cludatur
1165 4208 1310 4273 iudicium,
1323 4222 1379 4261 non
1392 4205 1474 4260 adhi-

294 4309 362 4363 bitis
380 4309 516 4363 iudicibus
537 4308 690 4375 adiunctis,
708 4312 746 4363 ad
769 4312 953 4361 summarium
979 4310 1209 4379 infornwtionem
1234 4320 1260 4365 et
1284 4311 1476 4364 necessariam

294 4417 487 4482 detentionem,
505 4426 616 4471 servato
634 4424 729 4470 tamen
747 4416 778 4469 in
794 4416 915 4485 reliquia
933 4416 1034 4474 ordine
1048 4418 1216 4487 praemisso.
