3292 5109
788 260 872 309 PARS
897 259 933 307 11.

708 576 889 664 rrronos
917 598 1012 663 vur.

622 868 666 915 DE
690 868 795 916 SAcRA
819 868 1102 916 cououuourloua

465 991 623 1039 NEGOTIIS
651 991 916 1039 EchESlASTchS
943 992 1254 1042 Exrnuounlununs

751 1116 968 1165 PRAEPOSITA.

274 1342 491 1399 summarium.
506 1372 544 1387 -
558 1344 618 1398 216.
633 1342 708 1399 llaec
721 1343 806 1412 cong.
821 1348 952 1399 naturam
965 1344 1097 1414 exprimit
1109 1345 1343 1416 Congregationis
1356 1347 1455 1401 Statua

363 1466 435 1521 quae
454 1450 611 1521 antiquitus
636 1450 768 1504 constitui
788 1450 905 1504 solebat.
932 1480 967 1495 -
990 1451 1052 1505 217.
1072 1451 1111 1506 De
1130 1468 1214 1521 scopo
1232 1457 1261 1509 et
1278 1457 1382 1507 natura
1400 1452 1455 1507 ho-

363 1558 476 1613 diernae
495 1557 737 1627 congregationis.
754 1584 792 1599 -
810 1558 871 1612 218.
884 1557 1027 1619 Quomodo
1040 1563 1231 1629 componatur.
1248 1588 1287 1601 -
1304 1560 1365 1614 219.
1386 1560 1456 1614 Eius

364 1663 560 1733 competentia.
580 1692 613 1703 -
633 1662 693 1716 220.
715 1662 753 1717 De
766 1663 922 1717 Provinciis
941 1664 1145 1719 Ecclesiasticis
1164 1665 1243 1719 cuius
1255 1666 1371 1734 negotia
1383 1665 1456 1721 haec

364 1770 450 1840 Cong.
469 1770 653 1853 administrat.
674 1799 707 1811 -
727 1769 787 1824 221.
809 1770 848 1825 De
867 1770 926 1825 eius
945 1772 1054 1825 ratione
1073 1770 1182 1841 agendi.

364 2002 440 2067 216.
465 1999 644 2068 Cardinalis
668 2002 714 2067 De
739 2002 827 2066 Luca
849 2021 904 2085 op.
925 2002 978 2069 cit.
994 2000 1125 2067 Disc5
1148 2002 1316 2088 explicans
1339 2001 1456 2070 consi-

277 2129 369 2194 storii
393 2126 532 2193 indolem
555 2134 588 2193 et
610 2128 856 2213 competentiam
880 2127 938 2193 sub
961 2149 993 2193 n.
1011 2128 1115 2195 23-24
1139 2128 1223 2194 haec
1245 2128 1360 2194 habet:
1381 2130 1456 2195 ‹ln

277 2254 474 2320 consistorio
498 2254 588 2339 Papa
611 2274 683 2319 cum
708 2253 931 2320 cardinalibus
959 2256 1027 2341 agit
1058 2254 1097 2320 de
1126 2256 1332 2341 gravioribus
1350 2253 1457 2321 ¹Sedis

277 2381 484 2468 Apostolicae
500 2386 533 2447 et
549 2381 716 2447 Ecclesiae
740 2381 933 2446 universalis
948 2380 1003 2445 vel
1025 2380 1214 2465 Principum
1234 2382 1458 2466 spiritualibus

276 2526 316 2571 ac
338 2504 569 2591 temporalibus
604 2505 743 2589 negotiis
773 2507 865 2570 iuxta
898 2524 1012 2570 eorum
1046 2504 1232 2588 qualitatem
1257 2510 1290 2569 et
1313 2506 1457 2570 circum-

277 2630 424 2705 stantias;
449 2647 585 2712 cumque
614 2648 680 2692 non
710 2648 838 2713 semper
864 2628 1017 2714 expediat
1043 2627 1084 2693 de
1107 2628 1170 2695 illis
1193 2629 1320 2713 publice
1343 2650 1457 2695 coram

277 2752 424 2819 omnibus
441 2750 663 2817 cardinalibus
685 2750 781 2835 loqui,
806 2752 884 2816 hinc
907 2751 968 2817 isto
991 2771 1068 2816 casu
1086 2751 1176 2836 Papa
1191 2771 1250 2838 pro
1267 2724 1457 2819 eorumdem

277 2875 480 2959 negotiorum
501 2872 739 2943 consultatione
755 2876 788 2937 et
806 2871 985 2939 directione
1001 2872 1198 2957 aliquorum
1215 2874 1457 2940 cardinalium

272 3001 523 3085 particularem
551 2996 854 3087 Conprepatioacm
876 2999 1033 3085 deputare
1056 3000 1139 3065 solet
1161 3018 1243 3083 quae
1268 3002 1384 3067 Status
1406 3000 1457 3066 di-

278 3128 379 3202 citur;
404 3124 527 3209 istaque
543 3124 680 3210 proinde
697 3144 761 3188 non
778 3129 827 3189 est
843 3123 1058 3210 congregatio
1074 3123 1140 3189 fixa
1155 3130 1187 3191 et
1203 3125 1357 3191 continua
1371 3126 1459 3191 sicut

278 3254 353 3315 sunt
375 3248 459 3313 aliae
571 3248 628 3314 sed
651 3250 684 3313 in
707 3247 842 3333 singulis
864 3248 1079 3312 oecurreutiis
1102 3249 1345 3332 particulariter
1361 3247 1459 3334 depu-

278 3369 342 3437 tari
369 3366 467 3441 solet,
492 3368 649 3433 variando
672 3369 706 3433 iu
729 3365 873 3452 qualibet
895 3366 1100 3440 cardinales,
1124 3368 1268 3453 aliosque
1291 3368 1460 3434 ministros
1496 3404 1499 3411 ·

278 3515 338 3581 pro
362 3494 564 3580 negotiorum
582 3494 736 3579 qualitate
751 3500 807 3559 aut
821 3498 1003 3578 temporum
1026 3495 1264 3579 opportunitate
1281 3515 1312 3558 r.
1329 3495 1397 3559 Res
1412 3496 1460 3559 ita

278 3642 314 3687 se
336 3621 521 3686 habuerunt
543 3639 643 3704 usque
667 3619 741 3684 dum
765 3621 935 3705 graviores
959 3625 992 3685 et
1018 3618 1214 3685 difficiliores
1237 3626 1374 3687 eventus
1398 3620 1459 3685 sub

278 3745 375 3813 finem
402 3745 523 3811 saeculi
559 3745 659 3830 elapsi
683 3750 716 3811 et
739 3746 830 3810 initio
853 3746 974 3811 saeculi
998 3744 1202 3811 decurrentis
1224 3748 1401 3832 praecipue
1424 3748 1460 3811 in

279 3870 385 3940 callia
408 3869 600 3950 inciderunt,
624 3868 790 3935 turbantes
813 3869 958 3935 funditus
973 3873 1005 3934 et
1020 3868 1092 3933 fere
1114 3870 1336 3935 convellentes
1360 3874 1460 3935 natu·

279 3998 349 4062 rale
364 3996 476 4062 foedus
499 4016 600 4080 usque
623 3994 817 4061 servandum
841 3995 929 4060 inter
951 3998 1068 4060 statum
1084 4000 1117 4061 et
1133 3996 1324 4078 Ecclesiam,
1342 3996 1461 4080 quibus

279 4118 443 4182 aerumnis
477 4136 655 4183 occurrere
686 4118 906 4183 necessarium
930 4116 993 4185 suit
1013 4137 1132 4203 magna
1154 4116 1341 4204 prudentia,
1366 4117 1463 4183 beni-

279 4240 415 4325 gnitate,
439 4245 472 4305 et
495 4238 725 4313 moderatione,
746 4238 787 4304 ad
809 4238 942 4305 vitanda
964 4239 1089 4304 maiora
1111 4238 1204 4303 mala
1241 4238 1463 4314 Quamobrem

281 4366 359 4431 Pius
383 4362 450 4447 VI,
474 4386 502 4430 a.
530 4365 616 4431 1793
643 4365 935 4451 congregationem
969 4366 1107 4431 instituit
1141 4366 1315 4450 specialem
1345 4364 1464 4447 Super
