3292 5109
325 262 391 329 318
853 282 937 329 enas
961 280 998 328 11.

325 407 445 470 eximia
460 405 609 471 doctrina
624 410 836 491 praestantes,
854 424 1051 489 casuumque
1068 405 1289 469 conscientiae
1304 404 1416 489 periti;
1432 402 1498 468 Cor·

325 534 436 595 rector
459 531 501 595 sit
523 531 557 594 in
581 529 736 603 decretis,
761 529 858 614 stylo,
883 530 1084 612 caeterisque
1109 529 1389 593 poenitentiarius
1412 527 1499 592 rebus

324 652 498 737 diligenter
513 657 661 718 versatus
677 656 709 716 et
725 652 910 717 instructus.
928 650 1094 736 Sigillator
1105 649 1137 735 (a
1152 650 1338 737 sigillando)
1354 650 1499 736 probatae
1605 700 1606 703 ,

324 774 399 842 fidei
415 780 509 845 etuti
532 777 564 843 id
587 798 702 843 munus
724 778 875 864 postulat,
900 778 1041 841 omnium
1065 774 1163 841 officii
1187 776 1429 861 expeditionum
1451 796 1499 861 pe

325 901 418 966 ritus.
433 904 672 969 Procuratores
684 922 810 987 quoque
822 908 855 967 et
868 892 1051 989 Scriptores
1065 903 1134 967 vita
1149 901 1358 985 moribusque
1370 901 1501 985 integris

326 1025 432 1088 ornati
449 1031 483 1093 et
497 1026 538 1090 ad
555 1046 647 1095 suum
663 1027 797 1109 quisque
813 1024 953 1090 officium
969 1025 1189 1107 exercendum
1208 1024 1326 1089 idonei.
1353 1023 1405 1088 Ad
1428 1022 1500 1087 haec

326 1168 438 1213 omnes
460 1148 617 1233 praedicti
633 1146 730 1213 officii
755 1150 1030 1213 Poenitentiariae
1055 1149 1203 1220 ministri.
1228 1148 1326 1212 etiam
1344 1146 1500 1211 Procura-

228 1294 232 1299 ’
326 1277 415 1339 tores
439 1279 471 1339 et
486 1273 660 1340 Secretarii
684 1276 750 1339 sint
772 1273 957 1361 presbyteri
972 1275 1026 1339 vel
1042 1280 1133 1341 certe
1149 1276 1183 1338 in
1207 1274 1315 1357 aliquo
1340 1293 1385 1337 ex
1407 1273 1501 1337 sacris

327 1400 493 1465 ordinibus
504 1401 678 1465 constituti.
695 1436 713 1447 -
731 1401 767 1464 lo
785 1400 944 1465 electione
959 1398 1199 1484 praedictorum
1212 1394 1411 1465 Officialium
1427 1398 1500 1461 haec

327 1524 411 1588 ratio
434 1528 467 1588 et
490 1521 657 1588 methodus
680 1522 844 1587 servanda
864 1522 936 1587 erit.
963 1522 1102 1608 Regeus.
1128 1522 1322 1609 Theologus,
1347 1523 1501 1591 Ualerius,

328 1650 532 1715 decretorum
546 1651 674 1721 Doctor,
688 1648 864 1715 Corrector
880 1654 912 1713 et
928 1648 1094 1735 Sigillator
1109 1648 1245 1714 Maioris
1263 1648 1502 1713 Paenitentiarii

330 1792 410 1839 cura
425 1772 689 1838 et'sollicitudine
704 1772 822 1838 delecti
837 1793 876 1838 ac
894 1774 1040 1837 Romano
1065 1770 1215 1837 Pontifici
1231 1770 1271 1837 ab
1290 1770 1401 1837 eodem
1419 1790 1503 1857 prae

329 1899 457 1979 sentati,
476 1897 529 1962 ubi
555 1894 758 1962 Pontificiam
781 1895 1059 1962 confirmationem
1083 1896 1231 1961 obtinere
1255 1898 1444 1967 meruerint,
1460 1896 1503 1959 lit·

328 2024 408 2086 teris
431 2020 613 2106 patentibus
636 2022 734 2106 ipsius
757 2021 892 2085 Maioris
913 2021 1169 2101 Paenitentiarii,
1191 2020 1359 2085 electionis
1382 2025 1414 2083 et
1436 2038 1504 2084 con·

329 2142 520 2210 firmationis
534 2144 715 2209 huiusmodi
739 2143 883 2217 testibus,
901 2164 973 2209 cum
990 2143 1225 2228 subscriptione
1241 2144 1378 2209 alicuius
1393 2143 1503 2208 Secre

329 2269 405 2332 tarii
429 2266 596 2353 expeditis,
618 2266 659 2332 ad
682 2288 774 2331 suum
798 2268 931 2350 quisque
954 2264 1095 2331 officium
1119 2266 1340 2331 admittantur.
1365 2264 1416 2329 Ad
1431 2264 1504 2329 Pro·

330 2401 519 2462 curatorum
542 2415 622 2459 vero
646 2400 678 2459 et
700 2395 902 2479 Scriptorum
927 2392 1035 2459 officia
1057 2392 1097 2458 ab
1120 2392 1233 2459 eodem
1250 2393 1368 2457 Maiori
1392 2392 1505 2471 Ρο001-Δ

329 2522 482 2589 10011οι10
499 2540 563 2585 000
579 2520 633 2583 0111
649 2519 813 2605 eligantur
829 2526 860 2585 01
876 2519 1078 2604 recipiantur
1093 2538 1188 2602 quam
1204 2519 1259 2601 qui
1275 2520 1376 2602 prius,
1393 2518 1505 2582 indicto

331 2642 458 2729 publico
490 2660 651 2708 concursu
681 2646 714 2705 et
747 2660 838 2705 mora
861 2660 922 2705 sex
945 2640 1069 2705 diorum
1101 2640 1292 2724 interposita
1322 2660 1343 2703 0
1367 2640 1504 2725 Regeute

330 2772 366 2832 et
387 2764 583 2833 correctore
605 2784 703 2849 super
725 2766 802 2836 vita,
827 2762 983 2834 moribus,
1007 2768 1127 2837 aetate,
1152 2763 1289 2828 scientia
1313 2762 1506 2845 caeterisque

297 2962 302 2970 ¹
332 2888 494 2971 requisitis
527 2884 732 2971 qualitatibus
763 2884 936 2969 diligenter
960 2884 1135 2949 examinati
1159 2890 1191 2948 et
1214 2884 1414 2970 comprobati
1440 2884 1506 2947 fue·

333 3012 420 3087 rint;
458 3009 600 3093 alioquin
635 3029 748 3073 omues
781 3008 1020 3095 praedictorum
1054 3006 1235 3073 officiorum
1271 3010 1505 3079 concessiones,

333 3138 459 3203 etiamsi
481 3156 502 3201 0
525 3137 671 3201 Romano
694 3134 853 3201 Pontifice
876 3156 919 3201 ex
942 3136 1049 3220 aliqua
1071 3155 1168 3201 causa
1190 3136 1289 3201 aliter
1312 3138 1420 3204 sactae
1441 3136 1508 3201 sue

333 3265 410 3338 rint,
434 3283 494 3350 pro
515 3263 620 3329 irritis
642 3262 834 3328 habeantur.
859 3262 921 3337 Qui
945 3267 1052 3330 autem
1076 3262 1138 3325 rite
1162 3262 1255 3327 iuxta
1281 3264 1509 3348 praescriptam

334 3390 472 3456 formam
497 3390 592 3455 electi
615 3390 748 3462 fuerint,
773 3389 839 3453 suis
862 3390 986 3473 pariter
1008 3386 1190 3472 patentibus
1212 3388 1333 3454 litteris
1355 3408 1375 3452 a
1400 3388 1510 3451 blaiori

336 3516 591 3583 Paenitentiario
613 3515 801 3580 muniantur
816 3535 847 3577 ».
867 3514 1066 3598 congressus
1089 3512 1143 3597 qui
1167 3512 1206 3577 ad
1231 3515 1362 3598 negotia
1385 3513 1511 3578 maioris

334 3641 486 3728 ponderis
510 3637 711 3739 expedienda
729 3638 811 3704 solet
833 3638 949 3703 haberi
967 3637 1007 3703 ab
1024 3635 1225 3705 Officialibus
1242 3637 1511 3701 Paenitentiamae

335 3784 408 3830 cum
432 3762 549 3826 Maiori
573 3759 827 3824 Paenitentiario
851 3758 1034 3843 appellatur
1058 3756 1256 3844 Signatum,
1276 3757 1316 3822 ibi
1335 3759 1421 3822 enim
1436 3755 1512 3821 deli·

336 3889 493 3955 berantur
516 3906 597 3972 quae
627 3886 662 3951 in
693 3884 861 3969 rescriptis
892 3902 949 3949 seu
971 3882 1160 3969 signaturis
1187 3887 1299 3968 postea
1321 3880 1511 3947 'exarantur

425 4013 502 4080 269.
529 4007 731 4078 Officialibus
758 4008 1035 4077 Paenitentiariae
1066 4008 1206 4094 speciale
1246 4028 1327 4072 onus
1362 4006 1512 4071 incumbit

336 4154 402 4200 non
425 4130 592 4199 revelandi
622 4150 640 4193 ‹
660 4134 790 4196 0000010
817 4128 852 4195 S.
880 4128 1170 4195 Poeaiteatiariae
1193 4130 1394 4195 0100001100
1418 4144 1512 4193 000ιο

338 4262 371 4323 01
395 4273 564 4339 personas
594 4253 636 4319 de
667 4250 789 4337 quibas
810 4251 849 4316 ia
871 4270 913 4317 ea
936 4248 1138 4341 tractabitur
1158 4273 1175 4315 s
1198 4252 1306 4337 prouti
1335 4252 1513 4317 continetur

338 4383 372 4447 in
388 4381 530 4447 formula
550 4378 723 4445 iuramenti
747 4376 830 4463 quod
854 4382 1043 4462 nuncupant
1064 4376 1161 4443 iidem
1185 4374 1363 4443 Officiales.
1383 4412 1402 4425 ·
1422 4376 1512 4440 Prae·
