3292 5109
689 237 896 286 scansurum
920 239 970 285 111.
1352 228 1420 295 483

236 355 344 410 interea
369 357 502 426 temporis
531 357 657 412 deserere
681 374 799 429 eamque
817 374 969 412 oeconomo
987 358 1033 413 vel
1052 360 1158 414 vicario
1177 360 1312 431 cuipiam,
1330 365 1418 419 veluti

236 479 366 533 sponsam
385 464 490 534 ignotis
508 465 667 519 custodibus
687 463 854 536 relinquere,
872 481 973 535 sponso
992 483 1046 521 non
1061 484 1217 536 parumper,
1231 470 1279 522 sed
1291 471 1338 524 diu
1351 489 1418 528 sane

236 569 376 637 abfuturo,
396 571 460 624 dum
480 587 581 639 nempe
600 570 797 640 implicabant
815 572 855 636 tit,
869 570 929 636 lite,
943 576 1023 626 terna
1042 573 1127 625 etiam
1141 572 1185 627 vel
1201 579 1346 642 quaterna,
1361 575 1420 629 alia

236 693 270 730 ex
288 677 361 744 aliis,
375 678 505 732 examina
523 695 606 748 super
626 679 798 748 praestantia
812 679 929 747 primum
942 679 1094 744 doctrinae,
1108 684 1166 732 tum
1180 681 1278 735 deinde
1289 681 1418 747 aliorum,

188 770 191 776 ’
237 799 309 853 quae
328 783 362 836 ad
381 781 574 852 integrandam
595 783 774 838 idoneitatem
800 789 957 852 opportuna
980 789 1059 850 sunt,
1085 787 1257 840 contentiose
1277 784 1413 854 multipli-

236 895 344 953 centur,
364 895 392 942 et
411 888 562 953 commode,
581 907 616 944 ne
641 891 729 942 dicam
748 889 846 957 otiose,
871 891 1072 958 transigantur,
1097 897 1246 963 antequam
1269 891 1417 947 deliberari

236 999 332 1067 possit,
352 999 408 1052 utri
428 1000 652 1053 concurrentium
672 998 804 1069 parochia
822 998 859 1052 sit
877 999 1065 1053 adiudicanda.

324 1119 342 1156 e
355 1105 397 1158 ad
407 1104 557 1159 tollendam
574 1105 707 1159 eiusmodi
721 1121 775 1159 non
790 1105 880 1159 minus
892 1105 1164 1177 querelarumquam
1179 1107 1416 1161 incommodorum

236 1211 419 1276 occasionem,
438 1211 523 1264 Sacra
537 1211 725 1280 congregatio
739 1211 856 1265 Concilii
871 1211 1024 1266 Tridentini
1040 1212 1186 1281 interpres,
1200 1216 1346 1283 postquam
1359 1229 1416 1268 rem

235 1336 347 1374 omnem
366 1337 383 1373 a
402 1320 493 1389 capite
512 1321 660 1389 repetitam
680 1322 707 1374 in
728 1319 840 1390 gemina
864 1319 991 1376 Sessione
1013 1321 1023 1375 l
1046 1321 1173 1375 Octobris
1192 1328 1220 1376 et
1242 1323 1273 1376 16
1292 1321 1416 1378 Novem·

236 1427 293 1480 bris
316 1427 393 1493 1720,
406 1444 514 1480 summo
534 1428 626 1481 studio
646 1429 817 1497 recognovit,
830 1429 951 1495 tandem,
965 1427 1144 1482 Sanctissimo
1163 1428 1247 1482 etiam
1267 1434 1415 1490 annuente,

236 1533 337 1588 statuit
355 1533 438 1604 (quod
458 1551 506 1603 per
525 1540 685 1602 praesentes
704 1535 814 1588 litteras
833 1533 990 1603 encyclicas
1009 1532 1175 1604 exequitur),
1195 1550 1291 1590 omnes
1309 1540 1339 1589 et
1357 1535 1417 1588 sin-

236 1641 317 1711 gulos
336 1643 485 1712 Episcopos
510 1641 635 1712 aliosque
660 1641 820 1709 Praelatos,
840 1659 924 1712 penes
946 1658 1014 1712 quos
1033 1643 1070 1695 sit
1088 1643 1132 1695 ius
1150 1647 1179 1696 et
1198 1643 1350 1697 auctoritas
1372 1644 1415 1696 ta-

236 1752 326 1807 ciendi
346 1769 519 1816 concursum,
538 1751 654 1813 hortari,
674 1755 705 1804 ut
724 1767 840 1804 examen
859 1749 993 1804 eiusmodi
1012 1749 1158 1803 instituere
1178 1766 1232 1804 non
1252 1753 1416 1818 graventur,

235 1858 320 1930 quale
341 1857 395 1910 iam
416 1861 444 1911 et
463 1856 568 1911 multae
593 1855 733 1910 dioeceses
757 1855 786 1909 et
805 1853 879 1909 Urbs
905 1855 964 1923 ipsa
988 1857 1132 1919 observat,
1151 1859 1235 1924 atque
1254 1854 1418 1923 Apostolica

236 1965 322 2022 etiarn
342 1964 456 2018 Dataria
475 1962 607 2032 postulat,
626 1963 684 2017 sive
704 1980 766 2016 cnm
785 1960 850 2015 sede
868 1965 986 2015 vacante
1002 1966 1084 2015 vacat
1095 1960 1213 2017 ecclesia
1226 1962 1321 2032 aliqua
1334 1979 1416 2031 paro·

234 2070 350 2136 chialis‚
376 2070 454 2125 cuius
481 2068 597 2123 collatio
616 2068 650 2122 ad
670 2068 767 2122 Sedam
787 2065 976 2136 Apostolicam
1002 2066 1151 2136 pertineat,
1173 2066 1233 2121 sive
1251 2083 1315 2119 cum
1334 2072 1417 2121 vacat

236 2173 405 2244 parochialis
424 2173 526 2244 aliqua,
547 2175 578 2226 ut
596 2171 706 2237 dicitur,
725 2171 805 2224 iusta
822 2170 980 2235 decretum,
997 2171 1055 2224 sive
1074 2170 1193 2234 demum,
1207 2186 1279 2233 cum,
1298 2174 1417 2230 vacante

235 2283 265 2336 in
284 2281 442 2350 collegiatis
461 2285 511 2334 aut
529 2278 736 2334 cathedralibus
755 2277 1030 2346 ecclesiisdignitate
1043 2277 1138 2347 aliqua
1157 2276 1264 2341 maiori,
1279 2277 1415 2330 adnexam

236 2389 357 2445 habente
376 2405 470 2442 curam
491 2389 656 2453 animarum,
674 2387 816 2440 faciendus
835 2390 879 2440 est
899 2401 1049 2439 concursus
1067 2389 1152 2454 atque
1171 2383 1205 2437 ad
1223 2383 1414 2452 Apostolicam

236 2495 378 2551 Datariam
399 2496 639 2562 transmittendus,
659 2499 689 2549 ut
709 2499 804 2548 notum
827 2499 878 2559 est,
896 2499 981 2564 atque
999 2494 1027 2546 in
1047 2493 1159 2558 litteris,
1178 2493 1300 2563 quaeda
1319 2493 1418 2547 ordine

235 2596 407 2650 Sanctissimi
428 2601 495 2651 tunc
514 2613 532 2650 a
551 2597 664 2650 Dataria
684 2597 828 2666 prodeunt,
848 2596 925 2650 clare
944 2595 1151 2665 praescribitur.

323 2701 478 2756 «Vacante
497 2701 592 2772 itaquo
611 2701 729 2756 ecclesia
748 2700 917 2771 parochiali,
942 2717 1015 2771 quae
1039 2699 1206 2754 conterenda
1224 2700 1261 2753 sit
1279 2717 1329 2768 per
1348 2716 1415 2753 con-

235 2825 355 2875 cursum,
373 2814 457 2880 atque
477 2808 530 2863 hoc
549 2809 639 2863 solitis
657 2808 785 2862 formulis
797 2809 910 2872 indicto,
924 2808 995 2863 haec
1006 2825 1078 2879 quae
1091 2812 1254 2878 sequuntur,
1266 2824 1301 2863 ex
1314 2807 1417 2863 Sacrae

235 2913 470 2982 Congregationis
489 2913 637 2978 sententia,
656 2912 783 2980 consili0,
802 2914 939 2974 suasione,
958 2914 1093 2968 servanda
1112 2917 1311 2983 proponuntur.

324 3021 477 3074 «Primum
503 3038 615 3090 nempe,
639 3026 670 3076 ut
696 3022 874 3092 assignentur
899 3023 1010 3078 eaedem
1038 3022 1167 3076 omnibus
1185 3021 1415 3076 concurrentibus

234 3130 425 3200 quaestiones,
445 3129 529 3184 iidem
547 3147 641 3196 casus,
663 3130 790 3200 idemque
809 3134 904 3185 tentus
923 3129 1085 3199 Evangelii,
1103 3145 1186 3198 super
1206 3146 1261 3199 quo
1280 3129 1416 3184 sermonis

234 3233 339 3304 aliquid
359 3235 531 3302 perscribant
550 3235 584 3288 ad
604 3235 775 3304 probandum
794 3235 905 3289 dicendi
924 3253 974 3304 pro
992 3236 1124 3290 concione
1142 3234 1314 3288 facultatem.

323 3341 495 3407 «Alterum,
521 3346 552 3395 ut
579 3359 659 3396 casus
678 3346 706 3396 et
725 3332 902 3413 quaestiones
921 3341 1099 3396 resolvendae
1121 3342 1263 3396 dictentur
1286 3342 1416 3396 omnibus

232 3449 329 3504 eodem
350 3453 479 3536 tempore
504 3453 588 3520 atque
614 3449 743 3502 omnibus
768 3449 873 3518 pariter
892 3449 988 3503 eodem
1007 3453 1132 3517 ternpore
1152 3453 1245 3502 textus
1264 3447 1414 3518 Evangelii

234 3554 369 3609 tradatur.

323 3659 487 3728 «Tertium,
508 3665 540 3714 ut
558 3665 666 3715 certum
686 3661 812 3731 idemque
831 3662 960 3715 omnibus
978 3663 1098 3730 spatium
1112 3661 1245 3731 temporis
1262 3659 1416 3713 constitua·

232 3771 287 3834 tur,
306 3767 381 3820 intra
399 3765 471 3836 quod
492 3781 573 3819 casus
591 3764 741 3833 resolvant,
761 3766 971 3836 quaestionibus
990 3766 1183 3834 respondeant,
1202 3765 1414 3819 conciunculam

231 3874 408 3940 componant.

320 3975 499 4040 «Quartum,
525 3979 557 4029 ut
582 3975 678 4030 eodem
704 3979 901 4030 concurrentes
927 3992 1023 4030 omnes
1041 3974 1070 4029 in
1089 3975 1215 4030 conclavi
1240 3973 1416 4043 claudantur,

232 4082 314 4148 unde,
327 4083 457 4154 quamdiu
472 4083 596 4138 scribent
610 4083 733 4152 (dabitur
745 4085 819 4138 enim
832 4085 960 4139 omnibus
971 4084 1109 4140 scribendi
1124 4085 1215 4154 copia)
1228 4099 1310 4138 nemo
1320 4099 1414 4138 eorum

229 4190 328 4260 egredi
348 4205 438 4260 neque
457 4190 530 4244 alius
548 4190 685 4262 quispiam
707 4207 740 4246 eo
758 4191 867 4260 ingredi
886 4193 983 4262 possit,
1001 4193 1054 4246 nisi
1074 4199 1218 4264 postquam
1232 4193 1336 4262 scripta
1348 4207 1416 4246 con·

231 4297 352 4354 fecerint
370 4299 399 4352 et
419 4295 605 4353 exhibuerint

544 4458 551 4482 t
