3292 5109
226 259 229 262 “
313 247 380 311 446
841 264 925 309 enos
950 262 986 309 n.

312 386 472 451 abolenda
502 406 604 471 poena
635 406 655 449 a
689 384 820 451 Vicario
852 383 989 460 inflicta;
1022 384 1176 469 siquidem
1213 386 1391 470 Episcopus
1426 386 1503 449 iure

313 514 446 598 oratioe
471 515 570 576 utitur
592 519 625 577 et
648 513 680 575 in
705 510 1280 578 suassententiascondemnationis
1305 518 1335 574 et
1359 510 1441 575 binc
1466 513 1501 575 in

312 636 490 699 sententias
513 636 562 699 sui
585 634 725 703 Vicarii,
751 633 919 699 dummodo
951 634 1050 699 subsit
1082 652 1192 701 causa
1218 638 1251 697 et
1283 638 1398 697 contra
1432 653 1503 696 non

313 758 418 824 obstet
441 759 651 843 praescriptio
674 758 754 822 iuris
778 758 965 823 communis.
991 756 1038 823 cf.
1062 758 1250 826 Leurenius,
1273 764 1305 821 et
1333 760 1505 821 ductores

315 885 357 948 ab
380 904 419 948 eo
443 886 542 953 citati,
568 886 588 949 t.
614 905 642 950 c.
666 903 697 967 q.
722 882 800 948 153.

338 1054 343 1063 -
403 1008 435 1091 b)
451 1008 629 1073 admittitur
645 1026 807 1077 recursus.
825 1025 887 1089 quo
903 1008 1023 1091 petitur
1039 1005 1079 1071 ab
1096 1004 1255 1091 Episcopo
1273 1012 1307 1070 ut
1325 1007 1354 1068 V
1357 1006 1503 1070 icarium

312 1135 479 1198 contineat
503 1134 534 1195 in
558 1152 615 1197 suo
638 1130 754 1202 officio,
778 1132 831 1197 vel
856 1138 890 1196 ut
913 1152 1042 1197 causam
1066 1132 1105 1197 ad
1131 1153 1166 1199 se
1189 1140 1331 1199 revocet.
1358 1135 1504 1219 Episco-

314 1278 373 1342 pus
401 1259 484 1323 enim
508 1257 770 1322 animadvertere
793 1262 899 1342 potest
922 1258 954 1320 in
981 1258 1157 1328 Vicarium.
1176 1277 1217 1320 ne
1237 1278 1257 1321 a
1280 1278 1337 1321 suo
1358 1277 1505 1322 munere

313 1380 463 1449 deflectat
485 1387 517 1447 et
540 1388 645 1467 potest
666 1402 796 1447 causam
818 1382 858 1446 ab
883 1402 921 1445 eo
944 1388 1124 1467 susceptam
1147 1380 1187 1446 ad
1212 1402 1246 1447 se
1271 1401 1443 1447 revocare.

403 1508 433 1592 c)
457 1511 509 1573 Ex
531 1508 680 1579 adverso,
701 1508 775 1573 Vic.
799 1506 970 1574 Generalis
994 1528 1099 1590 neque
1122 1528 1196 1573 suas
1220 1508 1395 1572 sententias
1421 1526 1504 1570 con-

313 1636 527 1700 demnationis
541 1635 628 1698 valet
650 1633 797 1699 emollire
813 1653 873 1716 per
888 1652 1011 1717 poenae
1029 1634 1235 1697 mutationem
1260 1634 1292 1695 in
1315 1632 1502 1705 leviorem;

314 1778 418 1841 neque
434 1777 563 1821 causam
579 1758 667 1821 ralet
689 1756 730 1820 ad
753 1776 789 1821 se
809 1776 975 1827 revocare,
993 1764 1068 1821 ante
1085 1755 1124 1820 ab
1142 1756 1301 1841 Episcopo
1318 1776 1502 1841 praeoccu-

313 1888 431 1967 patam.

402 2006 602 2089 stonense
633 2004 789 2070 nullitatis
819 2004 1007 2069 crinceditur
1035 2004 1193 2068 adversus
1216 2004 1392 2068 sententias
1416 2004 1498 2067 Vic.

315 2130 493 2209 Generalis,
519 2150 591 2193 nam
614 2131 675 2193 ista
698 2125 805 2193 differt
829 2128 1012 2193 necessario
1043 2127 1084 2191 ab
1112 2128 1345 2211 appellatione,
1374 2128 1500 2211 quippe

314 2273 379 2317 non
402 2261 525 2337 spectat
548 2252 588 2316 ad
613 2251 856 2316 rescindendam
881 2252 1083 2323 sententiam.
1101 2251 1156 2315 sed
1180 2251 1219 2315 ad
1243 2251 1500 2315 (declarandam

314 2379 383 2441 eius
405 2378 604 2441 multitatem.
631 2377 721 2441 Unde
746 2378 812 2460 ipse
837 2376 909 2440 Vic.
927 2375 1096 2441 Generalis
1120 2376 1207 2439 valet
1228 2376 1361 2441 nuttam
1386 2374 1497 2439 decla-

316 2521 393 2565 rare
417 2501 567 2584 Episcopi
592 2502 793 2565 sententiam.

404 2624 436 2711 6)
462 2626 566 2688 Etiam
597 2626 756 2690 restitutio
787 2625 820 2687 in
854 2624 1025 2708 integrum,
1051 2630 1207 2706 quatenus
1238 2628 1289 2689 est
1314 2622 1498 2687 remedium

312 2748 633 2813 extraordinarium
656 2746 696 2809 ad
727 2746 938 2811 rescindenda
962 2752 1035 2810 acta
1063 2748 1192 2810 omnino
1216 2747 1331 2819 valida,
1357 2747 1497 2811 concedi

313 2872 417 2953 potest
433 2868 472 2932 ab
489 2871 648 2953 Episcopo
672 2868 827 2933 adversus
851 2872 1042 2935 sententiam
1059 2869 1111 2933 vel
1130 2876 1203 2933 acta
1219 2870 1291 2933 Vic.
1309 2871 1495 2945 Generalis;

313 2992 369 3057 sed
392 2993 433 3057 ab
456 2995 524 3078 ipso
549 2994 682 3057 Vicario
705 2998 813 3078 posset
836 2992 968 3057 concedi
992 2992 1031 3057 ad
1056 2994 1288 3059 rescindendas
1315 2997 1497 3060 sententias

311 3115 457 3198 aliasque
480 3116 630 3200 Episcopi
656 3115 920 3199 praeceptiones;
945 3134 1019 3178 nam
1051 3116 1133 3180 haec
1164 3122 1304 3201 potestas
1336 3116 1498 3183 cohaeret

312 3258 387 3303 cum
411 3237 575 3301 ordinaria
604 3242 769 3321 potestate,
794 3256 888 3320 quam
913 3237 1058 3305 obtinent
1081 3241 1259 3324 Episcopus
1283 3240 1406 3303 eteius
1431 3240 1496 3303 Vi-

312 3363 422 3425 carius
447 3361 625 3427 Generalis.
652 3397 669 3408 -
695 3364 868 3425 Dunrtaxat
893 3362 965 3426 Vic.
990 3364 1161 3429 Generalis
1184 3363 1355 3446 aliquando
1378 3363 1496 3447 prohi-

314 3487 385 3551 beri
407 3494 514 3572 posset
537 3487 577 3551 ab
600 3488 760 3553 exoratio
784 3487 881 3552 huius
901 3488 1061 3555 facultatis
1078 3508 1097 3552 a
1114 3491 1299 3553 reverentia
1315 3508 1395 3573 erga
1412 3490 1496 3573 Epi-

313 3633 447 3697 scopum
474 3614 526 3677 vel
552 3613 593 3678 ab
614 3614 685 3678 aliis
716 3613 893 3678 rationibus
921 3633 985 3677 non
1016 3616 1102 3679 iuris
1125 3613 1181 3679 sed
1210 3613 1303 3696 sacti.
1335 3616 1494 3697 -Neque

314 3738 490 3803 audiendus
506 3745 555 3820 est
571 3741 683 3819 Bonis,
701 3742 755 3823 qui
779 3759 833 3823 op.
852 3741 903 3805 cit.
921 3741 948 3813 1,
963 3760 999 3822 p.
1016 3740 1089 3805 374
1106 3742 1256 3825 opinatur
1272 3739 1366 3804 hodie
1389 3760 1494 3805 reme-

314 3864 401 3928 dium
417 3866 627 3929 restitutionis
644 3864 675 3928 in
693 3865 855 3947 integrum
879 3862 1023 3928 adbiberi
1041 3884 1100 3948 per
1124 3862 1250 3927 modum
1267 3863 1496 3946 appellationis

315 3996 350 4055 et
370 3989 447 4053 hinc
470 3990 619 4053 exerceri
643 4008 707 4053 non
732 4010 825 4072 posse
847 3989 890 4053 ab
915 3990 1072 4073 Episcopo
1090 3990 1212 4053 inacta
1235 3990 1267 4055 V
1269 3991 1370 4055 icarii.
1396 3991 1495 4055 Nam·

314 4133 386 4197 que.
405 4115 449 4178 uti
470 4115 674 4197 exposuimus
697 4116 762 4180 oot.
784 4116 815 4195 J,
840 4135 874 4178 n.
899 4114 973 4179 652
990 4134 1068 4198 sep,
1094 4114 1187 4179 bodie
1213 4116 1294 4181 solet
1317 4116 1494 4181 caenaturi

315 4258 388 4303 cum
412 4238 626 4323 appellatione
644 4237 821 4324 remedium
846 4240 974 4303 restio
999 4238 1160 4324 integrum
1184 4258 1240 4305 seu
1264 4240 1399 4323 querela
1423 4239 1495 4305 nul-

315 4360 429 4435 litatis3
454 4365 487 4426 et
508 4365 586 4424 tunc
609 4361 657 4424 vis
687 4358 911 4445 appellationis
938 4366 995 4433 est,
1021 4367 1056 4424 ut
1079 4360 1118 4425 de
1142 4361 1231 4427 hisce
1255 4361 1407 4427 remediis
1438 4381 1493 4427 co·
