3292 5109
364 270 428 335 176
888 287 973 335 raas
997 287 1035 335 11.

1361 9 1598 290 p

361 410 463 485 nibus,
480 428 537 477 sau
552 408 672 495 absque
688 428 784 495 scopo
800 408 860 475 sibi
877 410 1041 496 proposito
1059 415 1092 475 et
1107 428 1273 496 expresso,
1287 408 1346 475 sed
1361 410 1522 475 consistere
1595 457 1596 460 ,

361 538 466 621 potest
487 534 557 601 sine
572 532 858 601 Constitutionibus
873 532 1038 601 definitive
1054 534 1277 601 determinatis
1297 540 1331 600 et
1354 534 1523 621 approbatis

362 667 394 725 et
415 662 554 727 maxime
577 661 646 725 siue
668 659 888 745 peculiaribus
903 660 968 726 illis
984 660 1304 746 praescriptionibus,
1328 678 1410 744 quae
1427 658 1464 725 ab
1478 680 1521 724 ex·

360 782 519 869 parientia
541 782 778 868 persuadentur
802 784 849 851 uti
872 784 1078 850 necessariae
1095 789 1152 849 aut
1175 788 1378 870 opportunae
1399 781 1440 847 ad
1459 780 1522 846 obti-

361 902 501 968 nendum
524 922 655 990 scopum
679 907 831 975 Instituti.
850 942 868 955 -
887 908 974 972 Hinc
990 906 1116 992 quando
1133 905 1229 973 datur
1251 906 1391 992 primum
1413 922 1523 989 quoque

362 1034 526 1101 decretum
549 1034 663 1107 laudis.
687 1038 968 1103 communicantur
991 1036 1308 1106 animaduersiones
1327 1038 1523 1122 suggerentes

361 1178 493 1223 normas
516 1179 575 1246 pro
598 1159 813 1225 reformandis
838 1160 1125 1227 constitutionibus
1142 1195 1160 1209 ·
1178 1158 1234 1246 (1).

308 1382 311 1389 ἢ
453 1282 527 1349 149.
551 1282 584 1349 Si
608 1283 785 1349 institutum
809 1282 927 1349 iamdiu
950 1283 1080 1357 vixerit,
1105 1284 1233 1368 lateque
1256 1280 1405 1349 diffusum
1421 1282 1522 1366 sitper

362 1412 500 1489 quatuor
523 1405 575 1471 vel
598 1408 737 1491 quinque
760 1406 872 1473 domus
887 1408 951 1472 iam
975 1409 1008 1471 in
1031 1392 1170 1473 diversis
1185 1406 1386 1472 dioecesibus
1401 1412 1522 1476 erectas

361 1532 478 1597 uberes
501 1532 628 1597 fructus
655 1532 850 1607 relerentes,
875 1538 909 1599 et
931 1532 1014 1598 haec
1037 1533 1146 1598 omnia
1167 1537 1301 1616 pateant
1321 1552 1383 1618 per
1405 1552 1523 1598 concor-

362 1656 434 1723 dem
450 1657 697 1726 Ordinariorum
713 1658 914 1735 relationem;
929 1659 1013 1724 solet
1028 1658 1098 1723 dari
1114 1659 1287 1726 decretum
1303 1658 1417 1724 landis
1430 1658 1525 1742 ipsias

361 1782 518 1849 Instituti.
545 1817 563 1831 -
587 1783 712 1849 Verum
735 1784 769 1847 in
792 1783 856 1849 boc
879 1784 1078 1868 propositum
1100 1783 1289 1849 consulatur
1313 1783 1436 1865 Bouix,
1459 1784 1479 1847 i.
1499 1802 1522 1848 c.

357 1921 395 1986 ρ.
417 1902 502 1986 293,
527 1906 580 1988 qui
603 1904 696 1971 docet
718 1903 875 1989 quomodo
898 1904 1026 1991 partim,
1051 1904 1210 1971 hodierna
1235 1903 1414 1990 disciplina,
1441 1903 1524 1968 dero·

362 2033 471 2114 gatum
491 2030 531 2095 sit
552 2027 618 2115 legi
642 2030 713 2095 lun.
739 2030 787 2095 lII
812 2030 902 2113 (cap.
929 2030 961 2103 9,
987 2029 1034 2095 tit.
1058 2028 1117 2105 36,
1142 2030 1197 2097 lib.
1221 2029 1256 2105 3,
1279 2031 1327 2113 X)
1343 2031 1470 2101 vetanti,
1491 2048 1525 2092 ue

362 2174 446 2221 nora
470 2155 595 2241 Religio
625 2174 686 2221 neo
718 2156 901 2221 institutum
934 2155 1133 2241 Religiosum
1164 2154 1390 2223 introducatur
1418 2154 1524 2239 absque

361 2279 562 2366 beneplacito
578 2277 609 2345 S.
627 2277 726 2344 Sedis.
746 2314 764 2327 ·
781 2278 884 2345 Hodie
904 2280 982 2363 quia
1001 2297 1085 2364 pene
1107 2280 1300 2345 innumerae
1322 2280 1357 2345 in
1380 2278 1446 2345 dies
1466 2300 1526 2343 suc·
1596 2295 1597 2354 ᾗ

362 2410 513 2469 crescunt
536 2403 715 2469 huiusmodi
731 2403 962 2475 Institutiones,
981 2404 1092 2489 plures
1107 2407 1268 2471 excitatae
1284 2409 1361 2469 sunt
1375 2403 1524 2488 querelae.

361 2532 395 2593 et
417 2527 652 2614 expostulatum
683 2532 732 2595 est
754 2527 794 2592 ab
818 2528 881 2593 hac
906 2528 1007 2613 (long.
1033 2535 1068 2594 ut
1091 2548 1156 2593 non
1179 2528 1278 2594 facile
1309 2529 1526 2614 permittantur

361 2672 465 2717 norae
495 2652 709 2719 fundationes.
738 2652 769 2719 S.
795 2652 895 2737 Cong.
924 2652 1011 2719 hanc
1035 2655 1254 2737 quaestionem
1279 2653 1409 2739 dignam
1430 2653 1527 2717 aristi-
1595 2631 1596 2644 ¹

362 2773 461 2840 mavit
476 2794 557 2859 quae
572 2772 611 2837 ad
628 2792 765 2839 examen
784 2779 1008 2850 revocaretur,
1021 2781 1053 2840 et
1070 2774 1163 2840 modo
1182 2774 1320 2843 sollicite
1336 2776 1370 2839 iu
1386 2770 1527 2840 eiusmodi

363 2897 579 2980 quaestionem
603 2892 815 2962 definiendam
839 2898 1007 2963 incumbit.

453 3018 526 3085 150.
550 3018 741 3103 Aliquando
765 3021 897 3086 attentis
919 3019 1111 3104 specialibus
1135 3021 1275 3086 Instituti
1291 3026 1325 3085 et
1341 3019 1526 3086 Institutoris

362 3148 495 3217 meritis,
511 3150 583 3231 post
601 3164 778 3231 congruum
801 3151 940 3232 tempus,
965 3166 1030 3212 una
1053 3166 1126 3211 cum
1150 3146 1282 3214 decreto
1307 3146 1421 3213 laudis
1440 3144 1526 3211 lusti·

361 3272 430 3345 tuti
448 3270 635 3337 conceditur
657 3272 831 3338 decretm
856 3271 1115 3356 approbationis
1138 3271 1280 3339 eiusdem
1305 3266 1526 3339 institoriam

338 3372 341 3377 ¹
362 3393 625 3481 approbationem
640 3395 779 3461 instituti
794 3394 879 3479 quod
901 3401 1036 3481 spectat,
1052 3394 1247 3463 advertatur
1271 3396 1360 3461 hanc
1374 3414 1439 3459 non
1453 3414 1527 3458 oom-

362 3518 567 3607 prehendere
580 3518 842 3606 approbationem
859 3519 1141 3586 Constitutionum.
1159 3520 1210 3586 Re
1226 3520 1355 3605 quidem
1371 3538 1449 3584 vera
1461 3536 1527 3583 oon·

362 3642 432 3708 cedi
456 3662 518 3707 nou
550 3643 630 3709 solet
657 3644 844 3729 approbatio
877 3646 1019 3713 Instituti
1051 3645 1112 3709 nisi
1143 3645 1239 3711 etiam
1270 3643 1525 3710 Constitutiones.

361 3768 481 3834 saitem
504 3768 540 3833 in
561 3766 845 3843 substantialibus,
863 3766 1061 3854 approbatae
1076 3769 1155 3845 siut;
1174 3768 1232 3835 sed
1253 3765 1430 3855 approbato
1445 3765 1526 3831 lusti·

450 3976 490 4048 (l)
509 3978 539 4033 In
553 3979 693 4034 veteribus
705 3976 855 4031 Ordinibus
869 3977 1059 4047 Regularibus
1078 3995 1127 4033 seu
1146 3978 1309 4049 approbatis
1322 3994 1385 4032 cum
1405 3976 1474 4031 votis
1490 3988 1527 4025 so·

362 4083 500 4139 lamuibus
522 4084 732 4155 distinguuntur
755 4085 876 4153 regniac
903 4101 920 4137 a
945 4085 1199 4139 constitutionibus:
1224 4084 1260 4137 cs.
1279 4082 1451 4137 Bonis-Dc
1468 4078 1527 4134 lure

362 4188 432 4257 Regi.
450 4199 524 4259 port.
545 4188 733 4258 1‚pnp.192.
754 4187 883 4259 Repetas
909 4189 1071 4257 significant
1095 4204 1208 4257 scopum
1236 4184 1363 4241 instituti
1382 4185 1526 4257 proprium

228 4290 231 4295 '
363 4296 566 4350 constitutiones
594 4294 771 4364 suppeditant
800 4294 891 4349 media
920 4300 1077 4364 opportuna
1105 4292 1139 4347 ad
1168 4293 1294 4350 eumdem
1324 4308 1438 4363 scopum
1463 4302 1527 4345 asse·

362 4400 508 4472 quendum.
