3292 5109
157 411 287 475 cesione
318 410 525 475 collationum
547 410 794 486 beneficiorum,
820 418 853 478 et
875 420 1059 481 ceterarum
1090 416 1333 480 concessionum

156 540 187 599 et
203 536 393 620 gratiarum.
411 536 536 600 Verum
552 537 695 602 solemne
711 538 772 603 luit
792 536 1010 620 Pontificibus,
1026 546 1203 624 proventus
1217 538 1334 605 harum

157 664 309 725 taxarum
339 662 527 747 impendere
550 664 583 727 in
607 665 676 749 pios
701 685 785 729 usus.
818 665 946 750 Etenim
970 664 1193 731 cancellariae
1216 671 1248 731 et
1271 667 1335 730 Da·

156 786 261 850 tariae
292 786 413 851 reditus
441 807 514 851 cum
537 789 649 873 primis
679 808 756 873 opes
779 788 1025 874 suppeditarunt
1046 790 1087 856 ad
1109 789 1334 855 debellandam

484 292 527 338 nu
551 291 690 339 romeus
714 292 980 341 uccensrnsrrcrs
1265 274 1330 341 291

156 912 361 977 Turcharum
396 913 603 999 tyrannidem
635 918 667 979 et
694 918 868 1000 praecipue
890 916 923 979 in
946 916 1034 981 bunc
1068 936 1199 1001 scopum
1221 916 1274 981 vel
1300 917 1335 980 iu

157 1038 253 1101 alium
279 1058 345 1102 non
371 1040 476 1103 minus
498 1040 595 1125 pium,
619 1041 855 1125 praestationes
877 1042 1043 1126 impositae
1064 1041 1198 1107 luerunt
1219 1038 1337 1105 benefl-

155 1160 248 1225 ciatis
272 1166 305 1225 et
328 1160 401 1225 aliis
432 1162 484 1245 qui
516 1160 706 1226 fruerentur
730 1161 1021 1247 dispensationibus
1043 1169 1076 1229 et
1098 1163 1212 1247 gratiis
1233 1182 1254 1226 a
1277 1164 1335 1227 Da·

155 1286 240 1347 teria
263 1285 439 1349 concessis.
472 1283 582 1349 Veluti
607 1284 647 1349 ad
674 1283 864 1350 obtinendas
894 1286 1146 1351 matrimoniales
1174 1286 1334 1371 dispensa·

156 1410 261 1474 tiones
283 1428 343 1493 pro
360 1408 515 1491 qualitate
531 1418 563 1473 et
585 1410 745 1494 gravitate
768 1410 984 1495 impedimenti
1008 1412 1162 1477 solvenda
1184 1416 1235 1477 est
1255 1416 1334 1478 taxa

157 1530 329 1613 aliquando
356 1532 483 1617 gravia
508 1531 564 1596 sed
587 1532 650 1595 iam
673 1531 713 1597 ab
737 1534 830 1597 initio
853 1538 983 1598 cautum
1005 1532 1075 1603 fuit,
1101 1537 1137 1597 ut
1158 1537 1335 1617 proventus

158 1656 232 1721 inde
257 1658 403 1741 percepti
427 1656 667 1723 destinarentur
690 1658 723 1722 iu
748 1657 930 1723 mercedem
956 1656 1149 1723 Officialium
1166 1657 1335 1724 Paeniten-

156 1782 274 1846 tiariae
299 1800 381 1865 quae
407 1782 514 1846 omnia
537 1788 610 1847 acta
633 1782 734 1867 gratis
757 1783 887 1846 omnino
917 1781 1073 1867 expedire
1095 1781 1206 1856 debet;
1230 1782 1334 1867 siqui

157 1924 235 1969 vero
248 1910 456 1989 superessent
472 1903 604 1981 reditus,
617 1924 659 1970 ex
674 1888 802 1969 isto'vel
821 1925 864 1969 ex
881 1904 944 1970 alio
961 1904 1050 1970 fonte
1066 1907 1100 1969 in
1112 1906 1253 1987 Datame,
1265 1926 1335 1970 ero

158 2034 315 2112 gerentur
331 2029 363 2092 in
381 2028 622 2113 eleemosynas;
647 2031 680 2093 et
702 2024 808 2091 adhuc
825 2028 886 2091 iste
906 2046 976 2091 mos
999 2026 1150 2112 religiose
1173 2033 1334 2092 servatur.

159 2152 249 2218 Haec
278 2154 370 2239 large
394 2158 426 2217 et
452 2152 553 2217 solide
584 2158 616 2217 et
646 2150 771 2221 erudite
802 2151 945 2236 explicat
974 2151 1068 2217 (lard.
1098 2154 1145 2217 De
1167 2153 1272 2225 Luca,
1295 2153 1334 2217 in

158 2295 210 2359 op.
235 2278 286 2342 De
309 2276 427 2362 officiis
449 2275 625 2342 uenatibus
647 2274 863 2343 accubitibus.

245 2400 298 2465 Uti
311 2400 484 2471 innuimus,
499 2398 602 2464 auctis
614 2398 753 2483 negotiis
767 2395 971 2482 augebantur
982 2394 1135 2461 officiales
1147 2416 1204 2461 seu
1215 2394 1333 2469 officia;

159 2523 379 2607 quodcumque
403 2543 482 2587 vero
506 2521 644 2587 officium
668 2522 741 2586 fons
764 2527 840 2586 erat
862 2526 1076 2606 proventuum
1100 2519 1140 2585 ob
1162 2526 1257 2586 taxas
1280 2541 1334 2585 ex·

157 2647 309 2731 peditioni
333 2650 486 2731 cuiusque
510 2648 628 2733 negotii
652 2647 805 2711 adnexas.
831 2645 914 2712 Inde
937 2666 1033 2729 quum
1054 2647 1228 2710 Aerarium
1251 2647 1334 2709 Pon·

157 2770 292 2838 tidcium
315 2778 449 2857 propter
472 2774 564 2837 varia
587 2776 620 2836 et
643 2768 784 2835 diflicilia
807 2770 959 2855 incoepta
988 2769 1144 2834 adversus
1167 2768 1334 2834 Ecclesiae

157 2896 265 2963 hostes
289 2901 446 2981 suscepta,
463 2897 570 2981 inopia
586 2900 800 2982 premeretur.
818 2892 993 2959 Pontifices
1008 2894 1090 2961 haec
1112 2911 1249 2957 munera
1264 2892 1334 2957 red·

158 3020 307 3087 diderunt
329 3020 469 3087 venalia
496 3040 560 3085 non
585 3018 689 3104 quoad
713 3018 1054 3093 administrationem,
1078 3016 1135 3083 sed
1158 3016 1261 3101 quoad
1283 3036 1333 3083 re·

157 3148 247 3213 ditus
282 3146 395 3212 eadem
429 3144 534 3211 officia
557 3147 586 3211 ei
614 3144 840 3226 attribuentes,
865 3144 1006 3228 alioquin
1034 3144 1130 3229 digno
1153 3148 1186 3209 et
1207 3144 1332 3218 idoneo,

157 3273 209 3353 qui
225 3272 259 3336 in
275 3278 477 3337 antecessum
501 3270 642 3335 solveret
662 3270 818 3355 pecuniae
841 3288 997 3332 summam
1021 3268 1269 3353 respondentem
1284 3286 1335 3333 rc-

157 3395 273 3462 ditibus
296 3394 513 3481 percipiendis
528 3392 568 3458 ab
584 3390 713 3459 officiali
737 3394 769 3457 in
786 3391 882 3457 officii
898 3391 1184 3457 administratione.
1209 3392 1253 3456 At
1268 3409 1334 3455 non

157 3521 405 3607 inperpetuum
429 3541 486 3586 seu
509 3538 582 3584 cum
606 3518 678 3583 iure
700 3521 842 3603 emptum
869 3513 1010 3581 officium
1031 3514 1270 3581 transmittendi
1291 3514 1332 3580 ad

155 3768 200 3825 vel
224 3770 350 3837 integros
375 3768 421 3821 vel
447 3767 551 3823 medios
577 3764 657 3835 primi
679 3764 753 3830 anni,
773 3764 838 3818 inde
863 3773 982 3818 unuutue
1001 3762 1047 3816 vel
1071 3762 1181 3817 mediae
1205 3772 1332 3815 menatae.

157 3874 195 3930 De
207 3875 353 3930 beneficiis
367 3873 497 3944 possessis
510 3872 545 3925 ab
559 3870 671 3924 entibus
684 3870 837 3923 moralibus
848 3884 897 3923 seu
911 3884 929 3921 a
940 3885 1027 3921 muna
1038 3878 1158 3934 mortua,
1167 3868 1208 3922 uti
1221 3867 1334 3933 dicitur,

157 3980 257 4049 quippe
277 3979 332 4031 ista
350 3978 426 4032 entia
451 3991 593 4045 nunquam
618 3972 754 4028 beneficia
777 3971 902 4025 efficiunt
921 3971 1057 4037 vacuatio,
1075 3973 1212 4024 statutum
1230 3970 1285 4024 suit
1303 3970 1334 4025 in

157 4085 388 4153 currespectivum
413 4088 587 4149 annularem,
606 4080 676 4136 solvi
701 4080 887 4151 quindenniu5
912 4080 946 4133 cf.
967 4078 1006 4133 De
1024 4079 1164 4143 Albertis,
1183 4079 1225 4131 De
1250 4080 1332 4148 quia·

158 4192 274 4245 donatis.
292 4218 330 4233 -
350 4190 406 4245 Leo
423 4190 451 4245 X
470 4190 499 4243 in
517 4189 611 4243 Const.
632 4186 786 4243 Pastoruiis
806 4184 890 4256 officii
907 4184 1002 4253 refert,
1021 4185 1174 4240 solutiones
1191 4181 1333 4238 iaciendas

157 4295 184 4349 in
203 4294 292 4353 Bullia
311 4292 489 4365 expediendis
513 4290 618 4361 triplici
644 4290 752 4344 ratione
771 4288 847 4343 fleri:
870 4286 895 4355 l)
914 4286 1023 4342 ratione
1041 4290 1221 4351 namtarum
1240 4283 1269 4356 2)
1288 4301 1335 4338 ra·

158 4399 231 4455 tione
251 4404 381 4455 taxarum
398 4396 518 4469 plumbi;
547 4394 575 4465 3)
595 4394 703 4449 ratione
724 4391 837 4463 registri
856 4388 1009 4445 Bullarum.
