3292 5109
518 330 562 376 us
585 330 725 377 runicus
749 329 1015 377 aoonssmsrrms
1301 308 1368 374 325

186 452 474 521 eetraordinertis
490 454 719 520 ecclesiasticis
731 454 977 537 praepositam.
995 452 1057 519 Sed
1069 451 1235 515 ordinaria
1249 450 1366 535 Officia

188 578 300 661 quibus
329 577 503 645 Pontifices
535 584 669 644 utuntur
697 580 729 642 in
758 576 1049 663 dispensationibus
1079 575 1366 643 matrimonialibus

186 704 400 769 concedendis
431 709 506 768 sunt
530 703 564 770 S.
589 702 734 768 Dolorio
759 723 818 788 pro
840 702 918 786 foro
942 706 1100 777 caterae,
1127 700 1161 766 S.
1187 700 1367 767 Paenitea-

186 828 291 893 tiario
306 848 365 913 pro
380 828 458 911 foro
475 829 617 903 interno,
636 828 841 914 regulariter.
869 863 887 876 ·
914 828 1092 892 Praeterea
1114 826 1241 890 adverti
1261 824 1365 899 debet,

188 952 220 1017 S.
245 953 407 1017 Datariam
436 952 525 1017 nulla
555 951 710 1037 expedire
741 953 888 1037 negotia,
914 951 1111 1036 proindeque
1135 971 1177 1014 ne
1200 951 1367 1035 dispensa-

187 1078 292 1142 tiones
322 1076 450 1161 quidem
479 1078 747 1149 matrimoniales,
773 1077 884 1142 diebus
908 1077 1091 1151 dominicis,
1115 1077 1249 1159 aliisque
1277 1076 1368 1140 festis

187 1207 221 1266 et
243 1222 340 1283 nunc,
365 1202 405 1266 ab
428 1204 518 1267 initio
541 1203 678 1268 labentis
700 1204 777 1267 anni
803 1202 898 1275 1898,
923 1204 1009 1268 feria
1023 1205 1055 1267 V
1075 1205 1228 1288 cuiusque
1251 1184 1369 1269 hebdo-

189 1324 312 1397 madae,
337 1324 465 1409 quando
489 1326 570 1390 alius
601 1346 665 1389 non
691 1325 811 1391 incidat
839 1325 908 1391 dies
933 1326 1036 1391 festus
1065 1329 1098 1391 in
1124 1326 1366 1391 hebdomadam.

189 1449 348 1533 Tempore
364 1449 568 1513 vacationum
585 1448 828 1529 autumnalium,
849 1455 945 1514 antea
960 1449 1142 1514 habitarum
1159 1448 1280 1513 edict
1299 1447 1367 1515 Oet.

187 1571 236 1635 ad
259 1570 635 1646 diem12Nooembris,
653 1572 716 1635 iam
740 1590 760 1634 a
782 1571 885 1638 tribus
901 1575 995 1637 annis
1010 1571 1126 1640 Officia
1143 1573 1293 1637 Datariae
1316 1592 1369 1657 pa-

188 1697 269 1773 tent,
281 1691 479 1777 proindeque
497 1692 713 1777 expediuntur
726 1686 822 1759 etiam
836 1693 1088 1777 dispensationes
1100 1694 1368 1763 matrimoniales:

187 1838 223 1883 eu
247 1820 290 1884 ita
313 1818 499 1903 corrigendi
524 1820 694 1893 ductores,
725 1821 821 1904 plane
853 1839 974 1891 omnes,
1003 1819 1183 1884 reserentes
1205 1822 1369 1903 antiquam

188 1946 316 2030 praxim
340 1945 498 2009 feriarum
524 1945 769 2011 autumnalium.
786 1946 830 2010 nt
845 1944 876 2010 S.
895 1945 1044 2009 Datariae
1068 1942 1218 2010 Officium
1241 1945 1368 2029 penitus

188 2071 397 2152 conquiescit,
419 2069 502 2135 Sede
519 2069 671 2134 Vacante
695 2070 813 2155 quippe
833 2068 1013 2135 cardinalis
1037 2068 1240 2135 Pro-Datarii
1262 2072 1369 2133 aucto-

191 2195 271 2259 ritas
292 2199 371 2258 tunc
394 2194 610 2279 suspenditur.
629 2194 725 2259 Sede
743 2202 858 2260 contra
878 2197 1152 2277 quiaanimarum
1175 2195 1261 2259 salus
1285 2214 1368 2258 nun·

190 2337 286 2401 quam
310 2318 489 2402 periclitari
514 2316 617 2399 debet,
634 2317 666 2383 S.
686 2318 939 2382 Paenitentiaria
955 2317 1176 2383 vacationibus
1199 2323 1369 2383 autumna-

190 2444 275 2512 libus
290 2466 354 2510 non
371 2446 500 2520 inuitum
518 2451 550 2510 et
565 2446 642 2530 ipsis
661 2444 772 2510 diebus
793 2445 882 2509 lestis
902 2444 1015 2528 quibus
1030 2445 1092 2509 hoc
1112 2443 1196 2508 idem
1216 2442 1368 2510 Officium

190 2573 390 2655 conquiescit
407 2590 424 2634 c
442 2576 549 2635 tamen
569 2572 595 2635 si
620 2574 735 2655 urgeat
757 2570 893 2635 alicuius
916 2570 1158 2655 dispensationis
1181 2570 1367 2641 necessitas,

193 2692 359 2760 Officiales
383 2690 510 2777 (nempe
534 2690 728 2776 Secrelurii)
749 2690 831 2755 adiri
849 2696 983 2776 possunt
999 2692 1148 2776 privatim
1172 2692 1205 2753 in
1229 2692 1294 2756 suis
1318 2689 1369 2754 do

192 2819 304 2891 mibus,
323 2822 376 2905 qui
392 2820 619 2905 postulantium
634 2837 749 2902 preces
766 2819 940 2902 excipiunt,
958 2817 1150 2901 eosdemque
1165 2818 1317 2903 dirigunt,
1334 2822 1370 2881 ut

192 2949 350 3028 qnatenus
374 2964 452 3027 opus
475 2944 524 3015 sit,
545 2962 604 3026 pro
628 2943 867 3027 opportunitate
891 2943 1021 3025 negotia
1044 2941 1304 3027 expediantur»,
1324 2946 1370 3008 te-

194 3069 299 3130 statur
323 3066 480 3129 Avanzini
505 3064 591 3129 Aeto
615 3064 648 3128 S.
674 3062 781 3138 Sedis,
807 3064 835 3134 I,
860 3063 949 3145 App.
972 3063 1026 3143 Vl,
1047 3082 1084 3145 p.
1108 3063 1185 3127 126.
1210 3063 1371 3137 Quocirca

193 3188 245 3251 via
276 3192 355 3251 tunc
385 3190 472 3270 patet
501 3205 560 3269 per
588 3185 745 3248 blaiorem
778 3184 1067 3248 Paenitentiarium
1099 3183 1321 3270 expostulandi
1351 3205 1372 3249 a

194 3310 323 3376 Summo
355 3307 511 3374 Pontifioe
544 3308 796 3393 dispensationes
828 3310 1012 3372 auctoritati
1042 3308 1138 3374 huius
1168 3307 1275 3375 Officii
1306 3330 1372 3375 non

192 3437 413 3517 competentes
429 3434 484 3498 aut
500 3432 531 3498 S.
548 3431 699 3496 Datariae
719 3432 879 3515 privative
900 3437 1128 3517 competentes,
1146 3433 1272 3516 quando
1287 3434 1372 3501 haec

193 3575 258 3619 non
289 3559 373 3641 agat,
398 3554 458 3619 cfr.
483 3555 568 3619 Actu
598 3554 631 3619 S.
659 3552 765 3629 Sedis
790 3554 838 3629 ll,
859 3574 942 3640 pop.
967 3554 1025 3619 62.
1050 3556 1131 3619 Item
1164 3560 1293 3619 cautum
1323 3560 1373 3619 est

194 3680 559 3754 utS.Poenitentia1·ia‚
585 3680 618 3742 in
642 3698 698 3744 suo
723 3699 869 3748 munere,
891 3678 973 3743 Sede
996 3679 1144 3744 Vacante
1167 3697 1232 3741 non
1255 3683 1371 3751 taceat,

193 3810 226 3871 et
241 3808 268 3870 si
284 3808 437 3891 expirant
453 3806 521 3870 eius
537 3804 708 3869 facultates
722 3823 788 3887 pro
804 3803 882 3886 foro
900 3810 1050 3876 eatena,
1065 3804 1259 3868 econtrario
1274 3822 1373 3886 usque

192 3928 305 4014 vigent
331 3930 400 3993 eius
427 3927 599 3993 facultates
622 3946 689 4009 pro
716 3925 794 4008 foro
822 3925 974 3999 interae,
1000 3928 1063 3989 imo
1092 3926 1310 3991 extenduntur
1333 3925 1374 3990 ad

194 4071 289 4116 casus
313 4053 409 4115 etiarn
433 4055 604 4134 exceptos3
630 4071 672 4114 ex
695 4050 802 4115 Const.
828 4049 953 4115 Pastor
977 4048 1101 4122 Bonus,
1125 4048 1169 4130 §S
1192 4050 1244 4125 51,
1269 4050 1328 4116 52.

286 4176 412 4261 Regula
442 4176 605 4261 generalis
636 4180 701 4247 est,
734 4194 849 4259 nempe
874 4173 1159 4238 Paenitentiariam
1187 4173 1375 4259 dispensare

195 4305 319 4369 tantum
336 4303 369 4365 in
386 4301 520 4367 occultis
542 4300 778 4387 impedimentis
801 4318 862 4385 pro
886 4300 958 4363 foro
982 4300 1207 4373 conscientiae,
1225 4302 1299 4383 quia
1317 4302 1376 4365 Da·

194 4427 280 4491 taria
302 4424 467 4511 dispensat
489 4446 548 4510 pro
572 4424 645 4488 foro
669 4428 821 4499 externo;
846 4428 880 4487 at
902 4424 973 4488 iure
997 4422 1153 4487 hodierno
1176 4425 1324 4510 exceptio
1339 4422 1377 4492 fit
