3292 5109
459 296 504 341 nn
528 294 667 343 rumoris
690 255 962 343 uocausmsrrors'
1256 273 1301 341 95

118 418 371 483 iurisdictionem
395 421 429 483 in
450 419 603 486 tribunali
627 424 723 485 antea
739 440 759 484 a
775 420 994 485 'thesaurario
1018 440 1111 485 seua
1127 440 1185 486 suo
1203 420 1301 483 Prae

118 544 203 609 fecto
227 548 425 629 nuncupato.
704 536 708 541 ’

209 664 391 733 Cardinalis
419 666 623 731 Camerarius
653 666 864 731 renunciatus
895 665 956 730 fuit
980 664 1179 731 Administer
1202 663 1300 749 Apri·

118 792 275 857 acturae
302 796 335 857 et
359 790 569 872 Commercii,
589 790 646 857 sed
677 790 820 857 tribunal
846 792 1002 857 Gamerae
1026 790 1232 887 apostolicae
1256 790 1301 855 ita

118 910 304 976 ordinatum
329 911 391 977 luit
414 918 450 977 ut
471 930 492 976 a
516 911 696 979 Gardinalis
717 912 896 978 Gamerarii
912 913 1103 978 auctoritate
1119 930 1182 995 qua
1199 912 1301 976 Prae·

118 1036 196 1102 fecti
218 1036 391 1103 tribunalis
414 1037 551 1123 amplius
574 1057 639 1103 non
659 1036 826 1123 penderet.

209 1161 365 1227 Tribunal
382 1164 550 1227 criminale
564 1162 799 1228 Gubernatoris
813 1160 910 1228 Urbis
924 1161 1119 1247 appellatum
1134 1160 1194 1226 fuit
1208 1163 1302 1225 novis

118 1286 245 1373 legibus
258 1288 467 1354 reformatum
482 1288 634 1355 tribunat
648 1288 826 1355 criminale
845 1288 951 1361 Urbis,
964 1287 1181 1357 Gubernatori
1194 1293 1302 1359 autem

120 1410 217 1477 Urbis
240 1414 412 1478 commissa
433 1412 495 1478 fuit
517 1414 751 1479 administratio
774 1415 916 1499 politiae,
940 1413 995 1478 sed
1019 1413 1137 1477 exinde
1159 1413 1300 1477 tribunal

118 1538 290 1603 criminale
310 1534 458 1605 effectum
482 1546 531 1605 est
554 1538 773 1624 independens
797 1539 838 1603 ab
862 1541 995 1624 imperio
1018 1539 1254 1604 Gubernatoris
1270 1544 1303 1603 et

118 1660 301 1725 subiectum
325 1660 395 1742 fuit,
422 1662 529 1747 prouti
552 1666 664 1727 cetera
695 1660 880 1733 tribunalia,
904 1661 1089 1725 auctoritati
1113 1661 1302 1727 Administri

120 1784 265 1851 Gratiae
280 1792 315 1851 ct
325 1786 486 1867 Iustitiae,
503 1788 594 1851 cuias
610 1760 681 1850 erat
697 1786 869 1871 invigilare
886 1787 918 1849 in
936 1789 1061 1851 rectam
1077 1788 1302 1851 executionem

116 1909 228 1994 legum
252 1908 458 1991 iudicialium,
476 1915 509 1975 et
531 1911 564 1974 in
587 1910 755 1975 honestam
780 1911 919 1976 iustitiae
935 1908 1256 1996 administrationem.

210 2033 278 2096 Pro
294 2031 419 2119 legibus
435 2031 610 2097 condendis
626 2051 683 2097 seu
700 2052 759 2117 pro
776 2032 935 2097 exercitio
948 2032 1123 2114 potestatis
1140 2030 1302 2117 tepiferae

115 2155 286 2221 ordinarit
313 2157 477 2241 Augustus
508 2156 663 2222 Pontifex
694 2156 756 2221 duo
790 2155 966 2223 Oratorum
997 2156 1125 2241 publica
1155 2156 1301 2238 eomitia;

115 2300 258 2364 quorum
292 2280 439 2345 nonnulli
473 2279 675 2367 eligebantur
703 2301 723 2345 a
754 2281 871 2367 populo
902 2286 935 2346 et
961 2301 1060 2346 unum
1091 2278 1303 2348 efformabant

116 2404 302 2478 comitium;
326 2404 380 2468 alii
404 2424 483 2467 vero
507 2404 547 2469 ab
571 2407 646 2491 ipso*
665 2404 818 2489 Principe
851 2404 995 2489 deputati
1023 2406 1056 2468 ln
1089 2405 1229 2469 alterum
1253 2424 1303 2472 co·

116 2532 245 2595 mitium
262 2508 514 2615 cooptabantur.
533 2566 550 2577 -
569 2530 693 2595 Rerum
710 2529 911 2615 publicarum
935 2531 1131 2602 eversiones,
1146 2530 1302 2614 quomodo

116 2656 209 2719 hunc
226 2654 345 2739 publici
368 2655 535 2739 regiminis
559 2653 704 2719 ordinem
729 2656 855 2739 penitus
885 2653 1106 2720 subverterint
1130 2660 1162 2720 et
1184 2655 1304 2720 nobilia

118 2779 286 2863 Principis
316 2780 479 2863 proposita
501 2797 521 2841 a
543 2798 602 2842 suo
626 2774 744 2842 effectu
768 2776 1001 2862 prohibuerint,
1027 2778 1122 2843 docet
1150 2779 1302 2854 historia;

115 2904 175 3007 sed
199 2904 285 2969 haec
307 2904 449 2969 innuisse
472 2900 609 2968 sufficiat
626 2898 683 2989 (1).

215 4087 259 4159 (l)
277 4088 328 4149 Qui
347 4089 441 4158 cupiat
464 4087 637 4143 enucleatius
662 4104 830 4157 cognoscere
859 4087 929 4143 banc
955 4106 1054 4143 novam
1080 4092 1174 4144 curiae
1193 4090 1304 4145 ordina·

121 4196 245 4260 tionem,
264 4199 373 4263 praetor
402 4194 511 4249 hieroni
540 4212 583 4266 op.
612 4198 655 4249 cit.
684 4194 717 4247 V.
742 4196 891 4249 Tribunati
909 4197 939 4249 di
963 4198 1066 4265 Roma,
1087 4198 1116 4250 in
1134 4198 1205 4265 fine,
1224 4198 1306 4252 adeat

121 4300 334 4369 ephemeridem
358 4300 401 4354 La
424 4300 525 4357 ciente
546 4301 692 4369 Cottolica,
712 4318 783 4372 quae
809 4306 876 4357 tunc
899 4304 1033 4373 temporis
1060 4322 1148 4373 nuper
1173 4305 1307 4360 edebatur

122 4422 257 4477 quaeque
275 4406 349 4461 facta
367 4392 473 4461 minute
492 4406 579 4462 refert
597 4410 626 4461 et
644 4406 723 4477 large
742 4412 953 4461 commentatur,
