3292 5109
306 238 350 307 66
825 254 910 303 PARS
933 256 970 303 11.

395 380 449 445 68.
472 378 566 447 inter
588 379 669 445 haec
700 378 806 463 potior
830 383 880 443 est
902 376 1121 445 concordatio
1152 375 1345 449 dubiorum,
1367 394 1486 461 nempe

305 506 494 571 contestatio
519 506 599 579 litis;
623 503 778 588 siquidem
802 502 899 569 dubia
922 521 1067 587 congrue
1098 499 1295 569 concordata
1317 502 1486 565 continent

304 630 524 714 quaestionem
548 629 658 715 paucis
683 625 791 692 verbis
815 631 1023 711 conceptam,
1048 628 1100 691 cui
1123 624 1282 691 satisfacit
1304 622 1401 689 iudex
1424 643 1486 709 per

303 772 394 821 snam
417 754 616 819 sententiam.
656 786 672 800 -
710 754 822 835 Itaque
850 770 1001 837 magnum
1033 752 1198 834 negotium
1228 748 1428 836 litigantibus
1450 752 1484 815 et

303 876 399 943 iudici
422 878 611 943 instructori
635 876 765 943 facessit
789 875 932 963 prudens
954 875 1123 943 dubiorum
1147 875 1365 942 concordatio.
1391 874 1484 940 Haec

302 1002 347 1067 ita
370 1000 542 1067 obtinetur:
569 1036 586 1049 -
612 999 746 1074 Quando
770 1018 888 1065 causae
911 1000 1081 1065 instructio
1104 998 1189 1084 apud
1214 1000 1392 1064 Ponentem
1416 997 1483 1063 iam

301 1123 402 1191 tuerit
424 1120 623 1189 sufficienter
646 1122 803 1195 ordinata,
818 1122 899 1188 adeo
915 1129 950 1189 ut
972 1128 1081 1209 pateat
1103 1120 1144 1188 de
1166 1126 1251 1187 statu
1266 1121 1482 1206 quaestionis;

301 1268 399 1333 quum
430 1266 545 1333 nempe
569 1248 606 1313 in
626 1248 744 1331 prima
773 1246 939 1314 instantia
966 1248 1177 1313 committitur
1199 1266 1298 1313 causa
1320 1247 1353 1310 in
1379 1246 1481 1321 Rnte;

301 1373 355 1439 vel
379 1378 545 1459 postquam
571 1377 645 1439 acta
667 1377 888 1457 transportata
923 1372 1047 1438 tuerint
1077 1372 1132 1457 (cf.
1157 1373 1219 1438 vol.
1237 1374 1263 1445 Ι.
1288 1390 1319 1435 n.
1338 1370 1416 1456 645)
1440 1369 1482 1435 ad

300 1494 492 1565 Auditorem
518 1495 695 1561 Ponentem
720 1494 757 1561 in
783 1494 900 1581 produ
926 1495 1182 1579 appellationis,
1204 1500 1284 1560 tunc
1306 1513 1383 1579 pars
1405 1492 1481 1558 dili·

300 1621 445 1710 gentior,
471 1640 510 1685 ea
537 1620 688 1685 nimirum
719 1620 809 1685 cuius
841 1621 982 1687 maxime
1016 1620 1153 1687 interest
1186 1620 1350 1705 negotium
1386 1620 1481 1685 citius

299 1746 433 1823 absolvi,
456 1766 516 1832 per
539 1766 631 1811 suum
667 1751 913 1831 procuratorem
936 1748 1015 1812 citat
1040 1746 1137 1810 aliam
1161 1750 1288 1831 partem
1318 1762 1375 1810 seu
1410 1746 1480 1810 eius

299 1878 545 1960 procuratorem
568 1892 680 1939 coram
703 1872 814 1939 Iudice
837 1873 984 1939 Ponente
999 1872 1045 1957 (l)
1060 1873 1108 1937 ad
1123 1872 1404 1938 concordandum
1419 1870 1468 1937 dn

299 1994 409 2070 biam,
434 1996 483 2059 sin
507 1996 621 2067 minus,
647 2012 686 2058 ea
709 2013 774 2058 non
798 1999 1019 2079 comparente.
1044 1992 1085 2057 ad
1107 1992 1290 2059 ananum
1311 1990 1479 2059 subscribi

298 2116 450 2192 dubium,
476 2118 566 2184 cuius
590 2119 682 2203 copia
705 2120 738 2183 in
761 2118 915 2184 citatione
935 2120 1173 2184 transmittitur.

387 2240 421 2309 Si
441 2241 570 2310 dubium
592 2243 788 2327 propositum
805 2246 934 2326 aparte
950 2244 1070 2309 citante
1086 2243 1182 2307 alteri
1198 2242 1314 2329 placet,
1329 2246 1409 2309 tunc
1424 2239 1479 2305 vel

298 2368 331 2431 et
354 2364 423 2449 ipsa
452 2371 619 2450 comparet
642 2364 693 2430 die
724 2364 982 2431 concordationis
1005 2364 1047 2430 ad
1069 2363 1333 2431 subscribendum
1357 2384 1478 2451 propo·

297 2489 394 2559 situm
424 2488 570 2565 dubium;
594 2489 645 2555 vel
670 2509 736 2555 non
764 2489 981 2575 comparendo
1010 2491 1163 2576 implicite
1189 2490 1337 2557 declarat
1357 2511 1393 2556 se
1416 2488 1477 2555 du·

296 2612 384 2678 bium
406 2618 603 2699 acceptasse.
624 2648 639 2659 ·
659 2615 695 2678 In
721 2631 843 2697 genere
867 2614 955 2678 enim
979 2633 1055 2698 pars
1079 2618 1240 2679 conventa
1262 2634 1327 2678 non
1351 2632 1478 2699 compa·

297 2756 384 2818 rens,
408 2738 627 2823 praesumitur
649 2742 836 2821 acceptasse
859 2736 986 2803 dubium
1016 2740 1224 2823 propositum,
1249 2740 1309 2802 nisi
1333 2737 1477 2823 legitime

296 2884 332 2930 se
354 2884 431 2949 pars
461 2870 595 2930 excuset
621 2862 661 2929 da
689 2864 915 2951 impedimento
947 2884 1009 2949 quo
1039 2865 1145 2930 minus
1177 2867 1318 2949 potuerit
1345 2882 1476 2949 compa·

296 3004 383 3051 rere.
401 3020 419 3033 -
438 2984 470 3050 Si
493 3003 574 3049 vero
596 2983 726 3051 dubium
749 2988 947 3072 propositum
971 2994 1132 3053 convento
1154 3008 1219 3052 non
1243 2987 1381 3072 placeat,
1396 2990 1477 3053 tunc

295 3108 348 3175 die
363 3096 631 3182 concordationis,
649 3110 788 3195 partium
804 3114 1042 3195 procuratores,
1060 3117 1222 3186 oretenus,
1240 3112 1405 3196 explicant
1421 3130 1477 3176 ra-

293 3232 399 3297 tiones
417 3231 680 3297 contradictionis
695 3251 804 3297 coram
823 3234 980 3305 Poeante,
994 3236 1046 3317 qui
1071 3236 1211 3299 maxime
1226 3233 1334 3299 studet
1350 3240 1386 3300 ut
1400 3252 1476 3298 con·

295 3355 416 3421 ciliatio
432 3353 488 3420 fiat
502 3376 561 3441 per
580 3355 749 3439 quamdam
773 3356 858 3422 dubii
883 3358 1056 3423 formulam
1080 3360 1113 3423 in
1137 3378 1231 3442 quam
1255 3364 1364 3445 partes
1386 3357 1474 3424 ultro

295 3478 505 3545 concordent.
523 3514 541 3527 -
560 3479 650 3555 Quae
674 3480 881 3546 concordatio
904 3484 931 3547 si
954 3482 1092 3547 obtineri
1117 3502 1181 3547 non
1206 3484 1314 3569 possit,
1335 3477 1476 3549 Auditor

296 3598 426 3665 Ponens
449 3620 514 3666 non
536 3600 635 3667 habet
659 3604 727 3687 ipse
743 3606 968 3669 auctoritatem
984 3604 1115 3670 dubium
1136 3626 1183 3672 aa
1205 3606 1314 3689 officio
1335 3625 1473 3670 concor·

294 3718 401 3793 dandi,
426 3722 482 3787 sed
503 3724 669 3808 negotium
694 3725 871 3790 remittitur
902 3725 1106 3791 tractandum
1133 3726 1208 3791 «in
1231 3728 1350 3810 prima
1373 3726 1472 3810 Rota,

294 3864 383 3933 qnae
412 3848 493 3915 visis
522 3848 634 3916 dubiis
663 3849 852 3918 hincinde
882 3851 1042 3935 formatis
1067 3855 1119 3920 oet
1144 3855 1332 3937 porrectis,
1356 3854 1475 3921 statuit

383 4039 423 4111 (l)
443 4040 573 4096 Formula
592 4058 663 4114 quae
682 4042 763 4099 hodie
783 4046 869 4099 etiam
887 4045 1036 4102 adhibetur
1054 4047 1126 4116 apud
1146 4046 1173 4101 S.
1193 4048 1280 4118 Cong.
1306 4046 1425 4103 concilii
1443 4048 1474 4102 in

294 4148 492 4203 convocatione
510 4148 545 4202 ad
564 4150 756 4205 concordanda
776 4151 860 4207 dubia
878 4152 919 4206 ita
944 4153 1108 4223 concipitur,
1126 4158 1159 4208 ut
1180 4154 1281 4209 invitet
1298 4157 1337 4209 ad
1355 4172 1473 4212 concor·

293 4254 419 4309 dandum
430 4257 466 4309 de
477 4255 561 4310 datm
580 4256 757 4327 disputando,
769 4262 813 4313 sin
830 4260 933 4326 minna,
946 4276 980 4314 ea
993 4277 1051 4314 non
1070 4272 1256 4332 comparente,
1268 4263 1307 4317 ad
1318 4263 1473 4319 noemma

292 4364 430 4417 subscribi
446 4364 523 4417 illud
541 4366 657 4419 dubium
676 4369 728 4421 etc.
