3292 5109
523 331 566 376 ns
589 331 729 379 romeus
754 330 1019 378 nccnnsmsuvcrs
1305 310 1372 376 325

189 454 480 521 extraordinariis
495 454 724 521 ecclesiasticis
736 456 981 538 praepositam.
999 454 1061 520 Sed
1074 452 1239 518 ordinaria
1254 452 1370 537 Officia
1407 521 1411 530 ,

192 579 305 661 quibus
334 577 508 646 Pontifices
539 585 673 645 utuntur
702 581 734 643 in
763 578 1053 665 dispensationibus
1084 576 1371 644 matrimonialibus

191 704 405 771 concedendis
436 710 512 769 sunt
535 704 569 771 S.
593 704 740 770 Datariu
763 724 823 789 pro
845 705 923 788 soro
946 708 1104 778 caterno,
1131 703 1166 767 S.
1191 702 1371 768 Paenitea-

190 830 296 894 tiaria
310 850 369 914 pro
385 828 463 913 foro
480 830 623 903 iuterna,
641 830 846 915 regulariter.
873 864 891 877 -
918 830 1096 894 Praeterea
1118 828 1246 892 adverti
1265 826 1370 900 debet,

193 952 224 1018 S.
249 954 413 1017 Datariam
440 954 529 1018 nulla
560 952 714 1038 expedire
745 954 893 1038 negotia,
919 952 1115 1038 proindeque
1139 972 1181 1016 ne
1204 952 1371 1036 dispeusa-

192 1078 296 1143 tiones
327 1078 455 1161 quidem
482 1078 751 1149 matrimoniales,
777 1078 889 1143 diebus
912 1078 1095 1152 dominicis,
1120 1077 1254 1161 aliisque
1281 1076 1372 1142 festis

192 1208 226 1267 et
249 1224 345 1283 nunc,
369 1203 409 1267 ab
433 1204 522 1269 initio
545 1204 682 1269 labentis
704 1205 781 1268 anni
807 1204 903 1277 1898,
928 1205 1013 1270 feria
1028 1206 1059 1269 V
1079 1207 1233 1289 cuiusque
1255 1184 1373 1269 hebdo-

194 1324 316 1398 madae,
341 1326 469 1409 quando
493 1328 574 1391 alius
605 1346 670 1391 non
694 1326 816 1391 incidat
844 1326 912 1393 dies
937 1328 1040 1393 festus
1069 1331 1102 1392 in
1127 1327 1370 1392 hebdomadam.

194 1450 353 1534 Tempore
369 1450 573 1514 vacationum
590 1449 832 1531 autumnalium,
853 1456 949 1515 antea
965 1451 1147 1516 habitarum
1163 1470 1183 1514 a
1197 1450 1252 1515 die
1268 1450 1284 1514 1
1304 1449 1371 1516 Oct.

192 1572 241 1636 ad
264 1570 353 1636 diam
368 1572 413 1636 12
429 1570 639 1647 Nouembris,
657 1573 719 1637 iam
744 1591 764 1635 a
787 1572 889 1639 tribus
905 1575 999 1638 annis
1014 1573 1131 1641 Officia
1147 1574 1297 1638 Datariae
1320 1594 1374 1659 pa-

193 1698 273 1774 tent,
286 1692 484 1778 proindeque
501 1694 718 1778 expediuntur
730 1695 827 1759 etiam
840 1694 1092 1780 dispensationes
1105 1696 1372 1763 matrimoniales:

191 1840 227 1884 eu
252 1822 294 1885 ita
318 1819 503 1921 corrigendi
527 1820 698 1893 Auctores,
729 1822 826 1905 plane
857 1841 978 1891 omnes,
1007 1822 1187 1886 relerentes
1209 1824 1373 1904 antiquam

193 1947 320 2031 praxim
345 1946 502 2011 feriarum
529 1945 773 2012 autumnalium.
790 1947 834 2012 At
849 1946 880 2011 S.
899 1946 1048 2011 Datariae
1072 1943 1222 2012 Officium
1246 1946 1372 2031 penitus

193 2072 401 2155 conquiescit,
423 2070 505 2135 Sede
524 2070 675 2135 Vacante
699 2071 817 2156 quippe
837 2070 1018 2136 Cardinalis
1042 2071 1244 2137 Pro-Datarii
1267 2074 1374 2135 aucto·

196 2196 274 2259 ritas
297 2200 375 2259 tunc
399 2195 613 2279 suspenditur.
633 2194 694 2260 Sed
712 2202 862 2261 econtra
882 2197 1155 2279 quiaanimarum
1179 2197 1265 2261 salus
1288 2216 1372 2261 nun-

195 2337 291 2402 quam
314 2319 493 2403 periclitari
517 2317 620 2399 debet,
638 2319 669 2384 S.
689 2320 943 2384 Poenitentiaria
959 2319 1180 2385 vacationibus
1203 2326 1373 2385 autumna-

195 2446 278 2513 libus
294 2467 358 2511 non
375 2446 505 2521 fraitun
522 2447 646 2531 stipsis
664 2445 775 2511 diebus
796 2446 886 2512 testis
906 2446 1019 2529 quibus
1034 2447 1097 2510 hoc
1116 2446 1200 2510 idem
1220 2444 1373 2512 Officium

194 2574 393 2656 conquiescit
410 2592 428 2635 c
445 2577 554 2635 tamen
573 2573 600 2635 si
625 2576 739 2657 urgeat
761 2572 897 2637 alicuius
919 2570 1163 2657 dispensationis
1185 2572 1371 2644 necessitas,

198 2693 362 2761 Officiales
387 2691 514 2778 (nempe
538 2692 732 2778 Secretarii)
753 2691 835 2756 adiri
853 2698 987 2777 possunt
1003 2694 1152 2778 privatim
1176 2693 1209 2755 in
1233 2693 1298 2757 suis
1322 2692 1373 2757 do

196 2820 308 2893 mibus,
326 2822 378 2904 qui
396 2819 622 2906 postulantium
638 2839 753 2903 preces
770 2820 944 2904 excipiunt,
962 2819 1154 2903 eosdemque
1169 2819 1321 2904 dirigunt,
1338 2824 1374 2884 ut

196 2949 354 3028 quatenus
377 2964 455 3029 opus
479 2944 528 3015 sit,
549 2963 608 3027 pro
632 2944 871 3028 opportunitate
895 2944 1025 3027 negotia
1048 2942 1308 3028 expediantur»,
1329 2948 1374 3010 te-

198 3070 303 3131 statur
327 3066 483 3130 Avanzini
509 3064 594 3129 Aeta
619 3064 652 3129 S.
679 3063 785 3139 Sedis,
811 3066 839 3136 l,
865 3066 953 3147 App.
976 3065 1030 3144 Vl,
1052 3084 1088 3147 p.
1112 3064 1189 3129 126.
1214 3065 1374 3139 Quocirca

196 3187 249 3251 via
280 3192 358 3251 tuno
389 3190 476 3271 patet
505 3206 564 3271 per
592 3185 750 3249 blaiorem
782 3185 1072 3251 Poenitentiarium
1104 3184 1325 3271 expostulandi
1355 3206 1376 3251 a

198 3311 326 3377 Summo
359 3308 515 3374 Pontifice
547 3308 800 3393 dispensationes
831 3310 1015 3374 auctoritati
1046 3311 1142 3375 huius
1172 3308 1280 3377 Officii
1310 3331 1376 3376 non

196 3438 417 3519 competentes
432 3436 488 3499 aut
504 3434 535 3499 S.
553 3433 703 3497 Datariae
724 3433 883 3517 privative
904 3439 1132 3519 competentes,
1150 3434 1276 3518 quando
1291 3436 1376 3502 haec

197 3575 262 3619 nou
293 3561 377 3641 agat,
402 3555 462 3620 cfr.
487 3556 572 3621 Acta
601 3554 635 3620 S.
662 3554 769 3630 Sedis,
795 3556 842 3630 ll,
863 3576 946 3643 paq.
971 3556 1029 3621 62.
1055 3559 1135 3621 Item
1167 3562 1296 3621 cautum
1327 3562 1377 3621 est

197 3687 232 3746 ut
248 3682 279 3746 S.
298 3681 563 3755 Poenitentiaria,
588 3681 621 3743 in
645 3700 702 3745 suo
727 3700 873 3751 munere,
895 3680 978 3745 Sede
1000 3682 1148 3746 Vacante
1171 3700 1236 3745 non
1258 3685 1375 3753 taceat,

198 3812 230 3871 et
245 3808 272 3870 si
288 3808 441 3891 expirant
457 3808 525 3871 eius
540 3805 712 3871 facultates
726 3824 792 3888 pro
808 3805 886 3889 foro
904 3811 1054 3877 coctano,
1069 3806 1263 3869 econtrario
1277 3823 1376 3888 usque

196 3929 309 4014 vigent
335 3930 403 3994 eius
431 3928 602 3995 facultates
624 3946 693 4009 pro
720 3926 798 4009 foro
826 3928 978 4002 interno,
1003 3928 1068 3991 imo
1095 3927 1314 3992 extenduntur
1337 3928 1377 3993 ad

197 4071 293 4117 casus
316 4053 412 4116 etiam
437 4057 608 4135 exceptos3
634 4072 676 4115 ex
699 4052 806 4117 Const.
832 4050 957 4116 Pastor
980 4050 1105 4124 Bonus,
1129 4050 1173 4133 ὅθ
1196 4052 1247 4126 51,
1272 4051 1332 4117 52.

290 4176 416 4262 Regula
446 4176 609 4261 generalis
640 4182 705 4249 est,
737 4195 853 4260 nempe
877 4175 1164 4239 Paenitentiariam
1190 4175 1379 4260 dispensare

199 4305 323 4369 tantum
340 4304 373 4367 in
390 4302 523 4368 occultis
546 4302 782 4387 impedimentis
805 4320 866 4387 pro
889 4300 963 4365 foro
986 4301 1211 4374 conscientiae,
1229 4303 1303 4384 quia
1321 4303 1379 4367 Da·

198 4427 283 4493 taria
307 4425 471 4511 dispensat
493 4446 552 4511 pro
576 4426 649 4490 foro
673 4430 825 4500 exterum
850 4429 884 4489 at
906 4426 977 4490 iure
1000 4424 1156 4489 hodierno
1180 4426 1328 4511 exceptio
1344 4423 1381 4493 fit
