3292 5109
343 274 388 339 92
661 332 662 337 ,
862 297 946 345 rans
970 298 1007 345 11.

342 412 487 497 pitulina,
513 412 553 477 ob
577 415 747 501 privilegia
765 412 809 501 (1)
834 418 943 502 populi
959 418 1094 499 romani,
1118 418 1248 505 negotia
1267 416 1377 483 civilia
1400 420 1433 482 et
1456 416 1526 481 cri·
1614 433 1615 520 J

343 536 475 601 minalia
498 536 732 606 dirimebantur
755 560 964 606 romanorum
989 542 1107 607 civium
1131 548 1164 607 et
1186 542 1376 607 incolarum.

433 662 500 727 Pro
527 665 663 749 negotiis
687 684 841 751 agrorum
873 666 1034 733 culturam
1058 673 1091 733 et
1114 668 1256 735 culmres
1279 664 1526 753 respicientibus

341 782 483 849 tribunal
495 785 675 853 habebatur
693 790 925 873 Agriculturae
943 787 998 876 (2).
1018 826 1035 839 -
1054 792 1270 878 Congregatio
1287 791 1475 863 Avenionis
1494 794 1528 857 et
1615 823 1616 852 r

344 905 560 993 Congregatio
587 911 773 976 Lauretana
804 914 969 979 institutae
1000 920 1096 979 erant
1126 935 1185 1000 pro
1216 916 1354 1000 negotiis
1378 912 1526 979 civilibus
1615 885 1616 940 l

344 1051 470 1117 quoque
485 1033 680 1102 iudicialiter
696 1037 884 1103 dirimendis
900 1040 932 1101 in
950 1038 1064 1104 ultima
1080 1041 1231 1104 instantia
1246 1038 1351 1122 quoad
1370 1040 1431 1103 has
1453 1058 1525 1124 pro

344 1156 477 1222 vincias.
489 1192 506 1205 -
521 1158 658 1225 Auditor
674 1160 790 1245 Papae,
804 1164 858 1244 qui
871 1161 990 1227 dicitur
1007 1160 1254 1244 Sanctastmns,
1268 1162 1522 1227 iurisdictionem

344 1278 520 1346 exercebat
543 1284 774 1347 contentiosam
799 1282 856 1370 (3).
884 1318 901 1331 -
927 1283 987 1349 His
1010 1282 1159 1348 addenda
1182 1290 1257 1349 sunt
1279 1282 1310 1348 S.
1336 1283 1524 1369 Congrega-
1616 1345 1617 1348 ,

343 1404 457 1485 tiones,
473 1407 647 1490 praecipue
672 1407 751 1471 ltev.
770 1406 796 1471 F
797 1406 910 1472 abrica
925 1408 996 1471 Diri
1014 1408 1113 1481 Petri,
1134 1413 1168 1474 et
1191 1408 1265 1492 Sup.
1292 1407 1328 1473 U.
1348 1407 1523 1489 Inquisitio,

344 1550 426 1615 quae
448 1533 667 1597 iurisdictione
691 1553 816 1617 quoque
841 1536 1042 1601 contentiosa
1066 1534 1196 1619 pollent.
1215 1569 1233 1582 ·
1251 1534 1304 1597 Ex
1327 1533 1525 1597 commissio-

344 1654 437 1719 nibus
453 1676 532 1719 rero
552 1658 719 1740 utriusque
736 1658 931 1744 Signaturae
947 1658 1058 1744 plures
1082 1658 1316 1744 delegebantur
1338 1675 1459 1721 causae
1475 1656 1523 1728 iis,

344 1962 484 2013 tractuum
498 1958 631 2013 initorum
645 1976 708 2013 cum
722 1960 901 2014 administris
914 1960 1018 2015 Domus
1031 1924 1204 2014 pontificalis
1217 1965 1266 2012 aut
1279 1962 1426 2029 praetextu
1440 1958 1526 2013 offen·

344 2064 462 2127 sinuum,
475 2064 648 2120 deferrentur
661 2065 696 2119 ad
711 2066 863 2121 tribunalia
872 2066 1005 2122 Gubernii
1017 2066 1115 2134 Italici,
1128 2084 1176 2137 per
1187 2066 1296 2121 litteras
1312 2076 1391 2121 motu
1406 2068 1524 2137 proprio

345 2172 424 2225 datas
436 2176 484 2227 die
492 2172 537 2225 25
546 2174 618 2227 Maii
627 2174 716 2240 1882,
730 2173 860 2228 instituta
872 2176 926 2230 suit
944 2175 974 2229 in
986 2175 1100 2231 aedibus
1113 2174 1258 2230 Vaticanis
1270 2173 1428 2228 commissio
1442 2174 1528 2228 Prae·

346 2276 440 2329 latitia
452 2274 583 2329 distincta
597 2276 625 2331 in
637 2276 706 2331 duas
724 2278 862 2333 sectiones
880 2296 930 2333 ssu
948 2279 1164 2335 commissiones.
1177 2307 1212 2319 -
1225 2276 1418 2348 Unaquaeque
1431 2275 1526 2331 Sectio

345 2400 380 2438 ex
394 2384 483 2439 tribue
496 2384 635 2439 Praelatio
653 2388 771 2452 constat,
790 2402 908 2457 quoram
927 2404 999 2457 unus
1018 2386 1159 2442 Praesidio
1174 2386 1266 2440 officio
1283 2386 1427 2455 mugitum
1441 2389 1471 2439 et
1489 2386 1526 2439 ab

347 2504 401 2540 una
414 2478 542 2543 Sectidne
555 2489 633 2559 quasi
646 2506 663 2541 a
677 2488 766 2545 indice
785 2491 885 2559 prioris
904 2490 1055 2545 instantiae
1067 2489 1102 2543 ad
1115 2490 1234 2544 alteram
1253 2489 1335 2543 datur
1354 2488 1526 2558 appellatio:

346 2594 374 2646 in
388 2594 474 2647 tertio
486 2594 572 2662 gradu
593 2594 790 2663 appellationis
808 2595 863 2648 dno
881 2597 1019 2651 sectiones
1035 2612 1084 2651 seu
1097 2596 1305 2651 commissiones
1318 2595 1348 2649 in
1361 2612 1447 2648 unum
1460 2610 1528 2648 con·

346 2701 463 2754 ueniunt
476 2706 505 2755 et
516 2700 649 2767 iudicant,
668 2702 719 2755 sub
739 2701 921 2757 Praefectura
939 2702 1083 2757 auditoris
1096 2702 1172 2755 Cam.
1193 2704 1289 2772 Apost.
1303 2730 1338 2743 -
1352 2700 1406 2754 Pro
1417 2700 1529 2769 regulis

347 2820 490 2873 processus
503 2804 623 2860 edictum
638 2808 691 2863 fuit
702 2809 830 2877 apposito
844 2807 964 2873 decreto,
978 2807 1141 2862 servandam
1155 2823 1215 2861 esse
1228 2806 1402 2861 iudiciariam
1416 2804 1530 2859 ordina·

347 2910 450 2963 tionem
473 2910 538 2963 Cod.
557 2910 640 2981 Greg.
661 2912 740 2979 ΧῊ,4
754 2913 850 2981 paucis
874 2912 991 2966 adiectis
1015 2912 1233 2982 exceptionibus.
1253 2940 1288 2952 -
1307 2910 1444 2979 Expresso
1468 2914 1529 2963 ste·

348 3022 438 3071 tutum
466 3024 523 3083 est,
549 3023 614 3073 ante
639 3019 796 3073 sententiae
824 3020 1044 3088 expeditionem,
1063 3021 1241 3088 opinomento
1267 3016 1357 3070 danda
1381 3033 1451 3080 esse,
1476 3032 1528 3071 seu

346 3123 499 3178 danstanus
519 3122 598 3177 iuxta
616 3122 721 3193 stylum
741 3124 767 3175 S.
787 3122 889 3188 Rotae,
908 3109 1085 3177 aedtantum
1104 3123 1132 3176 in
1151 3122 1362 3193 quaestionibus
1383 3120 1529 3191 principa·

347 3228 428 3295 libus,
443 3244 497 3282 uon
523 3230 550 3282 in
576 3229 745 3295 accessoriis,
757 3233 786 3282 et
804 3229 832 3281 in
859 3226 912 3282 hoc
935 3230 1011 3282 facta
1035 3238 1078 3282 eet
1102 3228 1247 3297 derogatio
1271 3226 1422 3298 antiquiori
1448 3224 1530 3297 stylo

347 3335 455 3388 curiae:
474 3336 509 3387 ct.
528 3338 546 3399 ἕ
569 3334 779 3389 monoceron
800 3333 881 3389 relati
903 3334 932 3387 in
950 3333 1128 3403 ephemeride
1142 3337 1213 3388 Acte
1233 3335 1259 3386 S.
1276 3333 1356 3387 Sedis
1372 3333 1428 3391 vot.
1444 3330 1530 3397 XVI,

344 3460 373 3512 p.
393 3441 464 3495 296.
483 3469 518 3481 -
537 3441 663 3496 Litterae
681 3458 716 3494 ex
735 3450 811 3494 motu
827 3443 947 3513 proprio
966 3442 1125 3495 referuntur
1144 3442 1173 3494 in
1192 3442 1247 3493 vot.
1269 3438 1299 3493 Χ
1306 3439 1335 3503 V,
1349 3458 1380 3508 p.
1398 3436 1465 3491 193.

438 3553 477 3619 (t)
498 3548 662 3604 Huiusmodi
687 3549 835 3619 privilegia
853 3550 1069 3604 continebantur
1086 3550 1196 3603 statutio
1215 3548 1310 3612 Urbis,
1322 3562 1394 3617 quae
1418 3544 1530 3597 civibus

348 3664 378 3712 et
395 3658 493 3712 incolis
513 3660 593 3712 laicis
619 3658 759 3728 proprium
788 3659 970 3727 assignabant
988 3660 1077 3711 forum
1097 3655 1227 3724 Capitolii
1247 3662 1278 3711 ot
1294 3654 1430 3724 speciales
1449 3652 1531 3723 leges

347 3768 493 3821 distinctas
511 3769 546 3821 ab
565 3767 629 3820 aliis
647 3767 841 3821 communibus
860 3768 961 3823 ceteris
980 3765 1098 3820 subditis
1117 3764 1213 3818 Status
1232 3763 1377 3834 pontificii.

437 3870 476 3940 (2)
495 3871 525 3923 ln
545 3871 623 3923 curia
641 3869 794 3939 capitolina
808 3868 927 3923 babetur
946 3870 1034 3924 tudem
1051 3869 1295 3923 mercenariorum
1307 3868 1354 3938 qui
1371 3882 1471 3920 censae
1490 3865 1533 3918 di·

347 3977 466 4032 rimebat
479 3976 659 4046 respicientes
672 3976 706 4030 ad
719 3976 875 4031 huiusmodi
890 3994 1020 4047 personas
1033 3976 1159 4031 mercede
1172 3976 1323 4029 conductae
1337 3974 1443 4029 Romae
1456 3980 1488 4029 et
1501 3975 1531 4028 in

347 4083 408 4136 eius
420 4098 497 4150 agro.
513 4081 564 4134 Hic
576 4080 668 4145 iudex,
682 4095 768 4150 usqua
782 4080 814 4131 ad
830 4081 1041 4134 reformationes
1054 4098 1071 4133 a
1081 4080 1132 4132 Pio
1145 4079 1184 4132 tx
1198 4080 1334 4145 inductas,
1347 4078 1461 4132 habitus
1475 4082 1530 4132 est

438 4186 476 4257 (3)
490 4186 549 4240 Hoc
561 4185 682 4241 tribuual
696 4185 819 4239 abolevit
833 4187 891 4238 cod.
902 4187 946 4239 cit.
961 4185 1043 4256 Greg.
1054 4185 1120 4239 xvl
1133 4188 1260 4238 statuens
1273 4184 1394 4238 art277:
1404 4196 1422 4239 (
1432 4184 1531 4255 Papae

347 4296 467 4351 Auditor
483 4312 541 4351 non
565 4304 677 4350 emarcet
696 4310 786 4363 oreque
811 4311 946 4348 exercere
960 4303 1053 4364 potest
1077 4294 1300 4348 {condictionem
1326 4294 1530 4346 contentiosam

346 4401 409 4455 otto
429 4404 458 4455 tn
476 4404 626 4471 asporto».
