3292 5109
391 348 394 353 .
501 315 546 362 ns
568 314 708 361 romeus
732 312 1000 361 sconasrnsrrors
1273 290 1340 357 389

160 436 291 505 firmata
313 445 346 505 et
369 439 512 524 quamvis
536 437 642 503 adhuc
665 437 823 503 Doctores
849 436 936 501 iuter
959 456 994 501 se
1017 434 1194 513 decertent,
1219 455 1261 500 an
1291 454 1341 501 re·

161 585 244 632 uera
265 564 348 630 haec
379 566 421 631 sit
443 564 625 632 ordinaria
655 566 709 628 vel
739 562 896 648 deleqata
927 566 960 627 et
991 562 1168 629 theoretice
1197 562 1341 647 quaestio

162 709 264 775 usque
287 689 345 755 sub
369 690 474 756 iudice
504 688 641 755 dicenda
670 689 728 770 sit,
751 694 860 753 tamen
879 689 1032 772 practice
1063 688 1186 755 nullum
1210 687 1342 753 facessit

162 816 337 901 negotium,
360 836 432 881 cum
456 820 583 881 certum
605 815 656 888 sit,
679 814 711 901 l)
735 814 793 880 sub
817 816 947 879 nomine
971 814 1135 881 Ordinarii
1159 813 1342 879 dioecesani

164 939 279 1003 venire
302 941 398 1004 etiam
415 940 585 1006 Vicarium
609 939 803 1005 Generalem
826 938 860 1025 2)
884 938 964 1004 adeo
987 945 1022 1005 ut
1044 938 1185 1023 quotidie
1208 938 1240 1005 S.
1257 937 1342 1005 Gon-

164 1063 373 1145 gregationes
397 1062 580 1143 Romanae,
593 1035 738 1127 'decreta
767 1064 801 1125 in
831 1061 975 1148 partibus
1002 1062 1184 1128 executioni
1215 1060 1342 1127 deman·

163 1184 288 1261 danda,
313 1187 482 1253 remittant
504 1184 696 1259 Ordinatio,
720 1186 1035 1271 comprehendentes
1056 1190 1124 1251 lum
1148 1188 1342 1271 Episcopum

164 1306 245 1373 tum'
256 1308 425 1374 Vicat-ium
441 1309 644 1374 Generalem.
658 1309 870 1374 Nihilominus
894 1308 1070 1375 theoretice
1092 1310 1236 1393 quaestio
1251 1310 1343 1393 viget

163 1431 252 1518 apud
274 1434 445 1498 Auctores.
471 1468 488 1483 -
514 1435 552 1498 In
575 1439 669 1519 parte
691 1434 797 1518 prima
819 1432 883 1497 vol.
907 1452 929 1507 1,
953 1453 987 1498 u.
1004 1430 1071 1499 148
1088 1452 1156 1517 seq.
1177 1431 1343 1498 docuimus

166 1560 319 1626 vicanos
343 1559 522 1625 Generales
544 1559 703 1625 adhibitos
726 1559 827 1625 luisse
850 1562 882 1625 in
907 1560 1096 1627 Assessores
1123 1560 1222 1644 ipsius
1243 1557 1344 1625 tribu-

166 1684 250 1749 nalIs
273 1684 440 1768 Episcopi;
465 1688 497 1749 et
518 1683 596 1748 hinc
623 1685 752 1749 sortitos
775 1683 877 1748 fuisse
901 1683 1046 1749 eamdem
1076 1682 1238 1767 Episcopi'
1257 1686 1344 1767 pote-

165 1815 292 1882 statem,
310 1830 408 1874 unum
433 1810 581 1894 idemque
596 1811 800 1876 constituisse
815 1810 967 1891 tribunal,
984 1830 1027 1875 ex
1048 1810 1247 1896 praescripto
1263 1810 1344 1875 iuris

167 1934 356 2013 communis,
373 1932 456 2016 quod
471 1934 564 1999 iussit
578 1953 598 1997 a
610 1934 744 1999 Vicario
760 1934 914 2000 Generali
928 1953 994 1997 non
1009 1932 1080 1998 dari
1096 1932 1343 2019 appellationem

166 2057 209 2123 ad
233 2059 437 2143 Episcopum,
462 2061 496 2123 et
518 2058 596 2123 hinc
618 2063 731 2143 aperte
758 2057 869 2139 edixit,
894 2062 1083 2145 potestatem
1105 2058 1248 2124 Vicariis
1272 2077 1345 2123 con·

167 2181 239 2249 cedi
262 2181 303 2246 ab
326 2183 394 2266 Ipso
418 2184 489 2247 iure
512 2183 684 2265 communi,
708 2203 772 2247 nou
795 2182 836 2248 ab
860 2184 1038 2268 Episcopis.
1055 2183 1088 2249 Si
1112 2184 1198 2250 enim
1217 2183 1344 2249 VicarIi

168 2306 354 2374 (denecales
375 2330 440 2375 non
463 2311 496 2375 vi
519 2307 625 2384 officii,
650 2311 722 2375 iure
746 2311 908 2375 communi
932 2311 1107 2392 constituti,
1124 2309 1180 2376 sed
1203 2310 1242 2375 ab
1267 2310 1345 2396 Epi-

168 2433 275 2517 scopis
298 2436 487 2517 potestatem
510 2434 795 2506 nanciscerentur,
820 2438 929 2499 essent
959 2432 1079 2498 iudices
1106 2433 1146 2498 ab
1179 2434 1345 2519 Episcopis

167 2555 308 2642 delegati
333 2556 531 2642 proindeque
553 2558 687 2624 daretur
702 2578 722 2623 a
735 2559 871 2624 Vicario
885 2558 926 2623 ad
943 2560 1134 2645 Episcopum
1158 2558 1345 2645 appellatio;

169 2681 226 2747 sed
251 2700 294 2747 ex
316 2682 454 2747 adverso
485 2702 525 2747 ea
552 2683 758 2769 prohibetur:
785 2704 803 2747 ‹
827 2704 871 2749 ue
901 2683 943 2751 ab
972 2685 1088 2751 eodem
1119 2684 1167 2749 ad
1196 2684 1346 2768 seipsum

170 2802 265 2891 (eum
280 2806 323 2873 sit
337 2807 428 2873 idem
444 2807 654 2875 auditorium
667 2808 859 2896 utriusque)
875 2810 1058 2892 appellatio
1080 2810 1280 2893 interposita
1301 2810 1347 2879 oi·

170 2931 325 2996 ‹icatur›
345 2934 391 2996 ita
404 2933 589 2999 Bonifacius
602 2932 683 2999 VIII
701 2935 738 2999 iu
752 2954 828 3018 cap.
840 2934 875 3009 2,
888 2934 939 2999 De
955 2935 1148 3001 cousuetud.
1160 2934 1198 3001 iu
1211 2935 1234 3001 6
1249 2932 1288 3021 (l,
1302 2935 1345 3022 4).

262 3057 499 3122 Verumtamen
521 3058 630 3143 aliqua
652 3058 796 3123 delibare
818 3060 908 3125 iuvat
930 3057 971 3125 de
993 3059 1057 3124 hac
1079 3061 1266 3144 quaestione
1290 3078 1347 3125 va-

172 3163 241 3244 rias
263 3178 488 3266 distinguendo
511 3182 687 3267 opiniones.

262 3302 338 3367 311.
363 3304 512 3369 Iamvero
535 3306 697 3369 Auctores
718 3323 857 3390 magnae
880 3310 975 3371 notae
998 3311 1032 3371 et
1054 3308 1269 3374 communiter
1290 3308 1348 3374 ad-

174 3427 305 3493 mittunt
319 3447 398 3493 vere
414 3428 630 3494 ordinariam
645 3446 718 3494 esse
733 3430 859 3495 Vicarii
875 3435 1078 3515 potestatem
1103 3432 1147 3496 ita
1163 3432 1347 3518 Pigeatelli,

178 3674 347 3745 Officiatitis.
367 3676 487 3730 Exiere
512 3678 652 3731 eommuni
677 3677 918 3731 indiscnminatim
944 3682 1093 3747 usurpatur
1116 3680 1268 3748 appellatio
1293 3684 1349 3736 Vic.

175 3782 328 3838 Generalis
346 3795 395 3838 seu
418 3783 566 3853 officialisr
583 3802 644 3855 arp.
659 3785 753 3854 cap-3
772 3784 815 3839 De
831 3784 882 3855 Off.
902 3784 955 3839 Vic.
975 3785 1040 3837 iud
1058 3784 1163 3855 (l,13);
1183 3790 1212 3841 et
1230 3805 1290 3859 cap.
1304 3789 1351 3857 16,

176 3886 250 3941 Sese.
267 3888 310 3941 24
330 3888 410 3943 Cano.
435 3890 512 3943 Trid.
525 3918 541 3929 -
555 3888 608 3943 Sed
626 3888 659 3944 de
678 3889 879 3945 cousuetudine
898 3888 1096 3944 nonnullarum
1114 3891 1261 3961 regionum
1282 3892 1352 3948 haec

175 4000 262 4055 habet
275 3999 376 4054 Bened.
390 3998 457 4053 xlv
469 4002 511 4053 De
526 4001 589 4068 Syn.
601 4002 689 4055 dioec.
704 4001 723 4054 l.
738 3998 793 4067 III,
813 4017 836 4054 c.
849 4001 878 4067 3,
897 4017 923 4053 u.
936 4001 958 4053 2
975 4000 1112 4055 reserens:
1132 4000 1192 4054 ‹In
1210 4000 1351 4072 ailquibus

177 4109 339 4179 reglonibus
357 4107 433 4161 ultra
449 4110 567 4173 montes,
586 4108 749 4176 praesertim
768 4107 797 4160 in
816 4104 910 4159 Gallia
928 4110 958 4161 et
977 4104 1084 4174 Belgio,
1098 4122 1162 4159 usus
1180 4107 1303 4161 obtinuit
1321 4111 1353 4162 ut

175 4214 250 4282 (Vic.
269 4210 425 4282 Generalis)
443 4213 478 4264 ab
498 4211 614 4265 Officiali
634 4211 839 4281 distinguatur3
859 4214 888 4265 et
907 4212 1033 4265 Vicarius
1058 4215 1233 4281 nuncupetur
1252 4212 1299 4283 qui
1319 4229 1353 4267 ea

147 4364 153 4377 .
175 4323 291 4375 exercet
308 4335 380 4389 quae
405 4322 471 4371 sunt
494 4318 693 4372 iurisdictionis
711 4318 901 4384 voluntariam
925 4317 1057 4389 officialis
1074 4332 1141 4372 vere
1165 4318 1213 4389 qui
1238 4318 1352 4372 iurisdi-

175 4426 265 4480 ctioni
284 4429 394 4494 praeest
412 4424 602 4479 contentiosae
614 4438 639 4481 t.
