<?xml version="1.0" encoding="UTF-8"?>
<!DOCTYPE html PUBLIC "-//W3C//DTD XHTML 1.0 Transitional//EN"
    "http://www.w3.org/TR/xhtml1/DTD/xhtml1-transitional.dtd">
<html xmlns="http://www.w3.org/1999/xhtml" xml:lang="en" lang="en">
 <head>
  <title>
</title>
<meta http-equiv="Content-Type" content="text/html;charset=utf-8" />
  <meta name='ocr-system' content='tesseract 3.04.00' />
  <meta name='ocr-capabilities' content='ocr_page ocr_carea ocr_par ocr_line ocrx_word'/>
</head>
<body>
  <div class='ocr_page' id='page_1' title='image "./praelectionesin03legagoog_0151.png"; bbox 0 0 3292 5109; ppageno 0'>
   <div class='ocr_carea' id='block_1_1' title="bbox 428 300 1281 369">
    <p class='ocr_par' dir='ltr' id='par_1_1' title="bbox 428 300 1281 369">
     <span class='ocr_line' id='line_1_1' title="bbox 428 300 1281 369; baseline -0.002 -2"><span class='ocrx_word' id='word_1_1' title='bbox 428 320 472 367; x_wconf 81' lang='lat' dir='ltr'>ns</span> <span class='ocrx_word' id='word_1_2' title='bbox 497 316 635 369; x_wconf 78' lang='lat' dir='ltr'>moscus</span> <span class='ocrx_word' id='word_1_3' title='bbox 659 316 926 367; x_wconf 78' lang='lat' dir='ltr'>sccnnsnssmcts</span> <span class='ocrx_word' id='word_1_4' title='bbox 1215 300 1281 366; x_wconf 85' lang='lat'>147</span> 
     </span>
    </p>
   </div>
   <div class='ocr_carea' id='block_1_2' title="bbox 108 442 1279 2637">
    <p class='ocr_par' dir='ltr' id='par_1_2' title="bbox 108 442 1279 2637">
     <span class='ocr_line' id='line_1_2' title="bbox 120 442 1279 529; baseline 0.003 -23"><span class='ocrx_word' id='word_1_5' title='bbox 120 443 174 506; x_wconf 90' lang='lat' dir='ltr'>nior</span> <span class='ocrx_word' id='word_1_6' title='bbox 193 446 225 507; x_wconf 89' lang='lat' dir='ltr'>et</span> <span class='ocrx_word' id='word_1_7' title='bbox 246 442 432 509; x_wconf 88' lang='lat' dir='ltr'>ordinarius</span> <span class='ocrx_word' id='word_1_8' title='bbox 461 444 587 511; x_wconf 76' lang='lat' dir='ltr'><strong><em>directe</em></strong></span> <span class='ocrx_word' id='word_1_9' title='bbox 617 443 823 529; x_wconf 80' lang='lat' dir='ltr'><strong>amplectitur</strong></span> <span class='ocrx_word' id='word_1_10' title='bbox 853 443 1056 529; x_wconf 64' lang='lat' dir='ltr'>provinciam</span> <span class='ocrx_word' id='word_1_11' title='bbox 1087 462 1189 528; x_wconf 88' lang='lat' dir='ltr'>quare</span> <span class='ocrx_word' id='word_1_12' title='bbox 1217 443 1279 510; x_wconf 86' lang='lat' dir='ltr'>has</span> 
     </span>
     <span class='ocr_line' id='line_1_3' title="bbox 117 564 1275 654; baseline 0.005 -27"><span class='ocrx_word' id='word_1_13' title='bbox 117 564 324 651; x_wconf 80' lang='lat' dir='ltr'>descripsimus</span> <span class='ocrx_word' id='word_1_14' title='bbox 348 570 479 652; x_wconf 91' lang='lat' dir='ltr'>proprio</span> <span class='ocrx_word' id='word_1_15' title='bbox 510 566 729 654; x_wconf 85' lang='lat' dir='ltr'>geographico</span> <span class='ocrx_word' id='word_1_16' title='bbox 761 568 891 633; x_wconf 88' lang='lat' dir='ltr'>nomine</span> <span class='ocrx_word' id='word_1_17' title='bbox 921 565 1113 653; x_wconf 88' lang='lat' dir='ltr'>easdemque</span> <span class='ocrx_word' id='word_1_18' title='bbox 1143 566 1275 634; x_wconf 77' lang='lat' dir='ltr'><strong>subesse</strong></span> 
     </span>
     <span class='ocr_line' id='line_1_4' title="bbox 116 688 1276 778; baseline 0.004 -26"><span class='ocrx_word' id='word_1_19' title='bbox 116 688 235 755; x_wconf 80' lang='lat' dir='ltr'>diximus</span> <span class='ocrx_word' id='word_1_20' title='bbox 257 692 335 757; x_wconf 89' lang='lat' dir='ltr'>huic</span> <span class='ocrx_word' id='word_1_21' title='bbox 358 690 477 778; x_wconf 79' lang='lat' dir='ltr'>Gong.;</span> <span class='ocrx_word' id='word_1_22' title='bbox 501 713 519 757; x_wconf 91' lang='lat' dir='ltr'>e</span> <span class='ocrx_word' id='word_1_23' title='bbox 543 691 673 757; x_wconf 84' lang='lat' dir='ltr'>diverso</span> <span class='ocrx_word' id='word_1_24' title='bbox 695 692 864 759; x_wconf 77' lang='lat' dir='ltr'>missiones</span> <span class='ocrx_word' id='word_1_25' title='bbox 878 692 1000 758; x_wconf 89' lang='lat' dir='ltr'>rituum</span> <span class='ocrx_word' id='word_1_26' title='bbox 1015 692 1222 759; x_wconf 86' lang='lat' dir='ltr'>orientalium</span> <span class='ocrx_word' id='word_1_27' title='bbox 1241 694 1276 758; x_wconf 93' lang='lat' dir='ltr'>in</span> 
     </span>
     <span class='ocr_line' id='line_1_5' title="bbox 118 812 1273 899; baseline 0.004 -25"><span class='ocrx_word' id='word_1_28' title='bbox 118 812 179 877; x_wconf 82' lang='lat' dir='ltr'>locis</span> <span class='ocrx_word' id='word_1_29' title='bbox 189 814 240 878; x_wconf 91' lang='lat' dir='ltr'>uhi</span> <span class='ocrx_word' id='word_1_30' title='bbox 252 814 343 899; x_wconf 86' lang='lat' dir='ltr'>viget</span> <span class='ocrx_word' id='word_1_31' title='bbox 354 814 435 879; x_wconf 88' lang='lat' dir='ltr'>ritus</span> <span class='ocrx_word' id='word_1_32' title='bbox 450 812 580 893; x_wconf 87' lang='lat' dir='ltr'>latinus,</span> <span class='ocrx_word' id='word_1_33' title='bbox 597 813 840 899; x_wconf 80' lang='lat' dir='ltr'>distinguuntur</span> <span class='ocrx_word' id='word_1_34' title='bbox 852 812 968 895; x_wconf 70' lang='lat' dir='ltr'>ptimo</span> <span class='ocrx_word' id='word_1_35' title='bbox 983 818 1016 879; x_wconf 89' lang='lat' dir='ltr'>et</span> <span class='ocrx_word' id='word_1_36' title='bbox 1030 812 1192 880; x_wconf 74' lang='lat' dir='ltr'>directius</span> <span class='ocrx_word' id='word_1_37' title='bbox 1206 832 1273 879; x_wconf 93' lang='lat' dir='ltr'>non</span> 
     </span>
     <span class='ocr_line' id='line_1_6' title="bbox 116 936 1279 1024; baseline 0.001 -22"><span class='ocrx_word' id='word_1_38' title='bbox 116 956 151 1003; x_wconf 84' lang='lat' dir='ltr'>ec</span> <span class='ocrx_word' id='word_1_39' title='bbox 161 937 325 1005; x_wconf 69' lang='lat' dir='ltr'>tomiomo</span> <span class='ocrx_word' id='word_1_40' title='bbox 342 938 539 1024; x_wconf 84' lang='lat' dir='ltr'>provinciae,</span> <span class='ocrx_word' id='word_1_41' title='bbox 553 936 609 1003; x_wconf 91' lang='lat' dir='ltr'>sed</span> <span class='ocrx_word' id='word_1_42' title='bbox 622 940 652 1001; x_wconf 91' lang='lat' dir='ltr'>vi</span> <span class='ocrx_word' id='word_1_43' title='bbox 665 938 764 1023; x_wconf 87' lang='lat' dir='ltr'>ipsius</span> <span class='ocrx_word' id='word_1_44' title='bbox 778 937 860 1002; x_wconf 91' lang='lat' dir='ltr'>ritus</span> <span class='ocrx_word' id='word_1_45' title='bbox 870 942 903 1002; x_wconf 89' lang='lat' dir='ltr'>et</span> <span class='ocrx_word' id='word_1_46' title='bbox 914 937 978 1003; x_wconf 88' lang='lat' dir='ltr'>hac</span> <span class='ocrx_word' id='word_1_47' title='bbox 993 939 1119 1005; x_wconf 89' lang='lat' dir='ltr'>ratione</span> <span class='ocrx_word' id='word_1_48' title='bbox 1131 936 1279 1003; x_wconf 83' lang='lat' dir='ltr'>dividun-</span> 
     </span>
     <span class='ocr_line' id='line_1_7' title="bbox 115 1061 1276 1151; baseline 0.003 -23"><span class='ocrx_word' id='word_1_49' title='bbox 115 1066 158 1128; x_wconf 89' lang='lat' dir='ltr'>tur</span> <span class='ocrx_word' id='word_1_50' title='bbox 170 1062 338 1135; x_wconf 83' lang='lat' dir='ltr'>dioeceses,</span> <span class='ocrx_word' id='word_1_51' title='bbox 356 1061 470 1147; x_wconf 91' lang='lat' dir='ltr'>quibus</span> <span class='ocrx_word' id='word_1_52' title='bbox 485 1064 506 1128; x_wconf 91' lang='lat' dir='ltr'>ii</span> <span class='ocrx_word' id='word_1_53' title='bbox 522 1068 647 1128; x_wconf 85' lang='lat' dir='ltr'>tanturn</span> <span class='ocrx_word' id='word_1_54' title='bbox 663 1064 828 1147; x_wconf 81' lang='lat' dir='ltr'>pertinent</span> <span class='ocrx_word' id='word_1_55' title='bbox 842 1064 896 1147; x_wconf 88' lang='lat' dir='ltr'>qui</span> <span class='ocrx_word' id='word_1_56' title='bbox 911 1062 967 1127; x_wconf 91' lang='lat' dir='ltr'>illo</span> <span class='ocrx_word' id='word_1_57' title='bbox 984 1065 1048 1129; x_wconf 91' lang='lat' dir='ltr'>ritu</span> <span class='ocrx_word' id='word_1_58' title='bbox 1062 1070 1198 1131; x_wconf 91' lang='lat' dir='ltr'>utuntur</span> <span class='ocrx_word' id='word_1_59' title='bbox 1217 1064 1276 1151; x_wconf 79' lang='lat' dir='ltr'>(l).</span> 
     </span>
     <span class='ocr_line' id='line_1_8' title="bbox 119 1184 1277 1271; baseline 0.003 -22"><span class='ocrx_word' id='word_1_60' title='bbox 119 1184 192 1249; x_wconf 85' lang='lat' dir='ltr'>l&#39;nde</span> <span class='ocrx_word' id='word_1_61' title='bbox 207 1187 372 1251; x_wconf 79' lang='lat' dir='ltr'>missiones</span> <span class='ocrx_word' id='word_1_62' title='bbox 386 1191 461 1251; x_wconf 90' lang='lat' dir='ltr'>sunt</span> <span class='ocrx_word' id='word_1_63' title='bbox 476 1191 509 1250; x_wconf 89' lang='lat' dir='ltr'>et</span> <span class='ocrx_word' id='word_1_64' title='bbox 524 1193 700 1251; x_wconf 80' lang='lat' dir='ltr'>censentur</span> <span class='ocrx_word' id='word_1_65' title='bbox 716 1186 797 1249; x_wconf 91' lang='lat' dir='ltr'>ritus</span> <span class='ocrx_word' id='word_1_66' title='bbox 819 1184 912 1249; x_wconf 90' lang='lat' dir='ltr'>latini</span> <span class='ocrx_word' id='word_1_67' title='bbox 935 1186 996 1250; x_wconf 87' lang='lat' dir='ltr'>nisi</span> <span class='ocrx_word' id='word_1_68' title='bbox 1021 1206 1176 1271; x_wconf 82' lang='lat' dir='ltr'>expresse</span> <span class='ocrx_word' id='word_1_69' title='bbox 1200 1207 1277 1252; x_wconf 91' lang='lat' dir='ltr'>con-</span> 
     </span>
     <span class='ocr_line' id='line_1_9' title="bbox 115 1299 1273 1394; baseline 0.006 -26"><span class='ocrx_word' id='word_1_70' title='bbox 115 1309 233 1371; x_wconf 78' lang='lat' dir='ltr'>tranium</span> <span class='ocrx_word' id='word_1_71' title='bbox 255 1312 424 1373; x_wconf 78' lang='lat' dir='ltr'>statuatur.</span> <span class='ocrx_word' id='word_1_72' title='bbox 451 1308 664 1373; x_wconf 87' lang='lat' dir='ltr'>Nihilominus</span> <span class='ocrx_word' id='word_1_73' title='bbox 687 1299 886 1392; x_wconf 84' lang='lat' dir='ltr'>quia-aliqua¹</span> <span class='ocrx_word' id='word_1_74' title='bbox 900 1307 935 1373; x_wconf 93' lang='lat' dir='ltr'>in</span> <span class='ocrx_word' id='word_1_75' title='bbox 951 1309 1085 1394; x_wconf 81' lang='lat' dir='ltr'>regione</span> <span class='ocrx_word' id='word_1_76' title='bbox 1100 1328 1166 1373; x_wconf 91' lang='lat' dir='ltr'>non</span> <span class='ocrx_word' id='word_1_77' title='bbox 1180 1308 1273 1375; x_wconf 89' lang='lat' dir='ltr'>adest</span> 
     </span>
     <span class='ocr_line' id='line_1_10' title="bbox 114 1430 1271 1514; baseline 0.002 -19"><span class='ocrx_word' id='word_1_78' title='bbox 114 1432 281 1495; x_wconf 81' lang='lat' dir='ltr'>commistio</span> <span class='ocrx_word' id='word_1_79' title='bbox 304 1432 426 1497; x_wconf 90' lang='lat' dir='ltr'>rituum</span> <span class='ocrx_word' id='word_1_80' title='bbox 449 1430 505 1497; x_wconf 89' lang='lat' dir='ltr'>sed</span> <span class='ocrx_word' id='word_1_81' title='bbox 529 1450 611 1497; x_wconf 87' lang='lat' dir='ltr'>unus</span> <span class='ocrx_word' id='word_1_82' title='bbox 634 1436 759 1497; x_wconf 84' lang='lat' dir='ltr'>tanturn</span> <span class='ocrx_word' id='word_1_83' title='bbox 784 1436 963 1499; x_wconf 81' lang='lat' dir='ltr'>exercetur</span> <span class='ocrx_word' id='word_1_84' title='bbox 989 1432 1071 1495; x_wconf 88' lang='lat' dir='ltr'>ritns</span> <span class='ocrx_word' id='word_1_85' title='bbox 1093 1430 1271 1514; x_wconf 88' lang='lat' dir='ltr'>orientalis,</span> 
     </span>
     <span class='ocr_line' id='line_1_11' title="bbox 115 1552 1275 1639; baseline 0.003 -24"><span class='ocrx_word' id='word_1_86' title='bbox 115 1554 179 1618; x_wconf 93' lang='lat' dir='ltr'>inibi</span> <span class='ocrx_word' id='word_1_87' title='bbox 200 1553 360 1620; x_wconf 89' lang='lat' dir='ltr'>distinctio</span> <span class='ocrx_word' id='word_1_88' title='bbox 384 1554 540 1619; x_wconf 89' lang='lat' dir='ltr'>dioecesis</span> <span class='ocrx_word' id='word_1_89' title='bbox 555 1552 591 1618; x_wconf 87' lang='lat' dir='ltr'>lit</span> <span class='ocrx_word' id='word_1_90' title='bbox 606 1554 801 1621; x_wconf 84' lang='lat' dir='ltr'>immediate</span> <span class='ocrx_word' id='word_1_91' title='bbox 818 1555 944 1619; x_wconf 92' lang='lat' dir='ltr'>ratione</span> <span class='ocrx_word' id='word_1_92' title='bbox 968 1554 1131 1621; x_wconf 70' lang='lat' dir='ltr'>letaitorii</span> <span class='ocrx_word' id='word_1_93' title='bbox 1153 1559 1187 1620; x_wconf 91' lang='lat' dir='ltr'>et</span> <span class='ocrx_word' id='word_1_94' title='bbox 1208 1552 1275 1639; x_wconf 86' lang='lat' dir='ltr'>pla·</span> 
     </span>
     <span class='ocr_line' id='line_1_12' title="bbox 114 1686 254 1745; baseline 0.029 -4"><span class='ocrx_word' id='word_1_95' title='bbox 114 1700 177 1743; x_wconf 88' lang='lat' dir='ltr'>num</span> <span class='ocrx_word' id='word_1_96' title='bbox 199 1686 254 1745; x_wconf 87' lang='lat' dir='ltr'>est.</span> 
     </span>
     <span class='ocr_line' id='line_1_13' title="bbox 157 1803 1274 1889; baseline 0.002 -22"><span class='ocrx_word' id='word_1_97' title='bbox 157 1844 158 1847; x_wconf 57' lang='lat'><em>=</em></span> <span class='ocrx_word' id='word_1_98' title='bbox 189 1804 351 1869; x_wconf 74' lang='lat' dir='ltr'>Ecclesiae</span> <span class='ocrx_word' id='word_1_99' title='bbox 374 1806 564 1877; x_wconf 77' lang='lat' dir='ltr'>orientales,</span> <span class='ocrx_word' id='word_1_100' title='bbox 595 1806 700 1889; x_wconf 92' lang='lat' dir='ltr'>prouti</span> <span class='ocrx_word' id='word_1_101' title='bbox 731 1810 892 1869; x_wconf 89' lang='lat' dir='ltr'>testantur</span> <span class='ocrx_word' id='word_1_102' title='bbox 922 1803 1024 1870; x_wconf 87' lang='lat' dir='ltr'>verba</span> <span class='ocrx_word' id='word_1_103' title='bbox 1046 1806 1145 1869; x_wconf 85' lang='lat' dir='ltr'>citata</span> <span class='ocrx_word' id='word_1_104' title='bbox 1169 1804 1274 1869; x_wconf 89' lang='lat' dir='ltr'>Bene-</span> 
     </span>
     <span class='ocr_line' id='line_1_14' title="bbox 113 1923 1274 2015; baseline 0.008 -27"><span class='ocrx_word' id='word_1_105' title='bbox 113 1923 266 1993; x_wconf 80' lang='lat' dir='ltr'>dictinV</span> <span class='ocrx_word' id='word_1_106' title='bbox 279 1928 433 1995; x_wconf 78' lang='lat' dir='ltr'>inconst.</span> <span class='ocrx_word' id='word_1_107' title='bbox 450 1964 465 1976; x_wconf 93' lang='lat'>-</span> <span class='ocrx_word' id='word_1_108' title='bbox 482 1930 616 1995; x_wconf 77' lang='lat' dir='ltr'>dilatae</span> <span class='ocrx_word' id='word_1_109' title='bbox 630 1964 659 2010; x_wconf 90' lang='lat'>-‚</span> <span class='ocrx_word' id='word_1_110' title='bbox 676 1935 889 1997; x_wconf 81' lang='lat' dir='ltr'>‹notumest</span> <span class='ocrx_word' id='word_1_111' title='bbox 903 1936 1053 2015; x_wconf 82' lang='lat' dir='ltr'>quotuor</span> <span class='ocrx_word' id='word_1_112' title='bbox 1065 1928 1186 1996; x_wconf 78' lang='lat' dir='ltr'>ritibus</span> <span class='ocrx_word' id='word_1_113' title='bbox 1199 1948 1274 1997; x_wconf 79' lang='lat' dir='ltr'>con·</span> 
     </span>
     <span class='ocr_line' id='line_1_15' title="bbox 111 2048 1272 2137; baseline 0.007 -27"><span class='ocrx_word' id='word_1_114' title='bbox 111 2052 198 2122; x_wconf 83' lang='lat' dir='ltr'>stare,</span> <span class='ocrx_word' id='word_1_115' title='bbox 215 2048 342 2117; x_wconf 84' lang='lat' dir='ltr'>Graeco</span> <span class='ocrx_word' id='word_1_116' title='bbox 357 2050 519 2127; x_wconf 83' lang='lat' dir='ltr'>uidelicet,</span> <span class='ocrx_word' id='word_1_117' title='bbox 530 2052 692 2131; x_wconf 84' lang='lat' dir='ltr'>Armeno,</span> <span class='ocrx_word' id='word_1_118' title='bbox 708 2052 861 2137; x_wconf 79' lang='lat' dir='ltr'>Syriaco,</span> <span class='ocrx_word' id='word_1_119' title='bbox 870 2057 901 2118; x_wconf 90' lang='lat' dir='ltr'>et</span> <span class='ocrx_word' id='word_1_120' title='bbox 912 2051 1114 2135; x_wconf 82' lang='lat' dir='ltr'>Copdtico».&#39;</span> <span class='ocrx_word' id='word_1_121' title='bbox 1126 2052 1168 2116; x_wconf 90' lang='lat' dir='ltr'>Hi</span> <span class='ocrx_word' id='word_1_122' title='bbox 1181 2054 1272 2134; x_wconf 78' lang='lat' dir='ltr'>ritus,</span> 
     </span>
     <span class='ocr_line' id='line_1_16' title="bbox 113 2179 1273 2265; baseline 0.006 -25"><span class='ocrx_word' id='word_1_123' title='bbox 113 2180 134 2241; x_wconf 87' lang='lat' dir='ltr'>si</span> <span class='ocrx_word' id='word_1_124' title='bbox 149 2180 316 2244; x_wconf 79' lang='lat' dir='ltr'>Armenum</span> <span class='ocrx_word' id='word_1_125' title='bbox 333 2180 486 2263; x_wconf 82' lang='lat' dir='ltr'>excipias,</span> <span class='ocrx_word' id='word_1_126' title='bbox 504 2179 751 2245; x_wconf 89' lang='lat' dir='ltr'>subdividuntur</span> <span class='ocrx_word' id='word_1_127' title='bbox 771 2182 802 2244; x_wconf 95' lang='lat' dir='ltr'>in</span> <span class='ocrx_word' id='word_1_128' title='bbox 823 2180 947 2264; x_wconf 86' lang='lat' dir='ltr'>aliquas</span> <span class='ocrx_word' id='word_1_129' title='bbox 962 2181 1096 2265; x_wconf 87' lang='lat' dir='ltr'>species.</span> <span class='ocrx_word' id='word_1_130' title='bbox 1121 2183 1171 2246; x_wconf 84' lang='lat' dir='ltr'>lta</span> <span class='ocrx_word' id='word_1_131' title='bbox 1191 2182 1273 2247; x_wconf 89' lang='lat' dir='ltr'>ritus</span> 
     </span>
     <span class='ocr_line' id='line_1_17' title="bbox 112 2302 1270 2388; baseline 0.008 -28"><span class='ocrx_word' id='word_1_132' title='bbox 112 2302 275 2383; x_wconf 73' lang='lat' dir='ltr'>reptilium,</span> <span class='ocrx_word' id='word_1_133' title='bbox 288 2302 372 2367; x_wconf 89' lang='lat' dir='ltr'>alius</span> <span class='ocrx_word' id='word_1_134' title='bbox 384 2308 433 2365; x_wconf 89' lang='lat' dir='ltr'>est</span> <span class='ocrx_word' id='word_1_135' title='bbox 446 2302 631 2387; x_wconf 70' lang='lat' dir='ltr'>⁴lepipticts,</span> <span class='ocrx_word' id='word_1_136' title='bbox 645 2302 727 2367; x_wconf 87' lang='lat' dir='ltr'>alius</span> <span class='ocrx_word' id='word_1_137' title='bbox 739 2309 788 2367; x_wconf 88' lang='lat' dir='ltr'>est</span> <span class='ocrx_word' id='word_1_138' title='bbox 799 2302 1005 2388; x_wconf 68' lang='lat' dir='ltr'>iletpopicue</span> <span class='ocrx_word' id='word_1_139' title='bbox 1017 2303 1270 2371; x_wconf 68' lang='lat' dir='ltr'>sensissem.</span> 
     </span>
     <span class='ocr_line' id='line_1_18' title="bbox 188 2425 1271 2510; baseline 0.003 -21"><span class='ocrx_word' id='word_1_140' title='bbox 188 2425 277 2490; x_wconf 83' lang='lat' dir='ltr'>Ritus</span> <span class='ocrx_word' id='word_1_141' title='bbox 307 2444 461 2489; x_wconf 88' lang='lat' dir='ltr'>armenus</span> <span class='ocrx_word' id='word_1_142' title='bbox 493 2430 525 2489; x_wconf 88' lang='lat' dir='ltr'>et</span> <span class='ocrx_word' id='word_1_143' title='bbox 556 2425 692 2509; x_wconf 90' lang='lat' dir='ltr'>cophtus</span> <span class='ocrx_word' id='word_1_144' title='bbox 723 2426 833 2510; x_wconf 88' lang='lat' dir='ltr'>plures</span> <span class='ocrx_word' id='word_1_145' title='bbox 856 2427 1023 2493; x_wconf 88' lang='lat' dir='ltr'>continent</span> <span class='ocrx_word' id='word_1_146' title='bbox 1045 2426 1207 2494; x_wconf 87' lang='lat' dir='ltr'>dioeceses</span> <span class='ocrx_word' id='word_1_147' title='bbox 1239 2434 1271 2493; x_wconf 91' lang='lat' dir='ltr'>et</span> 
     </span>
     <span class='ocr_line' id='line_1_19' title="bbox 108 2548 1271 2637; baseline 0.006 -25"><span class='ocrx_word' id='word_1_148' title='bbox 108 2548 171 2625; x_wconf 80' lang='lat' dir='ltr'>fere</span> <span class='ocrx_word' id='word_1_149' title='bbox 193 2549 236 2635; x_wconf 69' lang='lat'>(2)</span> <span class='ocrx_word' id='word_1_150' title='bbox 259 2551 420 2616; x_wconf 82' lang='lat' dir='ltr'>universis</span> <span class='ocrx_word' id='word_1_151' title='bbox 452 2550 605 2633; x_wconf 88' lang='lat' dir='ltr'>cuiusque</span> <span class='ocrx_word' id='word_1_152' title='bbox 637 2550 718 2614; x_wconf 87' lang='lat' dir='ltr'>ritus</span> <span class='ocrx_word' id='word_1_153' title='bbox 749 2550 949 2615; x_wconf 90' lang='lat' dir='ltr'>dioecesibus</span> <span class='ocrx_word' id='word_1_154' title='bbox 978 2557 1122 2637; x_wconf 84' lang='lat' dir='ltr'>praeest,</span> <span class='ocrx_word' id='word_1_155' title='bbox 1147 2553 1271 2619; x_wconf 91' lang='lat' dir='ltr'>iuribus</span> 
     </span>
    </p>
   </div>
   <div class='ocr_carea' id='block_1_3' title="bbox 103 2833 1272 4079">
    <p class='ocr_par' dir='ltr' id='par_1_3' title="bbox 103 2833 1272 4079">
     <span class='ocr_line' id='line_1_20' title="bbox 185 2833 1269 2903; baseline 0 -16"><span class='ocrx_word' id='word_1_156' title='bbox 185 2834 222 2901; x_wconf 82' lang='lat' dir='ltr'>(l)</span> <span class='ocrx_word' id='word_1_157' title='bbox 240 2833 309 2888; x_wconf 88' lang='lat' dir='ltr'>Cum</span> <span class='ocrx_word' id='word_1_158' title='bbox 330 2834 358 2887; x_wconf 89' lang='lat' dir='ltr'>in</span> <span class='ocrx_word' id='word_1_159' title='bbox 379 2851 433 2887; x_wconf 88' lang='lat' dir='ltr'>una</span> <span class='ocrx_word' id='word_1_160' title='bbox 451 2834 593 2903; x_wconf 84' lang='lat' dir='ltr'>provincia</span> <span class='ocrx_word' id='word_1_161' title='bbox 606 2834 816 2903; x_wconf 82' lang='lat' dir='ltr'>distinguuntur</span> <span class='ocrx_word' id='word_1_162' title='bbox 829 2834 969 2888; x_wconf 85' lang='lat' dir='ltr'>dioeceses</span> <span class='ocrx_word' id='word_1_163' title='bbox 981 2834 1153 2888; x_wconf 80' lang='lat' dir='ltr'>diversorum</span> <span class='ocrx_word' id='word_1_164' title='bbox 1166 2836 1269 2888; x_wconf 85' lang='lat' dir='ltr'>rituum</span> 
     </span>
     <span class='ocr_line' id='line_1_21' title="bbox 108 2936 1272 3009; baseline 0.005 -23"><span class='ocrx_word' id='word_1_165' title='bbox 108 2936 280 3002; x_wconf 82' lang='lat' dir='ltr'>orientalium,</span> <span class='ocrx_word' id='word_1_166' title='bbox 295 2936 421 2991; x_wconf 85' lang='lat' dir='ltr'>Praesuli</span> <span class='ocrx_word' id='word_1_167' title='bbox 436 2940 594 2992; x_wconf 84' lang='lat' dir='ltr'>immediate</span> <span class='ocrx_word' id='word_1_168' title='bbox 608 2954 661 2991; x_wconf 89' lang='lat' dir='ltr'>non</span> <span class='ocrx_word' id='word_1_169' title='bbox 676 2938 823 2991; x_wconf 87' lang='lat' dir='ltr'>subiicitur</span> <span class='ocrx_word' id='word_1_170' title='bbox 837 2938 896 3007; x_wconf 81' lang='lat' dir='ltr'>ipsa</span> <span class='ocrx_word' id='word_1_171' title='bbox 907 2938 985 3008; x_wconf 78' lang='lat' dir='ltr'>regio</span> <span class='ocrx_word' id='word_1_172' title='bbox 997 2937 1076 3009; x_wconf 87' lang='lat' dir='ltr'>quasi</span> <span class='ocrx_word' id='word_1_173' title='bbox 1093 2953 1177 2991; x_wconf 83' lang='lat' dir='ltr'>suum</span> <span class='ocrx_word' id='word_1_174' title='bbox 1187 2940 1272 2992; x_wconf 85' lang='lat' dir='ltr'>terri·</span> 
     </span>
     <span class='ocr_line' id='line_1_22' title="bbox 108 3042 1270 3113; baseline 0.007 -24"><span class='ocrx_word' id='word_1_175' title='bbox 108 3042 206 3107; x_wconf 74' lang='lat' dir='ltr'>imum,</span> <span class='ocrx_word' id='word_1_176' title='bbox 218 3042 264 3097; x_wconf 87' lang='lat' dir='ltr'>sad</span> <span class='ocrx_word' id='word_1_177' title='bbox 277 3044 397 3097; x_wconf 86' lang='lat' dir='ltr'>subsunt</span> <span class='ocrx_word' id='word_1_178' title='bbox 415 3042 574 3097; x_wconf 81' lang='lat' dir='ltr'>immediate</span> <span class='ocrx_word' id='word_1_179' title='bbox 591 3060 730 3113; x_wconf 68' lang='lat' dir='ltr'>percoctae</span> <span class='ocrx_word' id='word_1_180' title='bbox 747 3042 788 3095; x_wconf 91' lang='lat' dir='ltr'>illi</span> <span class='ocrx_word' id='word_1_181' title='bbox 806 3043 914 3112; x_wconf 78' lang='lat' dir='ltr'>regioni</span> <span class='ocrx_word' id='word_1_182' title='bbox 927 3042 1090 3109; x_wconf 88' lang='lat' dir='ltr'>incolentes,</span> <span class='ocrx_word' id='word_1_183' title='bbox 1104 3047 1134 3096; x_wconf 91' lang='lat' dir='ltr'>et</span> <span class='ocrx_word' id='word_1_184' title='bbox 1146 3043 1188 3095; x_wconf 92' lang='lat' dir='ltr'>illi</span> <span class='ocrx_word' id='word_1_185' title='bbox 1202 3044 1270 3097; x_wconf 89' lang='lat' dir='ltr'>ritui</span> 
     </span>
     <span class='ocr_line' id='line_1_23' title="bbox 108 3148 1269 3229; baseline 0.004 -28"><span class='ocrx_word' id='word_1_186' title='bbox 108 3148 254 3219; x_wconf 83' lang='lat' dir='ltr'>adscriptas.</span> <span class='ocrx_word' id='word_1_187' title='bbox 274 3151 366 3229; x_wconf 83' lang='lat' dir='ltr'>Quare</span> <span class='ocrx_word' id='word_1_188' title='bbox 383 3150 412 3205; x_wconf 91' lang='lat' dir='ltr'>in</span> <span class='ocrx_word' id='word_1_189' title='bbox 431 3154 574 3205; x_wconf 80' lang='lat' dir='ltr'>territorio</span> <span class='ocrx_word' id='word_1_190' title='bbox 588 3150 721 3206; x_wconf 85' lang='lat' dir='ltr'>dioecesis</span> <span class='ocrx_word' id='word_1_191' title='bbox 734 3155 783 3205; x_wconf 83' lang='lat' dir='ltr'>aut</span> <span class='ocrx_word' id='word_1_192' title='bbox 796 3149 945 3219; x_wconf 87' lang='lat' dir='ltr'>parochiae</span> <span class='ocrx_word' id='word_1_193' title='bbox 959 3151 1062 3205; x_wconf 72' lang='lat' dir='ltr'>minae</span> <span class='ocrx_word' id='word_1_194' title='bbox 1081 3155 1174 3220; x_wconf 88' lang='lat' dir='ltr'>potest</span> <span class='ocrx_word' id='word_1_195' title='bbox 1189 3168 1269 3206; x_wconf 83' lang='lat' dir='ltr'>exer-</span> 
     </span>
     <span class='ocr_line' id='line_1_24' title="bbox 106 3255 1268 3327; baseline 0.004 -20"><span class='ocrx_word' id='word_1_196' title='bbox 106 3256 153 3307; x_wconf 75' lang='lat' dir='ltr'>reri</span> <span class='ocrx_word' id='word_1_197' title='bbox 166 3256 318 3311; x_wconf 87' lang='lat' dir='ltr'>iurisdictio</span> <span class='ocrx_word' id='word_1_198' title='bbox 338 3258 467 3327; x_wconf 84' lang='lat' dir='ltr'>Episcopi</span> <span class='ocrx_word' id='word_1_199' title='bbox 480 3261 530 3311; x_wconf 88' lang='lat' dir='ltr'>aut</span> <span class='ocrx_word' id='word_1_200' title='bbox 544 3256 657 3327; x_wconf 84' lang='lat' dir='ltr'>parochi</span> <span class='ocrx_word' id='word_1_201' title='bbox 672 3258 743 3309; x_wconf 92' lang='lat' dir='ltr'>ritus</span> <span class='ocrx_word' id='word_1_202' title='bbox 755 3256 911 3322; x_wconf 84' lang='lat' dir='ltr'>orientalis,</span> <span class='ocrx_word' id='word_1_203' title='bbox 925 3255 1061 3327; x_wconf 86' lang='lat' dir='ltr'>siquidem</span> <span class='ocrx_word' id='word_1_204' title='bbox 1073 3256 1172 3311; x_wconf 90' lang='lat' dir='ltr'>horum</span> <span class='ocrx_word' id='word_1_205' title='bbox 1185 3259 1268 3313; x_wconf 90' lang='lat' dir='ltr'>iuris·</span> 
     </span>
     <span class='ocr_line' id='line_1_25' title="bbox 104 3360 1268 3434; baseline 0.008 -24"><span class='ocrx_word' id='word_1_206' title='bbox 104 3360 179 3416; x_wconf 83' lang='lat' dir='ltr'>dictio</span> <span class='ocrx_word' id='word_1_207' title='bbox 196 3366 355 3421; x_wconf 83' lang='lat' dir='ltr'>immediate</span> <span class='ocrx_word' id='word_1_208' title='bbox 374 3364 460 3419; x_wconf 85' lang='lat' dir='ltr'>afficit</span> <span class='ocrx_word' id='word_1_209' title='bbox 478 3380 525 3418; x_wconf 88' lang='lat' dir='ltr'>eos</span> <span class='ocrx_word' id='word_1_210' title='bbox 544 3368 652 3417; x_wconf 87' lang='lat' dir='ltr'>tanturn</span> <span class='ocrx_word' id='word_1_211' title='bbox 672 3364 719 3434; x_wconf 92' lang='lat' dir='ltr'>qui</span> <span class='ocrx_word' id='word_1_212' title='bbox 736 3368 812 3417; x_wconf 87' lang='lat' dir='ltr'>certo</span> <span class='ocrx_word' id='word_1_213' title='bbox 827 3364 893 3416; x_wconf 91' lang='lat' dir='ltr'>ritui</span> <span class='ocrx_word' id='word_1_214' title='bbox 906 3368 971 3417; x_wconf 90' lang='lat' dir='ltr'>sunt</span> <span class='ocrx_word' id='word_1_215' title='bbox 983 3363 1123 3433; x_wconf 79' lang='lat' dir='ltr'>adscripti.</span> <span class='ocrx_word' id='word_1_216' title='bbox 1137 3364 1268 3419; x_wconf 87' lang='lat' dir='ltr'>Ceterum</span> 
     </span>
     <span class='ocr_line' id='line_1_26' title="bbox 105 3472 1267 3543; baseline 0.005 -22"><span class='ocrx_word' id='word_1_217' title='bbox 105 3487 132 3523; x_wconf 77' lang='lat' dir='ltr'>ex</span> <span class='ocrx_word' id='word_1_218' title='bbox 144 3474 201 3541; x_wconf 88' lang='lat' dir='ltr'>ipso</span> <span class='ocrx_word' id='word_1_219' title='bbox 218 3475 278 3530; x_wconf 92' lang='lat' dir='ltr'>iure</span> <span class='ocrx_word' id='word_1_220' title='bbox 297 3474 437 3529; x_wconf 87' lang='lat' dir='ltr'>communi</span> <span class='ocrx_word' id='word_1_221' title='bbox 450 3472 553 3527; x_wconf 88' lang='lat' dir='ltr'>subditi</span> <span class='ocrx_word' id='word_1_222' title='bbox 573 3479 688 3543; x_wconf 87' lang='lat' dir='ltr'>possunt</span> <span class='ocrx_word' id='word_1_223' title='bbox 707 3473 843 3542; x_wconf 81' lang='lat' dir='ltr'>assignari</span> <span class='ocrx_word' id='word_1_224' title='bbox 864 3489 918 3526; x_wconf 90' lang='lat' dir='ltr'>non</span> <span class='ocrx_word' id='word_1_225' title='bbox 938 3474 1046 3528; x_wconf 86' lang='lat' dir='ltr'>ratione</span> <span class='ocrx_word' id='word_1_226' title='bbox 1066 3474 1203 3528; x_wconf 71' lang='lat' dir='ltr'>territorii</span> <span class='ocrx_word' id='word_1_227' title='bbox 1220 3475 1267 3529; x_wconf 89' lang='lat' dir='ltr'>sed</span> 
     </span>
     <span class='ocr_line' id='line_1_27' title="bbox 105 3579 1268 3653; baseline 0.001 -19"><span class='ocrx_word' id='word_1_228' title='bbox 105 3579 250 3639; x_wconf 79' lang='lat' dir='ltr'>immediate</span> <span class='ocrx_word' id='word_1_229' title='bbox 268 3586 378 3639; x_wconf 89' lang='lat' dir='ltr'>ratione</span> <span class='ocrx_word' id='word_1_230' title='bbox 394 3600 591 3653; x_wconf 83' lang='lat' dir='ltr'>personarum.</span> <span class='ocrx_word' id='word_1_231' title='bbox 612 3582 654 3636; x_wconf 86' lang='lat' dir='ltr'>lta</span> <span class='ocrx_word' id='word_1_232' title='bbox 673 3580 834 3652; x_wconf 87' lang='lat' dir='ltr'>provinciae</span> <span class='ocrx_word' id='word_1_233' title='bbox 853 3579 985 3635; x_wconf 87' lang='lat' dir='ltr'>Ordinum</span> <span class='ocrx_word' id='word_1_234' title='bbox 1005 3579 1188 3649; x_wconf 84' lang='lat' dir='ltr'>Regularium</span> <span class='ocrx_word' id='word_1_235' title='bbox 1210 3599 1268 3635; x_wconf 88' lang='lat' dir='ltr'>am-</span> 
     </span>
     <span class='ocr_line' id='line_1_28' title="bbox 106 3684 1268 3757; baseline 0.003 -20"><span class='ocrx_word' id='word_1_236' title='bbox 106 3684 252 3750; x_wconf 87' lang='lat' dir='ltr'>plectuntur</span> <span class='ocrx_word' id='word_1_237' title='bbox 274 3690 450 3745; x_wconf 88' lang='lat' dir='ltr'>territorium</span> <span class='ocrx_word' id='word_1_238' title='bbox 475 3689 557 3742; x_wconf 89' lang='lat' dir='ltr'>unius</span> <span class='ocrx_word' id='word_1_239' title='bbox 582 3694 631 3743; x_wconf 87' lang='lat' dir='ltr'>aut</span> <span class='ocrx_word' id='word_1_240' title='bbox 656 3688 778 3757; x_wconf 88' lang='lat' dir='ltr'>plurium</span> <span class='ocrx_word' id='word_1_241' title='bbox 803 3686 960 3742; x_wconf 87' lang='lat' dir='ltr'>dioecesum</span> <span class='ocrx_word' id='word_1_242' title='bbox 985 3686 1033 3742; x_wconf 85' lang='lat' dir='ltr'>sed</span> <span class='ocrx_word' id='word_1_243' title='bbox 1057 3687 1183 3741; x_wconf 88' lang='lat' dir='ltr'>subditos</span> <span class='ocrx_word' id='word_1_244' title='bbox 1207 3704 1268 3743; x_wconf 85' lang='lat' dir='ltr'>sor-</span> 
     </span>
     <span class='ocr_line' id='line_1_29' title="bbox 103 3792 1270 3867; baseline 0.008 -25"><span class='ocrx_word' id='word_1_245' title='bbox 103 3792 202 3849; x_wconf 86' lang='lat' dir='ltr'>tiuntur</span> <span class='ocrx_word' id='word_1_246' title='bbox 219 3799 404 3853; x_wconf 82' lang='lat' dir='ltr'>immedictius</span> <span class='ocrx_word' id='word_1_247' title='bbox 423 3797 532 3852; x_wconf 87' lang='lat' dir='ltr'>ratione</span> <span class='ocrx_word' id='word_1_248' title='bbox 548 3812 746 3867; x_wconf 64' lang='lat' dir='ltr'>personarum</span> <span class='ocrx_word' id='word_1_249' title='bbox 765 3800 794 3849; x_wconf 88' lang='lat' dir='ltr'>et</span> <span class='ocrx_word' id='word_1_250' title='bbox 813 3794 842 3848; x_wconf 90' lang='lat' dir='ltr'>in</span> <span class='ocrx_word' id='word_1_251' title='bbox 861 3794 945 3848; x_wconf 86' lang='lat' dir='ltr'>ltalia</span> <span class='ocrx_word' id='word_1_252' title='bbox 962 3795 1175 3865; x_wconf 85' lang='lat' dir='ltr'>septentrionali</span> <span class='ocrx_word' id='word_1_253' title='bbox 1201 3812 1270 3851; x_wconf 92' lang='lat' dir='ltr'>non·</span> 
     </span>
     <span class='ocr_line' id='line_1_30' title="bbox 104 3897 1268 3975; baseline 0.008 -27"><span class='ocrx_word' id='word_1_254' title='bbox 104 3897 188 3956; x_wconf 87' lang='lat' dir='ltr'>nullae</span> <span class='ocrx_word' id='word_1_255' title='bbox 201 3902 335 3959; x_wconf 85' lang='lat' dir='ltr'>habentur</span> <span class='ocrx_word' id='word_1_256' title='bbox 348 3904 502 3975; x_wconf 86' lang='lat' dir='ltr'>paroeciae,</span> <span class='ocrx_word' id='word_1_257' title='bbox 515 3918 586 3973; x_wconf 88' lang='lat' dir='ltr'>quae</span> <span class='ocrx_word' id='word_1_258' title='bbox 598 3902 808 3972; x_wconf 79' lang='lat' dir='ltr'>distinguuntur</span> <span class='ocrx_word' id='word_1_259' title='bbox 828 3918 845 3955; x_wconf 85' lang='lat' dir='ltr'>a</span> <span class='ocrx_word' id='word_1_260' title='bbox 864 3906 942 3955; x_wconf 87' lang='lat' dir='ltr'>certo</span> <span class='ocrx_word' id='word_1_261' title='bbox 958 3918 1074 3956; x_wconf 85' lang='lat' dir='ltr'>numero</span> <span class='ocrx_word' id='word_1_262' title='bbox 1086 3902 1268 3965; x_wconf 78' lang='lat' dir='ltr'>familiarum,</span> 
     </span>
     <span class='ocr_line' id='line_1_31' title="bbox 104 4006 1267 4079; baseline 0.007 -25"><span class='ocrx_word' id='word_1_263' title='bbox 104 4016 166 4067; x_wconf 80' lang='lat' dir='ltr'>quse</span> <span class='ocrx_word' id='word_1_264' title='bbox 184 4008 295 4063; x_wconf 84' lang='lat' dir='ltr'>subsunt</span> <span class='ocrx_word' id='word_1_265' title='bbox 314 4007 426 4078; x_wconf 91' lang='lat' dir='ltr'>proprio</span> <span class='ocrx_word' id='word_1_266' title='bbox 446 4006 566 4078; x_wconf 89' lang='lat' dir='ltr'>parocho</span> <span class='ocrx_word' id='word_1_267' title='bbox 585 4006 803 4077; x_wconf 86' lang='lat' dir='ltr'>independenter</span> <span class='ocrx_word' id='word_1_268' title='bbox 823 4024 840 4059; x_wconf 88' lang='lat' dir='ltr'>a</span> <span class='ocrx_word' id='word_1_269' title='bbox 858 4006 1001 4061; x_wconf 87' lang='lat' dir='ltr'>territorio</span> <span class='ocrx_word' id='word_1_270' title='bbox 1015 4008 1044 4061; x_wconf 91' lang='lat' dir='ltr'>in</span> <span class='ocrx_word' id='word_1_271' title='bbox 1058 4025 1113 4079; x_wconf 92' lang='lat' dir='ltr'>qno</span> <span class='ocrx_word' id='word_1_272' title='bbox 1132 4008 1267 4063; x_wconf 88' lang='lat' dir='ltr'>incolunt.</span> 
     </span>
    </p>
   </div>
   <div class='ocr_carea' id='block_1_4' title="bbox 101 4112 1267 4488">
    <p class='ocr_par' dir='ltr' id='par_1_4' title="bbox 101 4112 1267 4488">
     <span class='ocr_line' id='line_1_32' title="bbox 183 4112 1266 4187; baseline 0.002 -20"><span class='ocrx_word' id='word_1_273' title='bbox 183 4112 220 4185; x_wconf 83' lang='lat'>(2)</span> <span class='ocrx_word' id='word_1_274' title='bbox 231 4112 345 4187; x_wconf 81' lang='lat' dir='ltr'>inquam</span> <span class='ocrx_word' id='word_1_275' title='bbox 358 4144 372 4157; x_wconf 90' lang='lat'><strong>·</strong></span> <span class='ocrx_word' id='word_1_276' title='bbox 386 4118 448 4185; x_wconf 74' lang='lat' dir='ltr'>sere</span> <span class='ocrx_word' id='word_1_277' title='bbox 461 4114 600 4170; x_wconf 82' lang='lat' dir='ltr'>uniuersis</span> <span class='ocrx_word' id='word_1_278' title='bbox 614 4142 627 4155; x_wconf 90' lang='lat'><strong>·</strong></span> <span class='ocrx_word' id='word_1_279' title='bbox 641 4113 776 4185; x_wconf 86' lang='lat' dir='ltr'>siquidem</span> <span class='ocrx_word' id='word_1_280' title='bbox 791 4113 820 4168; x_wconf 92' lang='lat' dir='ltr'>in</span> <span class='ocrx_word' id='word_1_281' title='bbox 834 4112 983 4168; x_wconf 83' lang='lat' dir='ltr'>nonnullas</span> <span class='ocrx_word' id='word_1_282' title='bbox 995 4114 1144 4182; x_wconf 87' lang='lat' dir='ltr'>dioeceses,</span> <span class='ocrx_word' id='word_1_283' title='bbox 1154 4120 1266 4185; x_wconf 85' lang='lat' dir='ltr'>utputa,</span> 
     </span>
     <span class='ocr_line' id='line_1_33' title="bbox 103 4198 1267 4291; baseline 0.008 -25"><span class='ocrx_word' id='word_1_284' title='bbox 103 4215 184 4279; x_wconf 83' lang='lat' dir='ltr'>quoad</span> <span class='ocrx_word' id='word_1_285' title='bbox 202 4222 333 4275; x_wconf 82' lang='lat' dir='ltr'>Armenes</span> <span class='ocrx_word' id='word_1_286' title='bbox 357 4198 385 4274; x_wconf 85' lang='lat' dir='ltr'>in</span> <span class='ocrx_word' id='word_1_287' title='bbox 409 4219 557 4276; x_wconf 86' lang='lat' dir='ltr'>dioecesim</span> <span class='ocrx_word' id='word_1_288' title='bbox 582 4218 792 4290; x_wconf 84' lang='lat' dir='ltr'>Leopolitanam</span> <span class='ocrx_word' id='word_1_289' title='bbox 819 4221 935 4291; x_wconf 83' lang='lat' dir='ltr'>politice</span> <span class='ocrx_word' id='word_1_290' title='bbox 961 4221 1114 4276; x_wconf 86' lang='lat' dir='ltr'>subiectam</span> <span class='ocrx_word' id='word_1_291' title='bbox 1143 4221 1267 4291; x_wconf 89' lang='lat' dir='ltr'>Imperio</span> 
     </span>
     <span class='ocr_line' id='line_1_34' title="bbox 102 4315 1267 4396; baseline 0.013 -29"><span class='ocrx_word' id='word_1_292' title='bbox 102 4315 251 4389; x_wconf 75' lang='lat' dir='ltr'>lustriaco,</span> <span class='ocrx_word' id='word_1_293' title='bbox 269 4330 298 4379; x_wconf 92' lang='lat' dir='ltr'>st</span> <span class='ocrx_word' id='word_1_294' title='bbox 316 4323 384 4379; x_wconf 89' lang='lat' dir='ltr'>olim</span> <span class='ocrx_word' id='word_1_295' title='bbox 403 4324 432 4378; x_wconf 90' lang='lat' dir='ltr'>in</span> <span class='ocrx_word' id='word_1_296' title='bbox 450 4322 599 4380; x_wconf 86' lang='lat' dir='ltr'>dioecesim</span> <span class='ocrx_word' id='word_1_297' title='bbox 619 4326 816 4380; x_wconf 87' lang='lat' dir='ltr'>Artuinensem</span> <span class='ocrx_word' id='word_1_298' title='bbox 829 4326 984 4380; x_wconf 83' lang='lat' dir='ltr'>subiectam</span> <span class='ocrx_word' id='word_1_299' title='bbox 1000 4326 1118 4396; x_wconf 87' lang='lat' dir='ltr'>Imperio</span> <span class='ocrx_word' id='word_1_300' title='bbox 1138 4327 1267 4394; x_wconf 83' lang='lat' dir='ltr'>Russico‚</span> 
     </span>
     <span class='ocr_line' id='line_1_35' title="bbox 101 4430 1050 4488; baseline 0.013 -15"><span class='ocrx_word' id='word_1_301' title='bbox 101 4437 150 4477; x_wconf 90' lang='lat' dir='ltr'>non</span> <span class='ocrx_word' id='word_1_302' title='bbox 168 4445 197 4483; x_wconf 88' lang='lat' dir='ltr'>se</span> <span class='ocrx_word' id='word_1_303' title='bbox 213 4431 335 4487; x_wconf 82' lang='lat' dir='ltr'>extendit</span> <span class='ocrx_word' id='word_1_304' title='bbox 354 4430 508 4486; x_wconf 90' lang='lat' dir='ltr'>iurisdictio</span> <span class='ocrx_word' id='word_1_305' title='bbox 526 4431 706 4488; x_wconf 83' lang='lat' dir='ltr'>Patriarchae</span> <span class='ocrx_word' id='word_1_306' title='bbox 725 4431 842 4487; x_wconf 82' lang='lat' dir='ltr'>Ciliciae</span> <span class='ocrx_word' id='word_1_307' title='bbox 858 4434 1050 4488; x_wconf 70' lang='lat' dir='ltr'>limenorum.</span> 
     </span>
    </p>
   </div>
   <div class='ocr_carea' id='block_1_5' title="bbox 0 0 1650 5109">
    <p class='ocr_par' dir='ltr' id='par_1_5' title="bbox 0 0 1650 5109">
     <span class='ocr_line' id='line_1_36' title="bbox 0 0 1650 5109; baseline 0 6"><span class='ocrx_word' id='word_1_308' title='bbox 0 0 1650 5109; x_wconf 95' lang='lat' dir='ltr'> </span> 
     </span>
    </p>
   </div>
  </div>
 </body>
</html>
