3292 5109
495 330 540 378 nn
564 330 702 378 runicus
726 330 992 379 sccunsrssrrcrs
1279 310 1348 377 269

156 452 263 520 ⁴Card.
288 452 463 519 secretarii
486 454 603 520 Status.
629 454 699 521 Non
724 456 930 521 constituitur
952 455 1079 539 quidam
1103 453 1199 522 Card.
1216 453 1347 520 Ponens

166 601 223 645 seu
248 580 384 649 Relator
406 580 463 647 sed
486 583 572 650 inter
599 588 787 668 praesentes
810 584 872 649 Ille
894 584 949 667 qui
971 583 1107 669 gradum
1131 584 1288 669 potiorem
1312 584 1346 648 in

166 700 197 767 S.
223 700 368 787 collegio
391 701 514 768 obtinet
537 704 708 770 exorditur
731 724 823 771 suam
851 703 994 791 pandens
1021 704 1223 770 sententiam.
1249 702 1345 769 Oard.

166 826 371 892 Secretarius
399 828 506 895 Status
536 830 590 913 qui
622 830 655 893 in
689 829 780 894 hisce
814 828 1027 894 conventibus
1061 848 1190 913 semper
1218 832 1346 913 partem

167 948 283 1025 habet,
308 952 447 1017 omnium
475 952 623 1024 ultimus,
647 952 754 1037 prouti
782 971 817 1017 se
845 971 963 1039 gerere
994 952 1100 1018 solent
1123 951 1287 1016 Praefecti
1301 951 1346 1022 ¹in
1433 1002 1439 1011 .

167 1072 323 1158 plenariis
346 1076 482 1140 comitiis
505 1075 642 1140 aliarum
659 1075 964 1161 congregationum,
984 1074 1051 1140 fert
1072 1096 1165 1141 suum
1187 1078 1307 1139 votum.
1325 1109 1344 1123 ·

169 1196 371 1262 Secretarius
395 1198 494 1285 Gorg.
519 1202 573 1285 qui
595 1200 685 1265 hisce
709 1200 937 1285 congressibus
960 1199 1059 1274 adest,
1077 1202 1207 1286 scriptis
1230 1204 1348 1265 exarat

169 1324 364 1406 quaestionis
387 1328 419 1391 et
441 1327 673 1391 sententiarum
705 1345 880 1401 summam
904 1346 999 1411 quam
1028 1300 1133 1391 refert
1155 1325 1347 1390 Beatissimo

168 1444 259 1513 Patri
283 1468 342 1533 pro
365 1446 528 1515 definitiva
551 1451 672 1535 negotii
697 1450 894 1515 resolutione
918 1454 951 1514 et
973 1448 1188 1534 expeditione.

258 1576 430 1662 Rescripta
453 1578 561 1641 omnia
583 1578 680 1643 huius
700 1578 820 1644 Sacrae
836 1576 1104 1663 Congregationis
1118 1573 1228 1662 protis
1250 1593 1346 1661 expe·

169 1698 301 1765 diuntur
323 1720 535 1787 quocumque
557 1702 667 1777 titulo;
685 1722 786 1788 eaque
802 1722 862 1787 pro
877 1722 936 1767 sua
951 1701 1201 1768 authenticitate
1215 1700 1346 1765 reterre

169 1826 285 1893 debent
308 1826 575 1913 subscriptionem
599 1827 773 1894 Secretarii
794 1834 828 1893 et
846 1826 986 1913 sigillum
1010 1847 1082 1892 cum
1106 1832 1274 1892 stemmate
1291 1844 1345 1890 re-

170 1952 297 2035 gnantis
321 1948 487 2016 Pontificis
511 1956 608 2035 atque
631 1952 859 2035 inscriptione:
885 1950 918 2016 S.
948 1947 1172 2037 Conprepatio
1203 1950 1348 2037 negotiis

169 2073 399 2141 ecciesiasticis
421 2075 713 2143 emtraordinam'is
733 2074 943 2159 praeposito.
