3292 5109
302 240 347 307 34
821 268 906 316 raas
930 268 967 317 ιι.

300 387 335 452 in
356 387 496 453 alterum
519 384 604 453 diem
627 386 744 455 differt.
778 390 889 466 Quare
912 399 1078 479 postquam
1106 396 1216 460 omnia
1237 401 1365 461 mature
1387 408 1478 482 gesta

300 510 382 593 sint,
405 509 566 579 difficilius
588 532 715 580 nocam
737 514 951 581 audientium
974 516 1132 582 concedit.
1159 517 1338 585 Praeterea
1357 520 1411 605 qui
1433 521 1480 585 in·

299 640 363 701 stat
385 657 444 723 pro
468 656 553 703 nova
574 637 745 712 audientia,
759 639 951 723 depositum
975 640 1087 706 iacere
1110 639 1206 707 debet
1227 662 1287 708 seu
1309 645 1478 727 pecuniam

299 768 396 827 autea
413 762 544 849 deponit
561 765 779 829 necessariam
802 766 954 850 expensis
976 765 1134 831 aduersae
1150 768 1235 852 parti
1251 768 1477 844 resarciendis,

300 886 327 951 si
350 887 419 973 ipse
442 887 637 953 succumbat.

387 1010 441 1077 37.
465 1009 638 1097 Signatum
661 1012 793 1079 Gratiae
809 1012 850 1078 ab
868 1013 933 1077 alia
956 1013 1141 1099 Signatum,
1168 1014 1213 1079 uti
1237 1013 1411 1089 docuimus,
1428 1014 1476 1081 di·

297 1132 375 1206 visa,
393 1134 559 1199 constituit
573 1152 772 1217 supremum
797 1131 947 1199 tribunal
964 1134 1106 1204 Gratiae,
1120 1133 1154 1196 iu
1177 1150 1240 1216 quo
1265 1151 1376 1197 coram
1400 1136 1476 1199 San·

298 1257 439 1323 ctissime
455 1257 654 1323 deliberatur
667 1276 710 1321 au
726 1276 786 1343 per
801 1257 1005 1322 clementiam
1023 1255 1186 1340 Principis
1200 1255 1352 1340 expediat
1370 1257 1476 1341 legem

297 1398 498 1446 communem
518 1382 670 1446 relaxare
685 1380 726 1445 ad
741 1382 928 1466 petitionem
946 1380 1083 1455 alicuius
1106 1377 1234 1443 subditi.
1259 1384 1344 1444 Acta
1358 1379 1475 1443 exinde

296 1504 383 1573 editu
399 1526 498 1591 usque
515 1507 662 1572 referunt
684 1506 792 1593 Papae
807 1507 1023 1591 signaturam
1046 1522 1149 1589 quare
1166 1503 1231 1567 Leo
1248 1504 1313 1569 ΧΗ
1332 1506 1366 1568 in
1381 1511 1476 1571 ructu

292 1636 438 1720 proprio
461 1635 504 1701 17
522 1634 589 1701 Oct.
612 1632 705 1699 1826
735 1631 857 1713 aiebat,
889 1631 1095 1717 signaturam
1128 1630 1261 1696 Gratiae
1292 1628 1473 1695 habendam

294 1778 366 1825 esse
382 1760 427 1825 uti
444 1760 583 1843 primum
597 1754 750 1835 tribuual,
766 1760 835 1819 tum
851 1754 926 1838 quia
940 1752 1140 1838 pretiosum,
1157 1758 1225 1814 tum
1242 1751 1381 1814 maxime
1400 1753 1476 1834 quia

293 1884 362 1970 ipse
387 1883 476 1969 Papa
498 1881 541 1946 ibi
560 1880 698 1945 iudicem
721 1878 808 1943 solus
827 1878 904 1961 agit.
931 1911 949 1924 -
975 1876 1062 1940 Hinc
1086 1877 1175 1960 ipsae
1200 1874 1476 1958 congregationes

293 2026 448 2073 romanae
478 2007 596 2089 aliique
623 2004 744 2069 iudices
768 2004 822 2087 qui
846 2001 1040 2088 Signaturae
1065 1999 1211 2064 Iustitiae
1234 2016 1300 2061 uon
1323 1998 1473 2079 subsunt,

292 2132 388 2219 plene
410 2130 541 2196 obnoxii
564 2134 640 2194 sunt
660 2127 801 2201 decretis
825 2126 1021 2211 Signaturae
1045 2124 1190 2195 Gratiae,
1207 2127 1241 2186 et
1257 2121 1390 2206 planum
1413 2128 1472 2187 est.

383 2258 436 2324 38.
460 2258 569 2325 Sixtus
585 2258 617 2321 V
633 2257 666 2320 in
682 2254 803 2320 celebri
829 2254 938 2319 Const.
960 2252 1134 2318 immortua
1156 2248 1242 2314 hanc
1266 2250 1472 2333 signaturam

292 2380 453 2447 ordinarit
475 2382 566 2467 quasi
589 2380 754 2466 propriam
777 2378 999 2446 cardinalium
1016 2376 1320 2462 congregationem.
1344 2376 1388 2439 ut
1411 2375 1473 2439 hoc

292 2505 364 2569 iure
386 2506 582 2587 meritoque,
606 2502 761 2587 siquidem
790 2503 883 2566 istam
907 2500 1020 2585 plures
1043 2498 1233 2565 cardinales
1257 2500 1471 2572 constituunt,
1538 2562 1543 2573 ,

293 2634 329 2693 at
349 2630 470 2693 ineam
494 2629 689 2711 potissimum
714 2631 907 2711 cooptautur
930 2626 984 2708 qui
1007 2621 1136 2707 aliquod
1160 2628 1280 2706 gerunt
1301 2641 1418 2684 munus
1440 2622 1474 2684 in

293 2750 365 2815 aliis
387 2748 601 2815 tribunalibus
623 2753 679 2815 aut
702 2746 1023 2833 congregationibus,
1040 2752 1084 2816 ut,
1106 2749 1325 2829 morenate,
1352 2743 1472 2828 Papam

294 2873 433 2939 doceant
454 2894 496 2938 au
519 2880 732 2959 opportunum
757 2874 799 2937 sit
821 2871 1004 2937 concedere
1027 2871 1165 2957 gratiam
1190 2868 1242 2933 vel
1269 2855 1357 2933 illam
1381 2869 1475 2933 dene

295 3021 385 3087 gare.
411 3002 497 3065 Hinc
513 2999 693 3067 Cardinalis
710 2976 871 3081 Vicarius,
891 3002 925 3065 et
949 2998 1164 3069 Camerarius,
1183 3003 1216 3065 et
1234 2997 1472 3071 Pro-llatarius,

296 3125 488 3191 Praefectus
519 3126 711 3209 Signaturae
743 3124 907 3197 Iustitiae,
938 3143 979 3189 ac
1008 3122 1125 3208 singuli
1157 3139 1284 3205 quoque
1309 3119 1473 3186 Praefecti

296 3253 327 3320 S.
353 3253 655 3339 congregationum,
681 3254 874 3337 Signaturae
898 3252 1031 3318 Gratiae
1057 3248 1174 3315 addicti
1199 3253 1282 3313 suut
1310 3262 1315 3269 ·

386 3378 564 3444 Praeterea
581 3378 724 3443 Praelati
744 3397 870 3462 quoque
886 3377 1046 3441 Votantes
1062 3379 1095 3440 et
1111 3372 1338 3439 Reserandarii
1353 3372 1474 3439 adscri-

295 3503 415 3569 buntur
438 3510 471 3570 et
494 3522 536 3569 ex
558 3504 609 3567 his
633 3504 778 3589 plerique
801 3507 877 3567 sunt
900 3502 1059 3567 Votantes
1083 3501 1250 3583 utriusque
1270 3500 1473 3585 Signaturae,

295 3648 369 3693 cum
384 3628 491 3711 aliqua
505 3632 614 3692 tamen
629 3623 829 3703 differentia;
847 3644 961 3711 nempe
977 3626 1138 3691 Voiantes
1153 3626 1187 3689 in
1203 3624 1378 3709 signatura
1390 3624 1475 3689 Gra-

295 3751 360 3815 tiae
375 3756 484 3816 votum
507 3757 631 3816 tantum
653 3749 776 3815 habent
797 3748 1024 3823 consultivum,
1041 3746 1126 3832 quod
1149 3746 1290 3813 reddunt
1303 3748 1332 3812 si
1346 3766 1368 3811 a
1382 3747 1473 3832 Papa

296 3876 496 3959 exquiratur.

384 4000 438 4065 39.
464 4001 531 4064 lam
555 4002 717 4066 innuimus
740 4018 897 4084 quaenam
921 4000 963 4065 sit
985 3998 1080 4063 huius
1100 3996 1367 4083 congregationis
1389 4016 1473 4061 com·

296 4124 448 4206 petentia,
465 4140 547 4205 quae
576 4126 645 4188 tota
669 4128 846 4219 exercetur
868 4123 901 4185 iu
925 4118 1133 4186 conferendis
1160 4120 1274 4205 gratiis
1297 4120 1393 4185 etiam
1415 4116 1473 4184 ad-

296 4266 411 4313 versus
436 4246 569 4314 decreta
590 4267 611 4312 a
634 4246 665 4314 S.
690 4245 1002 4333 congregationibus
1024 4245 1111 4312 edita
1133 4245 1186 4311 vel
1209 4244 1366 4311 adversus
1389 4245 1474 4311 Pou-

295 4372 417 4443 tilicum
452 4374 694 4440 constitutiones
728 4378 761 4439 et
794 4374 964 4457 rescripta.
1000 4372 1206 4459 Quapropter
1234 4392 1317 4438 unus
1345 4376 1473 4438 tantum
