3292 5109
525 326 568 373 uu
593 325 732 373 murons
760 325 1027 375 uccnssmsmcrs
1301 306 1368 373 315

184 447 305 516 bebaut
326 468 346 513 a
369 448 511 535 peccatis
533 454 565 513 et
588 468 608 513 a
631 449 778 514 censuris
801 448 936 513 stelias
959 450 1081 535 gratias
1105 448 1289 533 spirituales
1312 450 1368 513 im·

184 573 301 657 pertiri
324 572 365 638 ad
393 573 499 639 forum
523 575 687 639 internum
719 575 894 659 praecipue
924 579 1116 659 spectantes.
1150 572 1367 647 Quamobrem

184 696 247 775 iam
270 714 291 759 a
313 696 529 761 vetustissima
551 700 657 761 aetate
680 697 859 782 principem
882 696 989 762 iocum
1020 696 1052 759 iu
1081 694 1285 781 presbyterio
1310 715 1367 760 ro-

184 836 280 913 mano
304 818 441 883 obtinuit
463 819 746 895 Poeuitentiarius‚
767 821 821 905 qui
843 820 942 885 veluti
967 825 1121 905 praeerat
1144 820 1283 906 collegio
1306 820 1367 884 mi-

186 965 302 1011 norum
325 948 541 1032 poenitentiae
572 948 803 1012 ministrorum.
839 949 965 1013 Horum
987 968 1102 1014 verum
1134 950 1311 1015 auctoritas
1335 952 1368 1016 et

154 1092 155 1095 ¹
187 1077 329 1157 potestas
352 1092 549 1158 magnopere
572 1076 668 1137 aucta
690 1078 740 1137 est
762 1092 939 1158 progressu
962 1078 1113 1147 aetatum,
1138 1093 1235 1157 quum
1260 1073 1368 1137 Ponti-

187 1194 264 1263 fices
287 1218 350 1283 quo
373 1196 496 1263 firmius
519 1196 714 1262 roborarent
735 1198 842 1283 legem
866 1198 1015 1263 Divinam
1039 1205 1071 1263 et
1094 1198 1367 1280 Ecclesiasticam‚

186 1322 226 1386 ad
246 1323 414 1408 proprium
436 1320 578 1386 tribunal
603 1326 775 1387 traxerunt
798 1329 1069 1407 transgressores,
1094 1322 1154 1387 sibi
1177 1327 1302 1387 tantum
1318 1341 1369 1386 re·

187 1452 318 1511 servata
345 1444 531 1512 absolvendi
557 1446 721 1511 facultate.
747 1444 808 1511 Sed
834 1451 926 1511 vetus
950 1447 1204 1513 Poenitentiaria
1226 1447 1368 1512 maxime

187 1568 284 1634 distat
306 1568 346 1633 ab
369 1568 535 1641 hodierna,
554 1570 628 1652 quia
644 1568 720 1633 huic
736 1568 831 1633 modo
855 1572 1007 1654 competit
1022 1570 1204 1636 ordinaria
1226 1575 1367 1656 potestas

186 1698 310 1760 tautum
333 1696 366 1759 in
389 1692 467 1777 furo
490 1694 640 1769 interno,
667 1695 696 1759 ei
719 1694 903 1760 abiudicata
934 1694 1116 1761 ordinaria
1146 1700 1304 1781 potestate
1332 1695 1367 1761 iu

186 1814 264 1899 foro
289 1822 442 1882 esterno.

174 2014 176 2019 ἲ
276 1940 353 2004 264.
378 1939 539 2014 Quocirca
565 1938 761 2005 solummodo
784 1958 854 2022 pro
876 1939 1111 2032 scrutatorum
1135 1935 1284 2005 effectum
1307 1941 1367 2005 ha·

187 2064 265 2130 bent
288 2064 514 2139 absolutiones,
531 2064 786 2151 dispensationes
806 2071 839 2130 et
855 2066 1081 2131 concessiones
1095 2064 1135 2130 ab
1153 2065 1270 2134 Officio
1289 2067 1367 2132 Poe·

187 2188 396 2253 nitentiariae
416 2189 615 2273 impertitae;
640 2190 785 2273 exceptis
809 2188 936 2254 casibus
953 2188 1066 2272 quibus
1089 2191 1185 2255 etiam
1200 2210 1265 2271 pro
1287 2190 1367 2273 soro

187 2317 329 2378 caterno
354 2332 411 2377 seu
431 2331 498 2394 pro
521 2310 600 2393 soro
621 2311 693 2395 sori
715 2311 854 2377 facultas
878 2312 907 2376 ei
931 2312 1121 2377 conceditur
1144 2312 1264 2397 aliquid
1287 2334 1367 2378 con·

189 2436 339 2502 stituendi
363 2457 405 2501 ex
421 2441 580 2521 potestate
596 2435 891 2502 extraordinaria.
916 2439 1052 2519 Inquam
1075 2436 1179 2501 etiam
1197 2457 1265 2519 pro
1288 2437 1368 2520 soro

189 2564 351 2642 exieram
378 2560 533 2643 siquidem
560 2565 610 2625 est
640 2560 781 2625 solemne
808 2562 841 2624 in
869 2559 1050 2626 huiusmodi
1085 2562 1238 2645 negotiis,
1267 2566 1303 2625 ut
1329 2581 1369 2626 ea

186 2704 269 2769 guae
293 2685 514 2751 decernuntur
536 2706 595 2771 pro
619 2686 691 2750 foro
714 2692 868 2759 esterno,
894 2686 1092 2771 regulariter
1115 2685 1210 2751 etde
1236 2706 1281 2759 se,
1307 2706 1367 2751 va·

187 2808 277 2873 leant
306 2828 432 2893 quoque
462 2829 521 2895 pro
552 2810 624 2874 foro
658 2810 815 2892 internam·
846 2808 902 2874 sed
938 2829 1003 2874 nou
1038 2830 1057 2873 e
1092 2815 1207 2875 contra
1236 2811 1369 2877 valeant

188 2950 247 3015 pro
271 2930 343 2994 soro
367 2936 504 2997 externo
535 2949 617 3015 quae
647 2951 707 3015 pro
733 2932 864 2996 interno
899 2935 1084 2996 statuuntur
1107 2936 1141 2996 et
1163 2930 1366 2998 ordinantur.

190 3054 256 3121 cfr.
283 3056 318 3119 D.
337 3056 450 3119 Thom.
474 3055 588 3130 Quodl.
604 3056 632 3129 l,
649 3056 701 3119 12.
728 3054 857 3127 Suarez,
883 3054 932 3120 De
955 3074 1043 3120 cens.
1060 3054 1111 3120 41.
1139 3056 1180 3121 Ut
1195 3075 1273 3121 ecce
1297 3058 1368 3140 quis

189 3178 354 3247 absolutus
370 3200 389 3243 a
405 3181 552 3245 censuris
567 3184 691 3245 tantum
710 3199 779 3263 pro
801 3179 880 3262 soro
904 3179 1049 3254 inimo,
1067 3181 1100 3243 in
1123 3164 1266 3246 animae
1288 3181 1367 3265 soro

189 3304 235 3369 uti
259 3308 450 3402 censuratus
473 3303 640 3368 habendus
655 3309 713 3377 est,
730 3323 786 3369 seu
803 3324 912 3369 coram
928 3300 1069 3368 fidelium
1093 3305 1246 3369 societate
1262 3304 1369 3370 adhuc

189 3448 228 3494 ea
244 3434 321 3493 nota
343 3432 490 3515 signatur
504 3433 538 3494 et
553 3430 717 3494 nonnullis
740 3435 830 3494 caret
852 3429 985 3493 iuribus.
1003 3430 1084 3493 Item
1101 3428 1293 3515 dispensatis
1308 3431 1368 3493 im-

188 3555 379 3639 pedimentis
409 3555 631 3621 dirimentibus
661 3559 786 3620 tantum
810 3555 843 3619 in
866 3554 939 3619 foro
962 3555 1109 3627 interno,
1134 3573 1194 3639 pro
1216 3555 1290 3618 foro
1314 3546 1379 3619 exss

188 3686 282 3746 terno
306 3680 411 3745 adhuc
435 3680 664 3766 impedimenta
685 3681 798 3765 vigent
821 3680 926 3763 quoad
949 3676 1084 3745 effectus
1108 3686 1264 3744 externos
1287 3680 1369 3745 iuri·

187 3806 280 3872 dicos
302 3805 460 3880 sodates,
486 3804 684 3889 proindeque
714 3804 860 3888 quamvis
883 3805 1121 3869 matrimonium
1144 3804 1287 3870 validum
1311 3807 1366 3878 sit,

185 3930 416 4014 impedimenta
439 3927 676 4014 dispensatione
705 3928 852 4013 indigent
874 3928 914 3991 ad
938 3926 1121 4013 sortiendos
1145 3907 1266 4013 *nempe
1289 3925 1368 3993 effe-

186 4058 258 4119 ctus
281 4054 410 4127 civiles,
435 4058 548 4139 utputa
571 4052 790 4138 legitimitatis
825 4050 984 4125 filiorum,
1008 4052 1049 4116 ad
1076 4072 1197 4137 poenas
1231 4073 1368 4138 praeca·

187 4177 311 4243 vendas
326 4184 359 4245 et
381 4180 427 4246 ita
442 4198 550 4263 porro.
576 4179 656 4243 Nam
672 4178 705 4241 in
728 4177 801 4242 soro
825 4182 963 4243 externo
986 4198 1044 4242 seu
1067 4197 1177 4242 coram
1201 4176 1367 4241 hominum
1428 4237 1439 4255 ,

188 4302 343 4367 societate
367 4302 526 4368 videatur
548 4321 590 4367 en
613 4320 702 4386 quae
721 4306 849 4384 pareat
871 4306 904 4367 et
925 4320 981 4367 ree
1004 4306 1084 4367 tuac
1106 4302 1183 4386 fieri
1205 4301 1369 4367 dicuntur

189 4448 268 4495 cum
291 4428 519 4503 innotescunt,
545 4444 587 4490 ex
610 4446 638 4491 c.
661 4425 694 4500 4,
720 4424 769 4489 De
792 4426 933 4525 Encept.
957 4424 992 4488 X
1014 4422 1070 4508 (ll,
1087 4423 1144 4509 25)
1168 4429 1200 4489 et
1223 4444 1370 4516 congrue
