3292 5109
288 256 354 322 498
733 271 939 320 ALLEGATUH
963 271 1013 336 tv.

285 397 446 466 diripentes
467 398 546 450 etde
570 395 714 464 fidelitate,
738 395 884 465 probitate,
905 395 1068 466 prudmia,
1092 395 1209 449 scientia
1233 405 1261 449 et
1281 396 1469 466 experiemia,

283 501 412 571 aliisque,
431 501 528 572 quibus
544 501 647 571 polles,
665 501 812 554 virtutibus
829 501 915 571 plene
933 501 1045 571 confisi,-
1060 501 1099 554 Te
1110 509 1238 554 nostrtan
1254 501 1396 554 Vicat-ium
1413 518 1464 570 pe·

284 607 422 676 neralem,
440 620 466 662 et
490 607 652 680 officialem,
671 609 709 661 acl
726 619 855 662 nostrum
874 609 1087 680 beruplacitum,
1105 609 1136 660 in
1154 609 1228 662 dicto
1247 618 1342 662 nostro
1356 611 1468 680 episeo-

280 725 351 785 patu
370 713 414 782 N,
434 717 463 770 iu
481 716 675 785 spiritualibus
699 725 725 768 et
750 715 969 785 temporalibus,
994 725 1091 768 tenore
1112 717 1307 784 praesentium
1331 717 1465 785 facimus,

282 823 474 878 constituimus
492 834 518 877 et
536 825 715 893 deputamus‚·
733 823 832 876 danna
844 831 871 876 et
883 825 1065 878 concedentes
1084 823 1134 878 titi
1150 831 1317 892 potestatem
1336 825 1363 876 e't
1381 839 1467 875 man-

281 934 378 985 datum
396 931 527 1002 speciale,
546 932 688 996 ecclesias,
706 929 811 983 altaria
829 938 857 983 et
875 929 1001 983 oratoria
1018 930 1166 999 aedificata
1185 939 1212 983 et
1228 930 1415 1000 aedificanda,
1435 941 1466 984 et

281 1037 375 1089 diuino
394 1036 484 1090 cultui
501 1035 632 1104 deputata
652 1035 841 1098 benedicendi,
860 1050 948 1104 eaque
962 1035 1078 1104 polluta
1095 1035 1162 1100 (non
1179 1044 1274 1087 tamen
1285 1035 1462 1100 consecrata)

280 1143 497 1208 reconciliandi3
522 1161 540 1196 o
564 1144 671 1197 casibus
696 1143 914 1212 quibuscumque
938 1141 1028 1195 Nobis
1051 1144 1206 1195 reservatis
1230 1141 1410 1207 obsoluendi;
1435 1149 1464 1195 et

279 1251 346 1302 aliis
371 1252 558 1322 cortsessoriis,
576 1260 606 1304 ut
623 1251 659 1304 ab
677 1251 777 1304 iisdem
802 1250 951 1304 absolvere
971 1249 1090 1319 possint,
1108 1250 1275 1319 [unitatem
1292 1250 1464 1320 delepandi,·

274 1356 405 1426 publicas
426 1367 451 1410 et
469 1357 607 1410 solemnes
629 1358 815 1426 poenitentias
839 1357 1021 1425 iniunpendi‚·
1041 1357 1149 1411 litteras
1174 1357 1414 1410 commendatitias
1432 1367 1461 1410 et

278 1463 476 1516 testimoniales
504 1463 675 1516 concedendi
680 1481 689 1528 ,·
711 1463 887 1516 dimissorias
909 1463 948 1514 ad
971 1477 1159 1532 quoscunque
1183 1462 1297 1516 ordines
1315 1462 1412 1526 dandi,
1432 1474 1460 1515 et

276 1585 364 1638 super
381 1571 535 1622 interstitiis
553 1570 740 1640 dispensandi,
761 1569 850 1622 Nobis
874 1579 968 1624 tamen
985 1587 1004 1622 a
1020 1571 1145 1624 dioecesi
1164 1571 1324 1623 absentibus
1330 1587 1339 1636 ,·
1357 1585 1460 1624 causas

277 1676 496 1730 matrimoniales
515 1677 707 1746 coprwscendi,
727 1687 751 1729 et
770 1677 921 1732 decidendi
926 1695 935 1744 ,·
949 1677 1178 1745 procurationem
1190 1675 1365 1738 visitationis,
1376 1691 1461 1744 syno-

274 1783 406 1848 daticum,
434 1793 562 1852 quartam
586 1783 757 1852 funeralem‚
783 1793 808 1836 et
833 1783 1029 1837 charitativum
1053 1783 1217 1846 subsidium,
1240 1790 1273 1835 ut
1298 1782 1372 1834 iuris
1396 1784 1458 1848 erit,

276 1889 421 1958 exipendi3
440 1905 526 1942 rtooas
543 1891 690 1958 parochias
708 1890 846 1958 eripendi,
866 1899 892 1942 et
907 1898 1015 1942 erectas
1028 1887 1225 1957 collapsusque
1236 1887 1396 1956 reficiendi,
1408 1887 1458 1941 oel

275 1995 304 2045 in
322 1996 453 2049 matrices
480 1995 622 2050 Ecclesias
644 1995 852 2064 transferendis
876 1995 1010 2064 beneficia
1034 1995 1176 2063 eripendi,
1201 2003 1227 2047 et
1252 1993 1458 2062 resipnationes

276 2101 403 2168 illorum,
422 2091 505 2158 e'tiam
524 2121 560 2157 en
578 2119 663 2158 causa
683 2103 908 2174 permutationis,
925 2104 1090 2173 recipiendi,
1108 2113 1136 2157 et
1154 2105 1192 2157 ad
1210 2119 1245 2156 ea
1257 2111 1456 2173 praesentatos

273 2210 449 2276 instituentii‚·
472 2211 509 2264 od
534 2219 631 2264 curata
655 2214 782 2264 vacantia
805 2227 973 2264 cortoursum
992 2212 1143 2276 indicendi,
1163 2220 1189 2264 et
1208 2212 1309 2265 eadem
1329 2209 1458 2280 dipniori

274 2316 453 2383 conferendi5
472 2331 634 2370 oeconomos
652 2326 777 2386 tempore
796 2318 947 2370 vacationis
970 2317 1148 2382 instituendi,
1167 2319 1343 2371 coadiutores
1361 2326 1456 2370 recto·

274 2425 353 2479 ribus
368 2426 576 2494 parochialium
601 2426 739 2494 imperitis
758 2435 784 2478 et
802 2425 923 2494 infirmis
941 2425 1044 2491 dandi;
1069 2441 1170 2478 causas
1188 2441 1284 2478 omnes
1301 2428 1340 2478 od
1357 2428 1456 2494 sorum

257 2531 408 2598 nostrum,
433 2543 489 2586 tarn
513 2535 549 2587 ote
573 2534 635 2587 iure
661 2551 743 2604 quam
762 2550 799 2587 en
817 2535 1017 2588 consuetudine
1042 2542 1196 2604 spectantes
1221 2541 1247 2586 et
1269 2534 1454 2603 pertinentes,

273 2641 382 2694 etiamsi
405 2641 528 2696 haeresis
554 2643 616 2707 sint,
642 2642 827 2710 capnoscendi
845 2651 872 2696 et
891 2642 1017 2706 dicendi,
1043 2641 1135 2695 edicta
1159 2649 1256 2693 nostra
1280 2641 1456 2710 exequendi:

272 2761 404 2802 censuras
423 2747 611 2816 fulminandi,
622 2747 656 2800 ab
669 2749 775 2812 ordine,
791 2745 896 2816 officiis,
909 2746 1152 2798 administratione
1165 2756 1191 2798 ct
1205 2745 1354 2814 beneficiis,
1359 2815 1362 2822 Ι
1364 2754 1453 2814 prout

271 2855 342 2907 iuris
361 2854 422 2917 erit,
440 2853 637 2922 suspendendi,
655 2853 794 2922 privandi,
814 2853 984 2907 destituendi
1002 2861 1030 2906 et
1048 2852 1222 2921 deponendi,·
1234 2851 1388 2921 inquisitos,
1401 2866 1451 2903 en·

269 2960 485 3014 communicatos
503 2975 521 3010 a
540 2973 653 3022 canone,
672 2973 819 3026 suspensos
839 2966 866 3010 et
884 2957 1046 3010 interdictos
1063 2975 1082 3008 a
1101 2959 1171 3019 iure,
1185 2957 1216 3007 in
1231 2956 1342 3010 casibus
1360 2953 1450 3008 Nobis

268 3064 422 3134 permissis,
441 3063 618 3127 absoluendi,-
643 3077 742 3115 causas
761 3061 923 3115 criminales
943 3062 1135 3141 copnoscendi,
1155 3071 1183 3115 et
1200 3060 1350 3115 decidendi
1356 3075 1365 3124 ς
1384 3062 1452 3114 bra·

268 3171 360 3224 obium
379 3171 527 3224 saeculare
551 3170 739 3239 implorandi,·
756 3173 818 3238 pias
843 3170 1001 3224 uoluntates
1020 3171 1191 3240 exequendi3
1210 3170 1396 3223 inescatione
1416 3186 1433 3223 e

268 3275 433 3346 fundatione
452 3276 649 3344 beneficiorum
668 3276 732 3329 iura
748 3286 914 3345 patronatus
927 3276 1125 3344 fundatoribus
1137 3277 1319 3341 reservandi,-
1332 3276 1363 3326 in
1375 3273 1449 3328 alie·

269 3382 424 3435 stationibus
443 3383 577 3434 bonorum
599 3381 790 3436 Ecclesiarum
805 3393 830 3436 et
845 3384 971 3436 locorum
981 3383 1096 3452 piorum
1108 3384 1146 3434 ad
1158 3387 1280 3453 sormam
1298 3397 1448 3434 sacrorum

269 3503 404 3540 annonam
424 3489 617 3541 tauctoritatem
633 3488 805 3556 praestandi,
825 3499 851 3542 et
869 3490 982 3542 decreta
1000 3489 1197 3558 interponendi
1203 3471 1220 3554 ς’
1232 3489 1341 3542 litteras
1357 3491 1447 3541 moni-

269 3593 384 3646 toriales
402 3595 431 3646 in
450 3598 544 3670 forma
562 3593 759 3662 significantes,
777 3611 832 3664 pro
850 3597 936 3648 rebus
948 3595 1113 3665 deperditis,
1131 3613 1182 3649 seu
1192 3599 1271 3662 furto
1286 3596 1444 3657 subtractis,

268 3701 346 3750 iuxta
364 3701 485 3768 formam
503 3699 582 3765 iuris,
603 3709 628 3752 et
647 3699 755 3752 bullam
773 3701 863 3752 sancti
881 3699 927 3752 Pii
946 3701 1155 3754 Vconcedemli
1160 3718 1169 3767 3
1188 3701 1322 3755 ecclesias
1340 3717 1446 3763 omnes,

270 3809 332 3860 loca
347 3808 396 3876 pia
415 3809 497 3862 etiam
515 3819 651 3878 exempta,
672 3817 698 3864 et
715 3813 884 3864 ortonasteria
902 3810 1068 3863 monialium
1086 3811 1233 3877 visitandi;
1254 3811 1362 3864 litteras
1375 3827 1446 3880 apo·

266 3913 379 3966 stolicas
396 3913 483 3968 Nobis
500 3931 550 3968 seu
570 3914 678 3969 Vicario
696 3926 790 3972 nostro
809 3919 931 3970 directas
944 3927 971 3970 et
983 3917 1147 3986 diripendas
1166 3918 1322 3986 aperiendi,
1336 3927 1362 3970 et
1373 3918 1441 3984 (nisi

267 4020 406 4073 industria
426 4037 567 4091 personae
591 4023 725 4090 clipatur)
751 4023 923 4094 exequendi;
949 4025 1171 4078 iurisdictionem
1189 4028 1219 4078 in
1237 4025 1389 4094 repuleras
1414 4028 1444 4079 et

267 4139 418 4200 eaunptos,
441 4134 479 4185 ad
503 4135 625 4203 formam
649 4136 726 4186 sacri
746 4134 860 4187 concilii
883 4133 1048 4198 Tridentini,
1068 4134 1292 4186 constitutionum
1309 4132 1446 4203 apostoli·

265 4251 373 4300 carum,
391 4245 418 4290 et
436 4237 612 4291 decretorum
632 4237 735 4293 Sacrae
753 4239 982 4308 Conprepationis
1001 4241 1155 4293 exercendi
1160 4257 1168 4304 ,-
1186 4241 1385 4305 iuramentum,
1403 4239 1443 4291 ad

266 4341 393 4410 effectum
419 4351 525 4397 tantum
549 4347 660 4413 apendi‚
679 4355 705 4399 et
724 4346 873 4399 durnmodo
895 4347 1096 4400 absolutionem
1116 4356 1240 4416 petentes
1256 4346 1368 4415 periuri
1385 4361 1444 4398 non
