3292 5109
299 248 365 311 274
829 264 913 311 enas
937 264 975 311 11.

299 386 443 473 gratiosa
464 386 587 470 amplas
609 387 780 451 facultates
797 387 888 452 circa
902 386 1011 471 legata
1026 387 1079 473 pia
1101 392 1136 453 et
1159 386 1355 471 praesertim
1379 402 1486 449 onera

300 510 481 575 Missurum.
511 509 598 575 Hinc
620 509 718 575 solet:

433 632 465 719 1)
490 632 660 699 Reducere
675 632 722 699 ad
737 638 870 716 tempus
885 652 988 698 onera
1010 639 1168 719 perpetua
1183 637 1251 700 siva
1266 638 1486 718 temporanea

298 760 468 824 missarum
491 760 559 823 sive
582 762 708 823 mutare
722 756 764 821 ad
781 762 913 840 tempus
929 757 980 822 vel
1005 758 1037 821 in
1061 762 1255 842 perpetuum
1280 756 1485 821 conditiones

298 885 525 952 celebrationis
549 884 719 949 Missarum
747 881 852 967 quoad
874 887 1024 965 tempus,
1049 882 1169 959 baras,
1193 884 1303 949 attare
1325 888 1360 948 et
1383 885 1481 947 etiam

296 1010 525 1076 transferendo
547 1012 581 1074 in
612 1009 707 1073 aliam
731 1007 915 1073 Ecclesiam
945 1027 1027 1073 onus
1058 1007 1305 1091 celebrationiS,
1329 1008 1386 1073 sed
1418 1008 1485 1072 boc

298 1140 332 1203 in
356 1158 434 1205 casu
456 1143 489 1203 et
514 1139 547 1202 in
574 1136 646 1201 aliis
668 1133 840 1207 similibus,
869 1134 952 1198 solet
982 1132 1056 1198 addi
1091 1134 1237 1199 clausula
1263 1134 1484 1199 «accedente

298 1282 464 1331 consensu
486 1281 635 1347 quorum
657 1259 809 1334 interest,
835 1263 866 1327 et
896 1258 1081 1324 dnmmodo
1101 1258 1225 1341 populi
1249 1256 1484 1324 commoditati

297 1406 369 1453 nan
390 1386 514 1471 officiat
530 1406 560 1449 ».
586 1384 618 1450 Si
642 1402 722 1449 vero
753 1381 912 1447 concedat
944 1382 1144 1447 reductionis
1170 1381 1223 1445 vel
1257 1380 1484 1445 translationis

294 1512 569 1597 prorogationem,
594 1506 739 1573 clausula
764 1507 848 1572 haec
875 1504 1037 1571 aceedit«
1058 1506 1180 1572 iisdem
1208 1504 1483 1589 perdurantibus

297 1634 560 1703 circumstantiis
583 1639 613 1699 et
636 1636 771 1699 servata
793 1630 912 1713 farma
930 1631 1071 1713 primae
1093 1631 1317 1698 concessionis
1332 1651 1364 1694 a,

431 1758 465 1845 2)
490 1760 527 1823 ln
550 1758 654 1823 missis
677 1754 879 1821 manualibus
894 1755 940 1841 (l)
956 1758 1148 1840 praesertim
1168 1758 1193 1821 si
1215 1754 1326 1821 fideles
1342 1755 1484 1820 eleemo

297 1904 413 1971 synam
435 1879 608 1949 offerentes
632 1881 716 1947 diem
739 1900 804 1945 non
829 1879 1120 1946 determinaverint
1142 1879 1381 1960 celebrationis,
1398 1880 1484 1945 solet

297 2007 467 2075 differendi
496 2026 608 2073 earum
638 2003 891 2071 celebrationem
921 2003 1102 2070 concedere
1130 2004 1328 2070 facultatem.
1354 2006 1393 2069 ln
1416 2004 1482 2069 hoc

297 2135 495 2223 propositum
518 2134 725 2205 advertatur,
750 2132 848 2217 arrigo
875 2130 979 2215 quoad
1002 2130 1116 2196 missas
1139 2129 1306 2195 manuales
1331 2132 1479 2195 invocari

297 2259 376 2324 duos
391 2276 523 2324 menses
538 2256 748 2331 conciliares,
765 2274 844 2341 quos
861 2255 977 2320 recolit
992 2258 1033 2321 cl.
1048 2254 1165 2320 Sancti
1179 2290 1197 2301 -
1210 2253 1282 2319 Lib.
1300 2254 1328 2329 I,
1346 2254 1479 2321 Deerat.
1569 2339 1575 2349 ι

264 2358 267 2365 ¹
298 2385 344 2451 nt.
365 2384 417 2461 31,
441 2404 475 2449 n.
498 2382 574 2458 124,
600 2384 689 2468 quasi
714 2382 813 2468 possit
836 2377 961 2445 differri
984 2381 1024 2445 ad
1047 2382 1127 2446 duos
1150 2400 1278 2447 menses
1300 2380 1480 2446 celebratio

297 2506 478 2573 huiusmodi
508 2507 678 2571 missarum
703 2524 746 2569 ex
768 2504 970 2588 praescripto
995 2500 1041 2591 (2)
1066 2502 1165 2588 (long.
1191 2503 1326 2568 Concilii
1349 2504 1479 2587 quando

296 2626 437 2694 offerens
459 2627 542 2694 diem
563 2627 636 2692 'non
663 2628 879 2717 assignaverit
902 2630 1037 2690 certam.
1062 2625 1299 2692 Verumtamen
1327 2626 1395 2691 tale
1426 2626 1478 2691 de

295 2759 422 2821 cretum
444 2756 478 2819 in
501 2738 651 2839 Regestis
668 2752 699 2819 S.
716 2752 815 2838 (long.
838 2752 971 2817 Concilii
996 2770 1061 2815 non
1085 2752 1258 2837 inr'enitur²
1276 2751 1322 2815 uti
1338 2755 1478 2816 testatur

296 2876 393 2940 etiam
404 2874 445 2939 cl.
460 2873 634 2955 Pallottini‚
648 2877 701 2957 opj
715 2872 767 2939 cit.
780 2876 846 2940 aol.
859 2874 961 2948 XIII,
971 2893 1054 2959 pap.
1068 2874 1137 2940 521
1148 2893 1209 2959 sq,
1223 2873 1279 2938 sed
1294 2872 1398 2939 multa
1412 2874 1477 2938 alia

295 3002 412 3067 adsunt
430 3002 563 3066 decreta
582 2998 724 3064 eiusdem
747 2998 1015 3085 Congregationis
1030 2998 1286 3083 praescribentia
1300 3018 1368 3063 non
1382 3019 1477 3083 posse

296 3123 420 3191 differri
435 3126 552 3190 harum
569 3125 738 3189 missarum
755 3122 1007 3188 celebrationem
1022 3125 1116 3189 ultra
1130 3143 1290 3190 mensent.
1309 3128 1359 3191 Ita
1376 3128 1477 3191 Bene

295 3252 399 3317 dictus
414 3250 498 3316 XIV
514 3252 548 3314 in
566 3251 647 3316 lust.
663 3250 721 3326 56,
746 3249 826 3332 §14
842 3250 955 3325 refert
982 3270 1000 3313 e
1089 3270 1278 3334 responsum
1301 3257 1352 3317 est
1375 3270 1476 3317 novas

386 3534 424 3604 (l)
445 3536 546 3588 Missae
565 3534 712 3588 manuales
731 3550 780 3588 sau
799 3536 972 3589 adventiciae
991 3534 1121 3588 dicuntur
1136 3552 1207 3605 quae
1226 3552 1243 3587 a
1261 3536 1391 3589 fidelibus
1410 3536 1477 3590 offe·

296 3643 395 3693 rantur
414 3638 603 3704 celebrandae,
622 3652 746 3706 congruo
764 3636 861 3690 oblato
879 3638 1016 3705 stipendio
1034 3638 1102 3708 quin
1126 3638 1252 3691 fundatio
1269 3640 1321 3691 fiat
1340 3643 1476 3709 perpetuo

295 3764 344 3801 sou
362 3744 519 3815 capellania
537 3748 587 3797 aut
606 3744 745 3813 legatum3
764 3760 850 3814 quare
869 3744 892 3796 si
911 3744 1060 3797 Missurum
1076 3743 1201 3797 fundatio
1218 3745 1407 3799 constituatur
1424 3763 1473 3801 seu

294 3852 459 3923 capellania,
479 3852 581 3908 Missae
601 3852 699 3907 exinde
719 3850 901 3907 celebrandae
920 3852 1049 3905 dicuntur
1064 3864 1228 3923 perpetuae.

385 3957 423 4027 (2)
443 3956 530 4011 Hadia
549 3954 635 4025 (long.
648 3955 766 4009 Concilii
785 3956 913 4011 concedit
932 3956 1081 4010 Missarum
1100 3956 1285 4023 reductiones,
1301 3956 1427 4028 aliasque
1444 3958 1471 4009 id

295 4082 383 4135 genus
402 4066 559 4135 legatorum
578 4066 825 4128 commutationes;
844 4066 892 4119 scd
911 4064 1045 4119 Fabricae
1065 4065 1096 4119 Ι).
1117 4066 1192 4119 Patri
1213 4065 1403 4137 congregatio
1420 4066 1471 4122 hoc

295 4173 381 4228 babet
404 4172 525 4242 speciale
549 4178 580 4227 ut
605 4173 756 4242 legatarios
781 4174 911 4228 admittat
936 4174 970 4227 ad
994 4175 1229 4245 componendam,
1252 4190 1302 4228 sen
1327 4174 1470 4245 indulgeat

295 4279 452 4349 legatorum
478 4277 665 4347 reductiones,
686 4283 714 4334 et
732 4280 936 4335 absolutionem
955 4280 988 4335 de
1007 4296 1062 4335 non
1083 4282 1235 4335 satisfactis
1258 4283 1399 4347 oneribus,
1417 4282 1470 4335 im·

297 4382 386 4451 posita
405 4381 542 4437 solutione
561 4398 701 4451 congruae
720 4384 885 4453 quantitatis
904 4385 1038 4453 pecuniae
1056 4387 1151 4441 favore
1165 4386 1299 4441 Fabrioae
1312 4385 1371 4440 Diu,
1385 4386 1471 4441 Petri.
