3292 5109
505 308 549 357 ns
574 307 713 355 ruorcns
737 306 1002 356 scennsmsrrcrs
1293 286 1352 353 171

174 450 295 497 norum
319 432 493 519 supplicem
516 430 661 499 libellum
685 432 803 497 iterum
827 436 984 517 expetere
1003 430 1176 497 instantiae
1199 432 1357 497 instaura·

172 558 315 639 tionem,
339 577 422 643 quae
445 578 510 624 non
534 560 717 645 respuitur,
742 556 911 624 dummodo
940 577 1005 622 uon
1033 555 1182 625 videatur
1204 556 1357 625 destituta

172 700 376 769 quocumque
398 682 478 749 iuris
500 682 720 749 fundamento.

264 807 305 872 In
327 806 504 875 articulo5
526 808 590 873 iam
614 809 788 894 exscripto,
806 806 986 873 consulitur
1007 805 1096 872 casui
1118 803 1358 872 inobedientiae

172 933 341 1017 oppositae
360 934 476 1018 priori
497 934 658 1010 citationi:
682 940 776 1007 tunc.
803 954 846 999 ex
868 932 1070 1020 praescripto
1096 930 1192 997 huius
1214 928 1355 1012 articuli,

173 1056 282 1124 danda
305 1063 356 1125 est
369 1058 520 1127 secanda
535 1059 661 1135 citatio;
679 1057 761 1125 idest
774 1063 848 1144 post
862 1062 1003 1144 spretam
1019 1056 1156 1141 primam
1172 1056 1357 1119 citationem

173 1199 241 1245 nou
264 1180 453 1266 proceditur
475 1180 516 1246 ad
540 1178 801 1247 concordandum
826 1178 975 1261 dubium,
997 1178 1062 1243 alia
1087 1182 1181 1265 parte
1211 1175 1356 1259 absente,

173 1304 237 1367 nisi
261 1322 323 1390 per
346 1304 520 1370 secundam
544 1304 649 1369 vicem
672 1302 758 1369 edite
781 1304 822 1368 sit
845 1304 955 1369 citatio
971 1300 1012 1366 ad
1032 1298 1298 1385 comparendum,
1323 1302 1357 1363 et

173 1431 362 1514 contempta
384 1428 425 1493 sit
445 1424 586 1491 secunda
610 1444 736 1511 quoque
759 1426 880 1491 citatio
905 1426 943 1491 ln
966 1425 1030 1489 hec
1052 1424 1205 1490 citatione
1227 1422 1357 1489 additur

173 1550 260 1617 haec
284 1550 429 1616 clausula
451 1550 532 1617 ‹ad
555 1550 836 1619 concordandum
852 1550 894 1617 de
910 1548 1174 1616 antiomenon
1190 1546 1357 1615 destinari

174 1662 476 1761 conprepationem
498 1697 529 1739 ›.
561 1673 679 1741 Prima
704 1674 780 1761 pa'rs
811 1673 977 1741 clausulae
1006 1674 1070 1739 iam
1100 1672 1262 1761 explicata
1288 1678 1356 1751 est;

172 1794 320 1861 secunda
342 1794 517 1883 siguificat,
541 1802 615 1883 post
636 1797 766 1864 dubium
795 1797 1036 1870 concordatum,
1060 1796 1226 1869 destinari,
1250 1797 1356 1863 altero

174 1920 393 1988 contendente
415 1942 475 2009 per
497 1924 733 1991 contumaciam
757 1921 900 1995 absente.
918 1922 1001 1989 diem
1018 1920 1212 1989 delinitionis
1227 1940 1354 1989 causac.

174 2047 226 2112 Ita
249 2048 360 2115 citatio
383 2048 525 2114 minatur
548 2051 729 2115 contumaci
751 2068 816 2113 non
833 2070 969 2135 parvum
985 2048 1136 2115 damnum
1151 2048 1192 2114 ed
1208 2048 1355 2115 eumdem

174 2170 408 2237 removendum
424 2192 443 2237 a
460 2192 518 2255 sua
533 2174 751 2239 contumacia:
776 2171 852 2257 quid
875 2173 1005 2236 enimsi
1022 2190 1209 2237 concessum
1230 2178 1356 2257 tempus

175 2315 241 2359 non
257 2296 300 2361 sit
315 2294 479 2363 sufficiens
494 2296 534 2362 ad
551 2296 784 2384 comparandas
800 2295 1029 2383 probationeel
1052 2294 1153 2371 Quam
1169 2297 1355 2363 dilationem

175 2420 274 2507 pleno
297 2422 369 2486 inre
392 2423 535 2508 petiisset
557 2427 590 2488 et
612 2422 709 2489 facile
737 2421 928 2488 obtinuisset
950 2442 1026 2509 pars
1049 2421 1278 2509 obtemperans
1299 2422 1356 2489 de·

174 2548 268 2608 creto
292 2543 461 2610 citationis.
487 2546 609 2611 Tamen
629 2548 662 2611 in
679 2550 743 2611 art.
765 2545 797 2621 6,
816 2547 879 2611 iarn
904 2546 1010 2627 citato,
1035 2566 1077 2611 ne
1100 2548 1194 2612 nimis
1218 2546 1299 2612 dura
1322 2548 1355 2613 in

173 2676 401 2739 contumacem
425 2670 541 2737 evadat
557 2692 670 2758 poena,
688 2670 836 2755 edicitur,
853 2679 925 2758 post
944 2672 1072 2738 dubium
1089 2693 1134 2739 em
1150 2673 1258 2758 officio
1282 2694 1356 2740 con·

172 2796 342 2863 cordatum
370 2798 404 2861 in
430 2796 576 2863 absentia
602 2798 815 2873 contumacis,
842 2796 963 2863 debere
994 2804 1119 2883 tempus
1150 2798 1357 2865 intercedere
1386 2887 1390 2896 .

173 2919 288 2984 saltem
314 2919 358 2984 30
381 2918 517 2995 dierum,
541 2918 665 2985 scilicet
689 2920 774 2985 intra
799 2917 886 2983 dubii
909 2918 1193 2985 concordationem
1224 2926 1257 2985 et
1288 2921 1357 2985 eius

173 3042 394 3113 definitionem
418 3064 477 3131 per
500 3045 691 3110 sententiam
713 3046 839 3128 plenae
861 3045 1154 3134 conpreputioms5
1178 3051 1210 3111 et
1225 3048 1355 3111 interim

172 3156 343 3235 decretum
365 3186 425 3253 per
449 3186 615 3239 cursorem
641 3166 909 3253 congregationis
940 3169 1025 3253 parti
1057 3171 1239 3235 contumaci
1267 3190 1355 3235 com·

172 3292 402 3358 municandum
425 3266 506 3366 osse,
531 3296 567 3358 ut
589 3291 672 3358 haec
695 3293 840 3357 notitiam
864 3291 982 3358 habeat
1002 3292 1096 3361 dubii
1119 3292 1301 3377 mosaipti
1323 3299 1358 3359 et

173 3417 402 3503 conperisse
425 3438 555 3485 causam
579 3414 792 3483 deliniendam
816 3420 936 3485 statuti.

267 3542 339 3607 144.
365 3544 437 3607 Art.
461 3541 500 3606 7:
527 3541 650 3605 <Iura
683 3540 1066 3627 autumnitanorum
1094 3545 1242 3625 utraque
1268 3560 1357 3624 pare

171 3666 283 3731 utitur
299 3665 493 3750 quindecim
514 3662 631 3733 diebus
645 3662 831 3730 antediem
849 3664 1095 3749 propositionis
1110 3684 1243 3737 causae.
1261 3664 1357 3748 apud

172 3792 214 3858 D.
245 3790 476 3859 Secretartum
508 3791 743 3875 deponuntur,
776 3789 979 3856 transmissa
1011 3790 1184 3875 utrimque
1218 3789 1356 3855 intima·

172 3916 266 3982 tione
282 3936 313 3980 ν.
334 3914 406 3981 Art.
424 3915 460 3980 8:
479 3934 497 3976 ‹
515 3912 743 4002 Alleputiones
765 3913 945 3997 utriusque
962 3914 1078 3999 partis
1100 3914 1216 3981 decem
1238 3912 1358 3979 dietus

174 4043 254 4103 ante
272 4036 577 4125 Conprepatioaem
597 4040 670 4102 tum
686 4036 733 4101 ad
748 4036 1042 4104 Eminentisrimes
1060 4036 1262 4104 Cardinales
1285 4040 1357 4101 tum

173 4160 222 4227 ad
244 4159 287 4225 D.
310 4156 540 4226 decretorium
562 4160 663 4227 etad
685 4156 917 4226 decretoriam
939 4158 973 4225 S.
999 4156 1280 4247 Conprepntionie
1302 4158 1357 4225 de·

173 4280 337 4363 suuntur
352 4304 384 4349 ›.
400 4282 473 4349 Art
490 4280 526 4347 9:
548 4303 565 4345 s
581 4280 704 4347 Mutua
720 4280 809 4346 inter
826 4286 946 4365 partes
961 4264 1205 4368 allepationum
1223 4284 1254 4346 et
1268 4298 1355 4345 manc

176 4404 372 4471 memorum
394 4404 532 4473 traditio
548 4407 585 4491 fit
605 4404 723 4471 eadem
738 4404 815 4487 ipsa
832 4405 888 4471 die
902 4404 939 4471 in
955 4405 1056 4472 domo
1072 4403 1251 4472 Auditoris
1265 4402 1357 4470 Emi-
