3292 5109
275 239 342 307 268
644 258 647 266 ’
803 262 889 309 rens
912 262 949 309 11.

273 380 436 466 pendent;
463 379 556 464 dum,
588 386 762 464 econtra,
790 401 873 467 quae
902 400 924 447 a
946 383 978 448 S.
1003 381 1038 449 c.
1062 381 1103 448 de
1131 380 1356 468 Propaganda·
1377 380 1459 447 Fide

275 507 500 595 Delegationes
515 508 765 591 constituuntur,
783 510 814 573 in
830 509 912 575 locis
932 510 1127 582 missionum,
1145 510 1332 575 mandatum
1352 510 1459 595 potius

274 631 396 699 habent
418 633 605 716 spirituale.

364 759 502 846 Negotia
526 760 635 846 igitur,
659 762 729 827 sive
751 761 915 848 gratiosa,
940 763 1009 827 sive
1025 762 1242 836 contentiosa,
1259 781 1342 846 quae
1357 782 1460 848 supra

276 890 483 951 enumeratas
506 886 657 971 regiones
681 886 868 969 respiciunt,
884 888 1066 975 pertractat
1079 884 1162 950 haec
1179 886 1212 952 S.
1230 886 1457 971 Congregatio‚

276 1008 310 1071 in
326 1008 380 1071 via
396 1009 492 1072 etiam
516 1007 690 1073 ordinaria.
716 1008 868 1075 Attamen
885 1010 1045 1094 rescripta
1058 1013 1115 1076 aut
1130 1009 1265 1075 decreta
1280 1010 1459 1075 cuiuscum-

277 1152 339 1218 que
363 1136 494 1219 generis
516 1134 556 1199 ab
581 1154 621 1200 ea
643 1155 707 1201 non
731 1135 957 1221 expediuntur,
975 1136 1036 1202 nisi
1052 1156 1106 1201 res
1122 1140 1220 1201 antea
1237 1137 1341 1201 relata
1356 1136 1459 1202 fuerit

277 1257 484 1322 Sanctissimo
507 1259 652 1331 Domino,
670 1260 812 1342 Eiusque
828 1258 1014 1345 approbatio
1037 1264 1094 1324 aut
1116 1259 1237 1325 decisio
1260 1261 1322 1326 rite
1344 1280 1460 1325 acces·

276 1382 365 1447 serit.
391 1380 640 1448 controversiae
664 1390 770 1448 autern
795 1382 979 1465 iudiciales,
1003 1383 1163 1467 speciales
1186 1384 1457 1457 consultationes,

276 1505 373 1571 dubia
396 1508 487 1572 circa
509 1508 810 1593 interpretationem
835 1512 868 1574 et
890 1508 1138 1594 applicationem
1166 1510 1245 1574 iuris
1268 1510 1457 1584 communis,

277 1630 497 1707 remittuntur,
529 1633 776 1717 utplurimum,
801 1633 842 1697 ad
865 1632 1046 1697 ordinarias
1069 1633 1345 1719 congregationes
1375 1652 1461 1698 com-

278 1758 435 1839 petentes.

367 1879 443 1945 221.
476 1881 580 1956 Quum
607 1881 690 1947 haec
721 1881 823 1948 Sacra
849 1882 1064 1969 congregatio
1095 1903 1160 1948 non
1191 1881 1330 1968 gaudeat
1362 1882 1460 1949 ordi-

277 2003 381 2069 aarto
404 2006 575 2071 executiva
606 2010 780 2091 potestate,
805 2007 874 2072 eius
898 2007 1100 2073 Secretarins
1122 2008 1206 2071 feria
1231 2008 1298 2080 ΙΙΙ,
1323 2005 1460 2092 singulis

278 2127 495 2199 hebdomadis.
520 2129 561 2194 ad
584 2129 706 2195 Summi
731 2130 897 2197 Pontificis
918 2131 1114 2198 audientiam
1139 2132 1328 2198 admittitur.
1346 2167 1365 2180 -
1383 2132 1461 2196 Gar·

279 2254 432 2319 dinatium
445 2260 622 2319 conventus
638 2218 826 2341 plerlimque
839 2256 891 2321 die
904 2258 990 2321 Iovis
1002 2256 1173 2323 habentur.
1187 2257 1333 2323 Plenarii
1348 2262 1460 2324 tamen

279 2398 449 2444 consessus
465 2379 603 2443 omnium
621 2384 873 2463 purpuratorum
892 2381 1026 2445 Petrum
1042 2380 1119 2446 huic
1134 2379 1385 2469 congregationi
1402 2382 1459 2447 ad-

280 2502 438 2569 dictorum
462 2503 626 2567 rarissime
642 2500 739 2578 fiunt;
756 2502 822 2584 sed,
840 2504 963 2588 pronai
980 2503 1145 2588 qualitate,
1163 2505 1318 2588 cuiusque
1336 2505 1458 2589 negotii

279 2628 439 2712 gravioris
456 2646 593 2690 examen
616 2646 636 2691 a
659 2626 789 2692 Summo
806 2625 964 2694 Pontifloe
980 2630 1190 2696 committitur
1210 2628 1342 2713 speciali
1358 2628 1460 2695 veluti

279 2750 547 2835 congregationi,
572 2750 655 2817 idest
678 2751 896 2819 Cardinalium
921 2758 1027 2820 coetui
1050 2754 1171 2820 selecto
1195 2774 1238 2819 ex
1260 2756 1299 2819 iis
1323 2774 1459 2837 quorum

279 2876 382 2939 maior
406 2882 455 2941 est
477 2876 511 2939 in
533 2894 610 2941 casu
633 2877 750 2962 peritia
774 2883 806 2944 et
830 2879 1035 2963 experientia
1063 2878 1103 2943 ob
1134 2883 1285 2945 anteacta
1310 2897 1458 2945 munera.

281 2988 460 3063 Praeterea
484 2999 563 3063 istae
584 2998 858 3085 congregationes
881 2981 1027 3085 quamvis
1050 3001 1264 3086 particulares
1288 3000 1459 3085 aliquando

280 3128 355 3189 sunt
376 3124 507 3190 mixtae
529 3144 585 3190 seu
609 3126 830 3191 coalescentes
844 3145 887 3192 ex
904 3126 1128 3192 cardinalibus
1148 3127 1283 3192 addictis
1298 3131 1367 3191 turn
1383 3126 1460 3192 huic

281 3248 380 3333 Gong.
404 3251 472 3312 tum
497 3248 594 3334 cong.
619 3248 659 3313 de
683 3246 780 3333 Prop.
797 3249 886 3314 Fide.
913 3250 985 3314 Hoc
1008 3248 1044 3315 fit
1067 3250 1195 3335 quando
1218 3251 1382 3336 negotium
1407 3270 1461 3315 ex·

279 3373 472 3460 podiendum
504 3374 557 3440 vel
586 3375 717 3460 attingIt
746 3374 887 3457 aliquam
915 3376 1081 3461 regionem
1109 3375 1282 3440 obnoxiam
1310 3375 1461 3461 regimini

281 3504 380 3586 cong.
399 3500 438 3565 de
454 3501 551 3584 Prop.
568 3499 661 3575 Fide;
686 3500 736 3565 vel
761 3500 890 3566 aliunde
913 3503 1054 3566 maxime
1069 3503 1206 3569 interest
1220 3501 1316 3566 huius
1332 3501 1364 3566 S.
1381 3499 1462 3566 con-

281 3622 479 3708 gregationis
496 3625 527 3685 et
543 3625 591 3685 est
607 3619 692 3685 illius
708 3624 846 3684 naturae
862 3626 898 3685 ut
911 3621 1056 3707 implicet
1078 3622 1217 3706 aliquam
1241 3624 1461 3705 quaestionem

276 3745 637 3832 politico-religiosam.
663 3747 706 3813 Et
729 3748 762 3812 in
785 3747 848 3812 hoc
868 3750 964 3814 etiam
988 3769 1064 3813 suae
1085 3748 1367 3815 extraordinariae
1388 3770 1462 3816 con·

282 3872 455 3937 stitutionis
478 3876 627 3936 naturam
650 3871 719 3955 ipsa
742 3870 858 3954 prodit,
875 3891 937 3936 nec
960 3892 1024 3936 non
1048 3873 1288 3939 similitudinem
1311 3896 1386 3941 cum
1408 3895 1462 3940 an-

280 3994 369 4077 tiqua
393 3992 651 4077 Congregatione
675 3990 791 4071 Status,
817 3990 857 4055 de
880 4010 944 4075 qua
967 3994 1115 4078 superius
1138 3993 1278 4061 diximus
1302 3993 1346 4082 (n.
1371 3995 1460 4077 216).

371 4116 583 4191 Quaestionas
605 4117 691 4202 typis
716 4118 891 4202 impressae
920 4116 979 4183 sub
1011 4120 1093 4183 certi
1125 4118 1290 4186 dubitandi
1313 4122 1463 4188 formulis

281 4237 463 4324 explicatae
479 4241 511 4301 et
526 4238 709 4322 propositae
725 4237 765 4302 ab
782 4239 852 4323 ipsa
864 4238 1049 4303 Secretaria
1062 4240 1328 4326 congregationis
1343 4242 1464 4308 dantur

281 4360 322 4427 ad
347 4360 534 4426 Cardinales
558 4380 631 4425 curn
655 4362 845 4427 invitatione
869 4363 1081 4429 conveniendi
1105 4369 1190 4430 stata
1217 4364 1269 4431 die
1299 4368 1335 4432 in
1364 4366 1464 4433 aedas
