3292 5109
478 316 522 363 ua
547 316 687 363 runicus
709 315 975 363 aconasmsrrcrs
1216 373 1219 379 ³
1261 297 1329 362 429

149 458 245 505 scere
268 442 399 525 petitam
431 441 464 503 in
495 443 657 525 integrum
687 441 933 521 restitutionem,
961 446 1038 505 tunc
1061 440 1330 524 Metropolitanus

149 582 216 629 non
239 568 343 649 potest
367 566 435 648 ipse
458 564 518 628 bas
541 564 709 629 instantias
732 562 926 629 iudicialiter
945 582 1152 649 cognoscere,
1170 561 1226 627 sed
1242 561 1329 627 dum·

149 695 243 754 taxat
265 690 354 755 ualet
375 709 496 776 urgere
518 686 763 777 suffraganeum
788 696 823 756 ut
846 690 984 777 benigne
1015 710 1071 755 suo
1096 688 1211 755 iudicio
1243 690 1328 754 exci-

148 814 217 900 piat
241 815 409 878 instantias
432 834 563 879 suorum
594 813 803 886 subditorum,
828 821 864 879 ut
893 815 1009 881 horum
1034 816 1244 880 intentionem
1274 815 1327 879 uel

150 938 299 1003 admittat
322 936 374 1000 vel
398 941 540 1022 respuat,
557 940 724 1022 postquam
748 937 892 1003 eamdem
917 938 1110 1003 iudicialiter
1129 937 1326 1003 discusserit.

151 1098 171 1111 ·
197 1062 308 1137 Quoad
331 1060 437 1127 media
459 1070 568 1129 eutem
590 1062 704 1145 quibus
728 1063 996 1147 Metropolitanus
1019 1062 1147 1149 urgebit
1167 1059 1328 1148 Suffraga-

150 1202 232 1249 naos
254 1188 289 1247 ut
307 1202 365 1246 suo
381 1184 509 1247 muneri
524 1182 734 1262 satisfaciant,
751 1185 822 1247 iure
838 1182 1056 1247 Decretalium
1073 1183 1328 1267 archiepiscopo
1347 1194 1352 1221 l

147 1306 338 1393 suppetebat
360 1309 458 1372 etiam
481 1306 606 1393 gladius
636 1308 811 1392 spiritualis
838 1328 1058 1380 censurarum,
1084 1307 1139 1372 sed
1167 1306 1264 1371 hodie
1287 1306 1328 1370 ab

148 1431 241 1496 hisce
260 1430 483 1495 abstinendum
499 1436 557 1510 est,
574 1430 635 1497 nisi
650 1440 747 1497 antea
763 1451 817 1496 res
833 1432 937 1496 relata
959 1432 1001 1496 sit
1023 1431 1063 1495 ad
1088 1430 1119 1497 S.
1138 1430 1236 1515 Gong.
1255 1430 1327 1515 Epi-

147 1576 319 1641 scoporum
343 1562 377 1621 et
399 1557 620 1642 Regularium.
637 1592 656 1606 -
674 1558 844 1623 Rationem
870 1558 1064 1645 procedendi
1088 1560 1120 1621 in
1144 1558 1325 1623 huiusmodi

147 1678 256 1743 causis
286 1678 429 1762 explicat
453 1677 546 1743 (lard.
570 1676 671 1743 Petra
700 1680 754 1763 qui
780 1698 801 1743 a
823 1681 959 1744 secretis
991 1680 1050 1744 luit
1082 1680 1202 1745 Sacrae
1225 1678 1328 1765 Cong.

147 1802 248 1870 Gonc.
265 1805 298 1866 in
321 1823 441 1870 comm.
466 1803 507 1870 ad
530 1804 638 1871 Const.
663 1804 780 1870 Leonis
805 1805 854 1869 lX
880 1805 966 1872 Cum
989 1824 1034 1871 em
1066 1804 1327 1879 Venerabilisnn,

145 1936 225 1996 sect.
250 1931 279 1995 l.

238 2035 301 2103 Sed
324 2044 437 2102 nostra
459 2039 595 2104 interest
617 2038 816 2103 enucleatius
844 2038 1009 2123 explicare
1040 2037 1196 2121 quomodo
1227 2056 1327 2124 agen-

146 2161 223 2225 dum
256 2163 298 2225 sit
326 2164 488 2247 nogotium
520 2162 744 2247 appellationis
773 2164 807 2226 in
839 2164 930 2228 curia
959 2164 1209 2249 Metropolitani.
1239 2198 1257 2213 ·
1288 2164 1327 2227 In

146 2287 250 2353 Sexto
274 2287 485 2351 Bonifaciano
508 2307 567 2372 per
590 2288 752 2352 celebrem
770 2287 877 2353 const.
902 2285 1062 2355 Romano
1083 2286 1236 2354 Ecclesia
1253 2288 1329 2355 -in

146 2430 176 2476 c.
207 2430 235 2475 c.
268 2411 296 2480 1,
328 2411 378 2475 De
407 2410 485 2491 foro
517 2416 649 2494 compl„
679 2410 736 2497 (ΙΙ,
766 2412 795 2498 l)
828 2416 861 2475 et
890 2410 915 2475 3
945 2411 995 2476 De
1025 2413 1148 2494 appell.
1179 2408 1234 2495 (ll,
1261 2410 1327 2497 15),

145 2554 203 2599 res
226 2534 420 2599 adamussim
444 2533 575 2602 definita
596 2536 666 2602 fuit.
696 2572 711 2585 -
738 2538 775 2601 ln
798 2537 851 2603 cit.
876 2556 951 2619 cap.
969 2535 1003 2607 3,
1027 2536 1049 2618 5
1074 2534 1107 2608 3,
1127 2534 1178 2600 De
1200 2536 1324 2618 appell.

145 2660 308 2732 statuitur,
333 2660 621 2746 Archiepiscopum
644 2681 709 2725 non
732 2681 825 2745 posse
848 2661 1094 2746 appellationem
1118 2661 1271 2744 excipere
1295 2666 1328 2724 et

146 2783 287 2849 iudicem
318 2786 507 2849 inferiorem
538 2784 695 2865 inhibere,
719 2787 892 2885 quominus
917 2785 1052 2850 ulterius
1076 2784 1240 2868 procedat,
1266 2784 1326 2848 nisi

144 2908 321 2993 appellatio
345 2909 571 2993 interponatur
586 2928 606 2973 a
621 2909 781 2976 sententia
804 2910 867 2973 iam
883 2908 969 2974 edita
992 2908 1060 2973 sive
1079 2906 1243 2973 definitiva
1259 2909 1328 2973 sive

145 3034 404 3101 interlocutoria.

238 3153 373 3229 Quando
396 3163 505 3221 autern
528 3152 758 3241 Suffraganeus
775 3160 891 3220 renuat
911 3155 1134 3241 appellationis
1157 3155 1329 3220 instantiae

144 3277 290 3360 obsequi,
314 3283 474 3352 causatus,
501 3280 533 3342 in
560 3279 703 3344 themate
727 3299 747 3341 a
769 3280 841 3343 iure
868 3277 1034 3362 prohiberi
1068 3278 1326 3362 appellationem,

143 3408 226 3466 tunc
243 3402 516 3487 archiepiscopus
538 3404 724 3487 petitionem
747 3403 939 3487 appellantis
963 3421 1160 3488 cognoscere
1176 3400 1270 3466 debet
1284 3422 1327 3468 an

144 3544 266 3619 nempe
289 3543 309 3587 a
332 3526 403 3589 iure
428 3528 462 3590 in
493 3546 571 3591 casu
601 3530 813 3590 controverso
844 3526 1049 3610 permittatur
1080 3525 1270 3609 appellati03
1295 3530 1328 3591 et

144 3650 279 3715 interim
296 3671 353 3714 seu
377 3650 538 3735 pendente
554 3650 617 3716 hac
633 3651 822 3733 quaestione
841 3649 1071 3736 praeiudiciali,
1097 3646 1330 3735 Suffraganeus

142 3774 230 3839 nihil
253 3776 286 3838 in
310 3796 347 3839 re
369 3774 510 3861 litigiosa
532 3781 660 3841 mutare
683 3774 786 3841 debet.
812 3775 907 3841 lubet
929 3776 1014 3839 enim
1046 3775 1254 3839 Innocentius
1277 3774 1328 3839 lV

141 3901 180 3964 in
206 3901 259 3965 cit.
283 3920 368 3983 cap„
392 3902 415 3983 ἓ
438 3902 480 3967 5:
507 3923 525 3963 ‹
549 3900 725 3967 Stantem
753 3905 831 3983 post
861 3899 1060 3965 sententiam
1089 3899 1125 3963 in
1149 3898 1282 3965 casibus
1304 3918 1328 3964 o

141 4026 224 4091 iure
243 4026 425 4108 prohibitis
446 4024 583 4114 (utputa
599 4047 620 4092 a
636 4028 800 4093 sententio
823 4044 929 4108 super
951 4023 1131 4106 manifesto
1148 4030 1178 4089 et
1193 4024 1327 4091 notorio

142 4146 302 4220 mimine,
317 4149 370 4213 vel
386 4148 429 4212 de
445 4167 511 4232 quo
529 4148 606 4233 quis
620 4148 658 4213 in
672 4146 749 4212 iure
764 4145 939 4229 confessus
954 4144 1072 4225 extitit,
1089 4142 1328 4231 promalqala)

140 4272 199 4339 vel
223 4272 454 4338 consimilibus
476 4274 686 4355 appellatam
708 4272 816 4353 fuisse
847 4272 1004 4353 dicatum
1022 4276 1167 4353 possunt
1191 4268 1328 4353 (Metro-

140 4396 293 4486 politani)
316 4399 546 4483 assentantis
568 4397 759 4466 caecutioai
781 4398 967 4464 masidam·
988 4394 1183 4485 (postquam
1206 4392 1327 4483 copno'·
