3292 5109
317 252 383 318 418
836 276 918 323 ruas
944 276 979 322 n.

315 398 353 463 in
362 396 484 481 prima
495 398 667 477 imtautia,
680 398 743 462 hoc
755 396 907 462 videntur
922 398 1110 475 subaudire;
1128 400 1279 466 nimirum
1297 402 1330 465 in
1345 400 1511 468 secunda

315 541 450 607 quaque
472 520 635 587 tietantia
657 518 698 585 de
721 520 903 586 huiusmodi
933 524 1038 587 causis
1067 522 1240 607 aliquando
1265 522 1409 589 iudicare
1443 524 1512 589 Ar·

315 646 572 733 chiepiscopum;
595 646 721 731 quando
744 647 896 711 nimirum
921 649 953 713 in
973 649 1093 731 prima
1116 650 1279 717 instanlia
1301 657 1398 716 antea
1421 652 1513 736 Epi-

315 792 430 858 scopus
442 771 643 837 iudicaverit.
659 772 879 846 -Praeterea,
898 773 978 838 haec
993 776 1161 861 responsio
1177 774 1305 841 videtur
1318 777 1441 860 primo
1457 796 1514 841 re-

315 897 476 983 spondere
499 898 690 982 quaestioni,
707 917 749 961 an
767 916 881 984 nempe
905 900 1043 965 crimina
1059 900 1267 965 Vicariorum
1287 902 1513 967 Generalium

316 1021 503 1086 subiaceant
518 1022 598 1085 iuris
609 1022 868 1105 praescriptioni,
882 1040 944 1105 qua
960 1022 1099 1087 crimina
1112 1024 1345 1109 Episcoporum
1362 1022 1514 1088 iudicari

315 1145 434 1211 debent
463 1150 519 1209 aut
546 1145 579 1208 in
603 1143 746 1209 Concilio
771 1144 978 1217 Provinciati,
1003 1150 1058 1211 aut
1086 1144 1170 1231 apud
1194 1147 1345 1213 Sanctam
1369 1146 1512 1213 Sedern.

318 1268 428 1343 Quare
450 1269 587 1353 reponit,
610 1266 725 1350 primo
750 1266 853 1351 ipsum
870 1267 1025 1352 Archiep.
1047 1269 1329 1353 Metropolitanum
1354 1290 1427 1335 esse
1455 1272 1514 1335 iu-

317 1392 420 1457 dicem
444 1390 610 1456 ordinario
635 1396 880 1475 competentem,
906 1410 970 1455 non
991 1391 1167 1457 Concilium
1191 1398 1247 1458 aut
1270 1393 1301 1459 S.
1320 1392 1450 1475 Sedem,
1472 1396 1511 1459 in

317 1517 423 1581 causis
438 1522 553 1580 contra
568 1516 719 1580 Vicarios
734 1520 767 1579 et
782 1514 946 1581 Olliciales
971 1512 1257 1601 Suffraganeorum
1273 1516 1513 1601 delinquentes

316 1644 351 1708 in
375 1640 480 1707 officio
503 1648 536 1707 ct
559 1640 789 1706 iurisdictione.
814 1640 970 1706 Secundo
997 1639 1179 1725 respondet,
1199 1642 1302 1725 ipsum
1327 1646 1513 1725 praeterea

318 1786 389 1831 esse
413 1769 648 1851 competentem
671 1764 768 1828 etiarn
792 1764 825 1827 in
844 1764 963 1845 primu
992 1762 1156 1830 totatuta
1183 1782 1239 1828 seu
1267 1762 1394 1847 quando
1417 1764 1512 1849 Epi-

318 1896 432 1979 scopus
455 1889 492 1953 ira
511 1888 631 1971 prima
650 1891 705 1953 aut
729 1885 873 1951 iudicare
890 1906 953 1949 non
974 1889 1114 1971 potuerit
1137 1892 1194 1954 aui
1218 1886 1366 1965 noluerit,
1391 1886 1511 1970 aliqua

318 2015 463 2100 legitima
485 2012 525 2077 de
548 2030 655 2083 causa,
681 2030 773 2075 suum
797 2010 976 2074 Vicarium.

409 2134 625 2209 Quamobrem
648 2134 750 2198 otiosa
781 2151 845 2195 non
876 2137 950 2195 sunt
978 2131 1284 2202 eave1·ba,etiam
1315 2130 1353 2195 in
1379 2128 1508 2213 prima

319 2257 498 2331 instantia,
523 2258 639 2342 quippe
662 2258 693 2321 S.
718 2256 817 2339 Cong,
844 2255 964 2321 Concil.
990 2254 1078 2319 Trid.
1103 2257 1264 2340 interpres
1293 2272 1371 2338 prae
1394 2252 1504 2317 oculis

319 2384 459 2451 habebat
480 2382 621 2448 eiusdem
645 2382 774 2447 concilii
797 2382 970 2447 Decretum
996 2384 1028 2445 in
1053 2382 1138 2447 Sese.
1163 2382 1221 2456 aa,
1247 2401 1274 2447 c.
1299 2381 1359 2454 20,
1385 2379 1507 2445 iubens

319 2532 430 2577 omnes
446 2532 558 2576 causas
573 2513 607 2576 in
625 2511 745 2593 priano
760 2510 923 2575 instantia
940 2510 1022 2595 apud
1039 2510 1215 2594 Episcopus
1231 2508 1399 2595 agitandas
1415 2528 1503 2588 esse,

319 2639 382 2703 nisi
404 2638 486 2701 ratio
510 2640 625 2720 urgeat
648 2636 793 2719 legitima
815 2634 1005 2718 experiendi
1029 2654 1087 2698 sua
1110 2636 1182 2697 iura
1202 2634 1297 2697 etiam
1321 2634 1359 2697 ia
1378 2632 1505 2715 prima

318 2762 482 2828 iaetantia
505 2760 588 2846 apud
618 2759 759 2825 tribunal
792 2762 949 2843 superius.
975 2761 1028 2825 Ex
1052 2758 1160 2824 uerbis
1192 2764 1299 2823 autern
1328 2758 1506 2823 decisionis

319 2892 382 2957 duo
405 2890 469 2954 alia
492 2888 605 2953 deduci
629 2886 763 2952 debent:

286 3004 290 3011 ’
409 3016 443 3103 a)
467 3018 569 3101 ipsum
585 3014 884 3098 Archiepiscopum,
910 3033 974 3077 non
991 3014 1059 3078 eius
1076 3010 1256 3079 officialem
1272 3032 1343 3077 esse
1360 3011 1392 3075 in
1409 3010 1504 3076 hisce

320 3143 425 3208 causis
441 3143 685 3224 competentem,
703 3156 858 3223 expresse
875 3158 948 3203 cum
963 3136 1102 3202 dicmur:
1116 3136 1419 3219 archiepiscopum
1432 3134 1505 3201 Me-

320 3267 573 3350 tropolitanum.
591 3263 639 3329 Cf.
658 3262 805 3347 Pirhing,
826 3264 847 3328 l.
866 3263 919 3327 cit.
937 3284 970 3326 u.
988 3262 1043 3337 66,
1061 3262 1114 3345 qui
1135 3260 1291 3325 advertit:
1311 3280 1329 3323 «
1348 3262 1500 3323 Porro...

320 3391 473 3456 Vicarius
496 3388 666 3454 Generalis
690 3386 935 3469 Archiepiscopi
960 3385 1080 3449 nullam
1105 3384 1202 3449 habet
1224 3386 1415 3468 potestatem
1443 3386 1502 3445 aut

321 3513 573 3578 iurisdictionem
603 3511 637 3573 in
667 3506 895 3593 Suffraganeos
925 3507 965 3571 ob
997 3508 1185 3592 dignitatem
1226 3512 1257 3569 et
1292 3505 1501 3569 eminentiam

321 3637 417 3702 officii
442 3636 640 3722 Episcopalis
669 3632 756 3718 (cup.
781 3634 808 3706 1,
833 3634 855 3714 ἓ
881 3632 1055 3717 Officiulis,
1080 3632 1130 3696 De
1153 3634 1208 3714 off.
1232 3630 1301 3695 iud.
1327 3627 1501 3695 ordinarii

321 3762 359 3827 in
383 3764 417 3845 6)
441 3782 543 3845 neque
559 3762 593 3824 in
609 3761 761 3824 Vitarios
784 3755 1079 3843 Suffraganeorum,
1097 3758 1178 3821 sicut
1203 3757 1296 3819 etiarn
1320 3751 1504 3817 nonhabet

322 3887 355 3949 in
378 3882 519 3948 subditos
543 3878 1025 3966 Suff1·agane01·nm›.-Hanc
1048 3898 1127 3942 vero
1158 3878 1379 3942 limitationem
1408 3877 1502 3958 pote-

322 4010 415 4075 statis
430 4007 461 4071 V
464 4009 503 4071 ic.
521 4008 601 4071 Gen.
626 4007 659 4069 in
683 4002 825 4069 subditos
849 3999 1135 4087 Suffraganeorum
1151 4002 1293 4066 arbitror
1317 3998 1403 4064 haud
1426 4018 1504 4083 pro-

322 4133 460 4198 bandam
491 4151 571 4196 esse.
604 4131 703 4195 Nemo
735 4129 820 4192 enirn
852 4127 937 4191 dicet
963 4126 1133 4192 Vicarium
1163 4124 1407 4208 Arclriepiscopi
1437 4141 1504 4186 non

324 4277 417 4342 posse
447 4273 645 4340 cognoscere
676 4270 818 4317 cucusam
849 4248 1089 4332 appellationis
1119 4268 1138 4311 a
1162 4247 1316 4313 tribunali
1341 4242 1503 4330 Suffraga-

325 4382 388 4455 nei,
416 4379 608 4464 praesertim
635 4374 762 4461 quando
785 4374 978 4441 sententiam
1003 4370 1141 4437 ediderit
1164 4370 1317 4435 Vinarius
1341 4370 1500 4455 Episcopi.
