3292 5109
580 309 687 356 runnu
711 309 915 358 sruorrrcus
1194 306 1197 310 ·
1272 290 1341 359 545

156 434 202 490 71.
220 434 295 490 Ante
314 449 415 488 causae
434 432 661 503 propositionem,
683 431 802 486 Ponenti
815 436 845 486 et
857 430 1038 486 Auditoribus
1055 432 1089 484 fit
1105 431 1215 502 duplex

262 542 423 612 informatio
441 574 1159 597 .................
1193 555 1259 610 pop.
1297 539 1334 593 70

163 649 207 702 72.
229 647 279 702 Die
298 652 412 714 statuta,
430 648 581 701 Auditores
599 650 662 716 post
680 645 846 702 relationem
872 661 973 699 causae
991 661 1009 697 a
1029 644 1154 699 Poeante
1177 646 1219 698 fa·

268 757 353 819 ctam,
371 752 458 806 edunt
476 756 550 816 vota,
569 751 615 806 sed
634 751 825 816 diversimod03
844 766 909 804 nam
927 748 1077 820 aliquando
1089 748 1216 803 nonnulli

269 864 389 928 tantum,
408 864 519 916 servato
538 869 613 928 certo
632 869 730 926 turum·
749 857 898 928 aliquando
917 873 1013 910 omnes
1030 859 1097 909 vota
1113 857 1216 911 ferunt.
1253 870 1270 911 >i
1305 856 1339 910 71

159 967 204 1022 73.
224 969 334 1023 Ponens
353 984 387 1023 ex
406 967 480 1022 votis
504 967 670 1021 Auditorum
695 963 955 1034 corresponsalium‚
973 963 1003 1016 in
1027 963 1138 1032 scriptia
1161 963 1215 1016 sibi

267 1074 379 1129 traditis
400 1079 497 1129 exarat
516 1075 670 1129 decisiones
672 1109 1215 1126 .............
1252 1085 1270 1127 a
1305 1070 1341 1124 73

158 1182 201 1235 74.
222 1180 364 1242 Quaenam
384 1181 421 1234 sit
436 1181 478 1234 vis
497 1155 666 1234 decisionum
671 1214 1213 1232 .............
1251 1190 1270 1232 »
1304 1175 1341 1228 74

158 1286 203 1340 75.
224 1285 365 1347 Quomodo
383 1285 487 1340 decisio
511 1288 637 1340 transeat
661 1285 689 1338 in
716 1283 891 1338 sententiam·
909 1281 1067 1336 iudicialem
1086 1286 1115 1337 et
1133 1298 1218 1352 quae-

268 1405 331 1442 nam
351 1389 388 1442 sit
407 1389 480 1443 ratio
498 1387 581 1443 huius
600 1389 761 1462 systematis
763 1425 1216 1443 ...........
1253 1401 1271 1443 »
1301 1386 1341 1440 ibi

160 1496 203 1550 76.
223 1495 365 1557 Quomodo
383 1495 576 1566 interponatur
594 1475 748 1564 appellatio
761 1532 1214 1548 ...........
1252 1509 1270 1551 >
1305 1493 1342 1546 76

160 1603 203 1656 77.
224 1603 316 1656 Etiam
334 1605 364 1656 r'n
382 1601 495 1657 edendis
512 1603 585 1656 votis
598 1618 616 1655 a
630 1602 719 1657 Rotae
738 1600 885 1655 Auditorio
903 1601 1059 1671 exquisitis,
1074 1601 1215 1655 consulta-

269 1707 355 1760 tionis
374 1723 466 1772 cansn,
485 1709 578 1760 cartus
597 1712 724 1761 servatur
742 1705 809 1759 ordo
853 1744 1216 1761 .........
1253 1721 1271 1763 »
1301 1705 1341 1759 ibi

161 1812 206 1866 78.
225 1811 265 1867 De
283 1810 513 1865 condemnatione
532 1810 560 1864 in
580 1799 715 1880 expensas
734 1809 793 1864 litis
809 1849 1216 1864 ..........
1252 1824 1271 1868 a
1305 1811 1342 1863 77

162 1919 205 1973 79.
225 1919 415 1989 Congragatio
434 1918 551 1980 Rotalis.
571 1923 600 1974 et
618 1919 692 1974 Rota
710 1919 922 1974 Mmorialium
940 1955 1216 1972 .......
1254 1932 1272 1974 a
1301 1917 1341 1972 ibi

162 2025 206 2080 80.
227 2024 266 2082 De
284 2025 509 2080 solemnitatibus
527 2025 556 2080 in
576 2025 743 2080 exordiendo
760 2041 835 2079 anno
855 2024 948 2080 Rotali
968 2023 1126 2078 adhibitis.
1164 2063 1171 2075 .
1209 2063 1215 2076 .
1253 2039 1271 2080 a
1306 2024 1342 2078 78

672 2245 767 2300 (larun
788 2245 833 2299 lll.

257 2401 289 2434 DE
305 2401 437 2435 'imaum
454 2400 569 2436 ΟΔΜΕΚΔΕ
585 2399 751 2435 arosroucatt
767 2401 798 2434 ΕΤ
814 2402 846 2434 ΠΒ
863 2401 992 2436 aunuum
1009 2402 1116 2436 elusum
1133 2401 1248 2435 Gustu!

162 2555 204 2610 8l.
225 2557 359 2611 Tribural
379 2557 483 2612 Plenae
502 2555 635 2614 Gamerae
654 2561 762 2611 constet
781 2572 815 2610 ex
835 2556 951 2612 Clericis
969 2556 1125 2613 Gamerae.
1163 2599 1170 2611 .
1202 2575 1270 2629 pap.
1308 2558 1343 2612 80

162 2663 204 2716 82.
226 2664 275 2717 Est
294 2664 416 2718 tibunal
437 2665 546 2735 proprie
565 2665 734 2718 ordinarium
763 2703 1215 2719 ...........
1252 2679 1271 2721 »
1307 2663 1338 2717 81

162 2770 204 2825 83.
224 2771 310 2825 Plura
329 2772 427 2836 officia,
441 2771 485 2826 vel
500 2771 673 2840 gravissima,
684 2787 757 2841 quae
773 2769 890 2824 Clericis
909 2771 1042 2825 Gamerae
1060 2771 1219 2825 attribuun-

269 2886 316 2934 tur
340 2896 466 2950 quaeque
491 2879 632 2934 ordinaria
656 2884 685 2933 et
706 2880 834 2934 seiuncta
858 2897 875 2933 a
899 2879 1017 2933 (lamera
1044 2880 1218 2933 constituunt

272 2987 436 3042 Tribunalia
452 3026 1216 3042 ..................
1254 3003 1272 3044 a
1308 2988 1344 3041 82

161 3092 205 3146 84.
226 3092 264 3148 lle
284 3093 448 3162 procedendi
468 3093 576 3170 ratione
583 3131 1217 3147 ...............
1254 3111 1270 3145 a
1307 3092 1343 3146 83

161 3199 204 3254 85.
225 3199 346 3254 Auditor
364 3199 496 3254 Gamerae
515 3201 611 3268 Apost.
632 3203 674 3254 est
693 3198 776 3254 iudex
789 3199 946 3254 ordinarius
958 3216 993 3254 ex
1006 3200 1066 3254 iure
1079 3201 1218 3254 communi

269 3307 298 3361 in
318 3307 475 3362 universam
496 3307 650 3363 Ecclesiam
677 3346 1217 3361 .............
1255 3324 1273 3364 a
1302 3305 1342 3360 ibi

162 3412 205 3466 86.
226 3411 508 3468 Deeius‘l'ribunali
539 3452 1216 3468 ................
1252 3428 1271 3472 ti
1307 3415 1343 3470 85

161 3517 205 3570 87.
225 3517 343 3572 boetus
362 3516 551 3586 competentia
586 3556 1217 3571 ...............
1254 3532 1272 3576 a
1308 3519 1344 3573 86

161 3623 204 3677 88.
225 3623 291 3682 Eius
311 3623 475 3692 procedendi
494 3623 568 3678 ratio
587 3664 1082 3678 ............
1111 3666 1127 3690 Δ.
1164 3666 1171 3678 .
1209 3667 1216 3680 .
1253 3626 1343 3684 »ibi

247 3787 265 3848 ἓ
288 3783 311 3836 l.
332 3784 509 3838 Describitur
523 3801 578 3855 per
596 3802 730 3856 suprema
750 3786 928 3853 lineamenta,
947 3788 1062 3856 antiqua
1080 3797 1106 3840 et
1124 3787 1261 3841 hodierum

199 3893 298 3945 curiae
318 3891 466 3959 ordinatio,
486 3893 577 3962 quoad
596 3908 706 3947 omnem
725 3893 816 3947 civilis
836 3901 862 3946 et
881 3893 979 3947 eccles·
994 3892 1172 3963 principatus
1188 3901 1307 3961 partem.

163 4049 207 4103 89.
227 4048 346 4104 Cuinam
366 4051 502 4120 principio
520 4051 717 4107 informaretur
735 4052 875 4107 ordinatio
894 4052 989 4108 curiae
1010 4056 1076 4106 ante
1100 4051 1220 4106 eversio·

270 4171 335 4210 nem
353 4172 447 4210 rarum
466 4156 640 4226 publicarum
659 4159 710 4211 snb
729 4159 785 4212 fine
804 4157 892 4227 elapsi
912 4157 1035 4212 saeculi.
1074 4197 1081 4210 .
1118 4195 1124 4209 .
1163 4197 1170 4210 .
1204 4173 1272 4228 pap.
1309 4157 1344 4210 87

164 4259 207 4313 90.
228 4259 337 4321 Quanta
356 4261 545 4316 sollicitudine
565 4263 715 4318 Pontifices
737 4263 964 4318 adlaboraverint
984 4264 1013 4316 iu
1036 4266 1143 4317 rectam
1161 4261 1221 4316 'l'ri-

272 4367 416 4422 buualium
436 4367 640 4424 ordinationem
659 4373 687 4424 et
706 4369 933 4424 reformationem
945 4408 1219 4423 .......
1256 4383 1274 4425 >
1309 4369 1345 4422 89

260 4573 262 4580 y
308 4513 368 4567 Suc.
387 4513 465 4582 Lequ
1168 4512 1204 4568 35
