3292 5109
227 240 229 249 ’
320 239 364 305 48
837 264 922 310 raas
947 263 983 309 ιι.

318 386 427 466 agunt.
451 379 594 448 Proinde
621 390 749 451 cautum
774 384 835 450 fuit
857 390 892 449 ut
915 384 1089 451 Auditores
1111 382 1145 451 S.
1171 387 1274 453 Rotae
1297 386 1497 472 eligerentur

319 507 341 571 ii
364 509 417 592 qui
445 506 580 576 honesto
614 530 736 597 genere
768 510 833 575 nati
865 509 948 575 bona
979 510 1139 577 haberent
1169 512 1410 601 patrimonialia
1435 532 1496 597 pro

318 633 445 701 decenti
478 638 725 711 sustentatione;
749 642 922 722 praeterea
949 635 1104 701 nonnulla
1131 636 1322 701 munuscula
1342 655 1364 699 a
1389 637 1493 720 Papa.

319 759 408 842 quasi
431 756 470 822 ad
493 760 591 823 animi
618 759 704 845 grati
726 742 1011 845 significationem,
1036 761 1207 845 percipere
1238 766 1494 834 consueverunt;

316 880 445 966 aliquod
465 900 543 945 vero
567 882 815 947 emolumentum
833 901 875 946 ex
891 880 1044 965 sportulis
1060 898 1117 945 seu
1134 881 1276 966 propinis
1298 880 1494 967 litigantium

316 1004 364 1068 eis
394 1002 602 1069 derivabatur
623 1002 680 1089 (1).
705 1002 766 1069 Sed
794 1002 870 1088 quia
899 1002 1017 1069 abusus
1048 1000 1122 1067 inde
1153 1001 1265 1069 faciles
1291 1001 1490 1076 oriebantur,

318 1126 396 1192 Pius
411 1128 461 1192 IV
476 1130 508 1193 in
533 1128 640 1193 Const.
657 1128 700 1192 In
716 1132 814 1193 trono
838 1125 987 1193 iustitiae
1011 1162 1028 1176 ·
1053 1126 1103 1193 De
1125 1126 1370 1210 resumptione
1386 1127 1494 1195 Rotae

316 1270 490 1323 romanae,
509 1250 673 1336 prohibuit
695 1250 823 1317 urt.17
847 1269 1080 1335 quamcumque
1102 1251 1284 1334 pactionem
1307 1251 1370 1316 hac
1392 1251 1433 1315 de
1456 1271 1495 1317 re

316 1379 403 1444 inter
419 1378 591 1444 Auditcres
606 1384 639 1443 et
660 1377 822 1463 litigantes
838 1382 871 1442 et
894 1378 927 1441 in
948 1383 1071 1443 certam
1097 1397 1280 1443 mensuram
1304 1378 1492 1464 prevalere

316 1522 485 1569 causarum
516 1504 627 1568 statuit
648 1503 742 1566 taxas
764 1520 785 1566 a
807 1501 1006 1587 litigantibus
1030 1501 1210 1575 solvendas.
1231 1521 1314 1586 quae
1336 1521 1401 1566 noa
1424 1503 1492 1569 Au-

404 1714 443 1787 (l)
463 1717 490 1769 lu
512 1716 564 1769 vol.
580 1715 598 1781 1,
619 1732 645 1767 n.
658 1715 693 1768 80
711 1714 862 1774 docuimus.
877 1714 1007 1783 propinas
1025 1732 1074 1768 scu
1093 1714 1234 1784 sportulas
1250 1714 1387 1768 iudicibus
1406 1715 1493 1768 inter·

314 1822 402 1877 dictas
415 1823 499 1877 fuisse
518 1838 535 1875 a
553 1822 613 1875 iure
632 1820 770 1874 communi
789 1820 938 1886 eanonic03
958 1820 1008 1874 has
1021 1837 1087 1875 vero
1104 1821 1260 1891 permisisse
1278 1820 1322 1874 ius
1340 1820 1423 1874 civile
1437 1820 1493 1873 lto·

314 1944 467 1993 manorum,
487 1933 517 1984 et
537 1928 594 1983 fere
613 1926 753 1999 usquead
774 1927 887 1981 initium
912 1927 1033 1982 labentis
1058 1925 1163 1982 saeculi
1183 1926 1284 1997 passim
1303 1925 1375 1995 apud
1399 1926 1492 1981 curias

314 2034 410 2091 civiles
423 2035 450 2088 in
465 2050 541 2089 more
561 2035 652 2090 tuisse.
670 2035 762 2089 Etiam
782 2034 809 2088 in
829 2035 908 2089 curia
921 2050 1036 2089 romana
1048 2033 1184 2088 iudicibus
1196 2034 1242 2104 qui
1257 2033 1405 2103 praecipue
1422 2049 1491 2103 age·

314 2143 382 2195 bant
400 2142 514 2211 negotia
531 2140 686 2196 saecularia
704 2142 868 2211 permissum
886 2140 940 2195 fuit
958 2142 1011 2195 sibi
1030 2157 1181 2211 congruam
1200 2156 1361 2209 comparare
1380 2147 1492 2196 sustan-

313 2247 448 2302 tationem
468 2264 502 2301 ex
521 2247 644 2315 propinis
661 2264 709 2303 seu
729 2246 870 2317 sportulis,
883 2264 953 2318 quas
977 2247 1085 2302 ratione
1108 2245 1310 2302 determinatae
1330 2252 1411 2299 taxas
1430 2245 1492 2300 liti-

313 2358 412 2423 gantes
430 2353 617 2423 praestabant.
637 2350 716 2405 Hune
734 2368 840 2406 morsm
853 2350 1034 2407 vehementer
1051 2355 1081 2405 et
1098 2351 1221 2404 maxima
1239 2348 1335 2403 iudicii
1356 2348 1487 2405 libertate

313 2456 479 2511 condemnat
499 2454 536 2510 De
550 2454 634 2519 Luca,
646 2453 773 2524 pluribus
791 2454 820 2507 in
838 2452 917 2520 locis,
935 2457 965 2507 at
984 2454 1131 2523 praecipue
1144 2453 1173 2507 iu
1187 2453 1232 2507 tid.
1246 2453 1288 2508 Dc
1300 2427 1366 2507 Iud..
1379 2454 1434 2505 Dis.
1446 2452 1492 2507 39

312 2582 339 2619 n.
352 2564 397 2631 31,
410 2562 502 2617 aiens:
520 2560 619 2618 «Cum
633 2570 726 2615 autem
743 2562 816 2615 inter
836 2576 970 2629 expensas
989 2559 1048 2614 litis
1066 2558 1123 2613 sint
1141 2559 1391 2629 supraeuunciatae
1408 2575 1489 2629 sper-

313 2668 389 2722 tulae
413 2684 462 2721 seu
488 2666 635 2735 propinaa;
653 2664 718 2719 hinc
740 2667 789 2720 sub
813 2665 927 2719 silentio
954 2665 1096 2720 involvere
1124 2680 1180 2719 non
1208 2680 1318 2734 mesum
1347 2666 1489 2735 proprium

312 2790 431 2839 sensum,
447 2788 528 2843 quem
550 2771 634 2826 habui
656 2773 691 2826 ab
711 2772 771 2839 ipso
797 2771 879 2824 initio
903 2786 958 2842 quo
977 2769 1088 2846 Curiam
1113 2770 1255 2839 ingressus
1282 2787 1343 2824 sum
1370 2786 1490 2841 cumque

311 2878 459 2950 practicari
478 2876 565 2947 coepi.
585 2875 615 2930 ln
634 2876 730 2930 multis
752 2876 827 2931 anim
846 2876 906 2929 eius
924 2875 1018 2947 stylus
1036 2874 1143 2944 placuit
1160 2874 1332 2945 nimiumque
1350 2890 1491 2929 commen-

312 2984 412 3039 dabilis
429 2984 511 3043 visus¹
526 2986 576 3048 est,
595 2982 663 3037 adeo
682 2987 714 3037 ut
731 2982 795 3037 aliis
814 2982 899 3036 curiis
919 2998 952 3036 ac
971 2980 1158 3036 tribunalibus
1181 2981 1373 3051 exemplaret
1392 2995 1490 3034 norma

311 3093 411 3149 merito
430 3104 490 3147 essa
508 3092 608 3147 debere
627 3091 761 3157 videatur,
776 3106 832 3146 non
851 3095 946 3145 tamen
966 3089 1072 3161 placuit
1090 3090 1119 3144 in
1138 3088 1191 3143 bac
1209 3093 1288 3159 parte
1373 3088 1489 3161 Semper

310 3201 385 3256 enim
403 3200 557 3268 incongrua
581 3199 689 3253 videtur
714 3200 837 3253 mixtura
862 3197 997 3268 pecuniae
1021 3214 1083 3251 cum
1103 3196 1343 3251 administratione
1362 3196 1489 3253 iustitiae

310 3325 361 3380 pro
384 3324 439 3379 qua
464 3306 590 3376 princeps
615 3311 726 3361 tenetur
750 3307 855 3361 salaria
872 3313 903 3362 et
920 3307 1059 3376 stipendia
1082 3306 1260 3377 suppeditare
1279 3323 1313 3361 ex
1333 3305 1489 3361 redditibus

311 3418 482 3489 principatus
495 3430 577 3471 ....»
596 3416 659 3469 Sub.
679 3432 705 3469 a.
725 3416 767 3469 34
786 3416 832 3469 cit
854 3418 960 3470 Auctor
977 3414 1088 3469 scribit:
1104 3427 1122 3470 a
1139 3414 1214 3469 lotar
1232 3429 1329 3469 omues
1348 3415 1488 3485 principes

310 3524 404 3580 nullus
431 3523 584 3594 promptius
605 3539 638 3576 ac
663 3522 762 3577 melius
787 3539 804 3576 a
828 3522 964 3575 ministris
988 3525 1018 3576 et
1037 3507 1187 3591 operariis,
1207 3520 1236 3573 in
1261 3520 1296 3574 iis
1321 3519 1487 3589 praesertim

308 3644 380 3701 quas
399 3633 570 3683 concernunt
583 3627 706 3696 regimen
725 3626 808 3681 uirile
828 3627 981 3697 pacitlcum,
992 3626 1101 3681 obtinet
1118 3642 1151 3679 ac
1169 3626 1297 3681 obtinere
1316 3628 1407 3695 potest
1424 3640 1486 3679 sar-

307 3736 407 3793 vitium
426 3754 509 3808 quam
522 3737 598 3806 Papa
616 3734 707 3807 (cuius
726 3742 818 3791 tamen
833 3752 994 3791 econverso
1013 3734 1134 3790 deterior
1153 3751 1214 3789 esse
1234 3734 1344 3789 videtur
1363 3734 1487 3804 conditio

307 3842 338 3897 in
355 3840 510 3911 belligeris)
523 3841 558 3894 ob
573 3857 701 3910 magnam
721 3840 830 3911 copiam
849 3839 1050 3905 praelatorum,
1060 3839 1107 3910 qui
1123 3838 1224 3894 divites
1242 3840 1368 3910 beneque
1381 3839 1486 3909 provisi

309 3946 342 4002 de
360 3946 472 4016 proprio
490 3946 605 4015 cupiunt
617 3950 701 4016 atque
714 3944 842 4000 ambiunt
859 3945 1021 3999 occasiones
1039 3943 1206 3999 inserviendi
1220 3960 1275 3997 non
1293 3942 1384 3998 solum
1396 3944 1487 4013 gratis

308 4051 356 4105 sad
374 4050 459 4105 etiam
477 4068 540 4105 cum
560 4050 677 4105 notabili
695 4055 805 4120 sumpto
823 4050 856 4107 ds
876 4051 996 4121 proprio,
1015 4055 1046 4105 ut
1064 4049 1227 4121 quotidiana
1245 4049 1338 4119 praxis
1355 4047 1437 4105 docet
1454 4049 1485 4106 iu

308 4156 448 4228 aliquibus
460 4156 636 4212 Nuntiaturis
654 4161 683 4211 et
702 4155 961 4226 Vicelsgatienibus
979 4157 1098 4228 aliisque
1116 4155 1279 4222 Guberniis3
1299 4172 1332 4210 ac
1350 4156 1435 4210 etiam
1455 4156 1485 4211 in

308 4260 387 4314 curia
398 4261 427 4315 in
440 4259 483 4314 his
496 4259 642 4327 Praelata,
652 4260 699 4332 qui
714 4264 783 4314 'sunt
796 4264 925 4315 votames
939 4260 1106 4330 Signaturae
1119 4258 1246 4313 Iustitiae
1259 4273 1379 4313 necnon
1398 4258 1486 4313 inter·

307 4368 425 4423 veniunt
451 4368 480 4421 in
508 4367 648 4439 aliquibus
672 4366 942 4437 Congregationibus
963 4371 993 4423 at
1014 4366 1176 4437 praesertim
1198 4366 1228 4420 iu
1250 4365 1300 4421 illa
1318 4363 1480 4421 Consultae.
