3292 5109
288 291 333 353 37
335 290 358 354 6
818 315 904 361 raas
928 315 965 361 11.

290 432 387 499 [rbe.
403 435 511 519 ibique
525 447 747 521 repraesentat
762 456 935 522 pei-snam
954 439 1072 525 Papae,
1089 461 1154 504 nou
1169 455 1330 525 tamquam
1344 438 1467 527 Papae,

286 558 345 625 sed
367 566 529 645 tamquam
551 564 700 648 Episcopi
719 564 865 629 Romani.
890 585 963 629 cum
980 566 1076 651 plena
1100 568 1320 631 iurislictiuue
1336 566 1469 652 Episctr

288 688 352 773 pali
375 689 581 753 excercenda
601 705 667 754 tam
690 690 825 754 absente
850 712 948 775 quam
979 700 1150 777 praesente
1183 695 1281 779 Papa
1305 697 1397 758 iuxta
1427 714 1468 758 ea

287 828 372 892 quae
393 812 601 876 cumulantur
614 814 714 879 decit.
739 814 798 879 62.
818 820 899 897 post
920 817 1045 881 calleci.
1062 818 1160 901 lepnt.
1186 816 1351 889 Bondeni,
1367 815 1469 880 aduo-

288 932 432 1015 taritque
453 932 634 998 Cardinalis
650 934 691 998 de
710 935 807 1013 Luca,
825 935 876 1001 De
891 937 1123 1003 iurisdictione
1145 938 1226 1003 diae.
1243 936 1302 1012 31,
1319 960 1352 1003 a.
1368 939 1413 1001 to
1432 962 1466 1001 ι.

355 1058 454 1122 “aa
478 1060 550 1123 Non
581 1080 675 1124 secus
701 1082 741 1124 ac
772 1080 920 1144 quaeque
950 1063 1014 1125 alia
1043 1061 1217 1137 dioecesis,
1251 1064 1397 1127 Romana
1426 1062 1467 1126 ab

287 1183 360 1247 aliis
383 1183 589 1270 distinguitur
611 1188 738 1251 ratione
760 1189 842 1250 certi
866 1189 1039 1254 cerrino-ii.
1064 1188 1150 1271 quod
1173 1191 1284 1253 vocari
1312 1189 1392 1253 solet
1419 1188 1468 1253 tli-

286 1308 434 1373 statana.
463 1309 526 1373 llic
557 1310 654 1373 hodie
683 1311 888 1396 petendam·
919 1331 1019 1395 usque
1049 1312 1089 1374 ad
1120 1312 1400 1397 quadragesimum
1426 1311 1466 1374 ab

290 1434 377 1501 l'rlie
400 1435 590 1509 miliat·iunt;
613 1436 669 1500 sed
691 1438 868 1519 antiquitus
891 1437 1055 1521 usquead
1078 1440 1288 1503 centesimum
1320 1438 1467 1522 porrige·

289 1560 394 1624 hatur.
418 1561 539 1625 Tractu
554 1563 640 1624 enim
663 1566 818 1646 temporis
835 1583 907 1626 cum
931 1562 1007 1625 ditio
1031 1564 1162 1647 politica
1187 1562 1350 1627 Praefecti
1372 1562 1467 1628 Urbis

288 1684 376 1747 intra
399 1683 486 1747 hunc
508 1684 662 1749 ambitum
685 1683 827 1750 coltilit'a
852 1686 959 1765 luerit,
984 1685 1161 1749 iutislictin
1191 1686 1384 1749 dioecesana
1410 1686 1467 1749 Ec-

287 1806 468 1873 clesiastica
491 1808 619 1873 eosdem
644 1810 762 1873 limites
782 1810 935 1895 amplexa
956 1819 1015 1875 est.
1042 1810 1145 1875 Huius
1168 1812 1216 1874 rei
1234 1810 1467 1875 vicissitudines

287 1929 458 1994 histoncas
481 1943 512 1995 et
543 1933 685 1995 ratlones
708 1932 861 1997 iuridicas
893 1934 958 1998 late
989 1943 1244 2016 prosequuntur.
1269 1933 1356 1995 inter
1384 1932 1465 1995 alios

287 2052 384 2119 Card
411 2052 574 2120 Petraia
607 2057 791 2122 Commeat.
818 2057 867 2121 ad
900 2058 1009 2122 Coast.
1040 2058 1060 2121 l
1084 2057 1189 2121 Perdi
1219 2057 1273 2122 ll.
1301 2062 1334 2121 et
1363 2058 1468 2120 Bene·

287 2179 392 2245 dictus
415 2181 508 2248 Xll'.
532 2183 583 2247 De
607 2184 689 2268 Syn.
713 2183 862 2247 Dioeces.
887 2183 941 2248 oa.
966 2183 1005 2263 2,
1030 2204 1058 2249 c.
1081 2182 1116 2247 2.
1143 2218 1161 2230 -
1187 2184 1312 2247 l'erum
1336 2184 1411 2265 quia
1434 2182 1468 2245 iu

286 2302 408 2368 ambitu
431 2305 644 2390 quadraginta
667 2307 879 2370 miliariorum
904 2307 988 2369 aliae
1011 2306 1184 2385 dioeceses,
1202 2306 1392 2389 praesertim
1409 2304 1467 2369 Su-

287 2428 499 2511 burbicariae‚
522 2430 631 2514 aliqua
652 2432 811 2495 territorii
835 2436 927 2516 parte
958 2434 1175 2505 continentur,
1200 2430 1366 2494 inductum
1393 2429 1464 2496 tuit

286 2552 391 2635 quoad
418 2552 490 2617 loca
512 2552 651 2617 aliarum
677 2553 859 2617 dioecesum
892 2556 925 2618 iu
957 2553 1104 2619 districtu
1130 2553 1225 2618 l'rbis
1248 2554 1371 2617 Romae
1393 2554 1467 2616 exi-

286 2678 413 2747 stentia,
438 2678 682 2742 cuticulatirom
710 2697 871 2741 exercere
898 2678 1150 2743 iurisdictionem
1182 2682 1214 2741 et
1247 2676 1341 2742 Card.
1368 2676 1468 2741 Vica-

288 2800 369 2863 rium
393 2805 426 2864 et
450 2802 629 2885 respective
653 2800 846 2867 Ordinarios
870 2801 997 2866 illarum
1028 2801 1221 2865 dioecesum.
1255 2804 1296 2865 At
1325 2799 1464 2864 Benedi-

285 2928 373 2987 ctum
403 2923 486 2988 XIV
511 2924 619 2989 Const.
650 2924 829 2990 Romanae
863 2924 987 2991 Curiae
1016 2925 1134 2988 limites
1165 2923 1392 2990 iurisdictionis
1422 2923 1464 2987 ad

287 3046 435 3111 vitandas
457 3047 662 3111 confusiones
689 3047 804 3111 melius
836 3046 1071 3119 determinavit,
1096 3047 1180 3130 quod
1207 3046 1295 3111 inlra
1323 3046 1469 3131 explica·

286 3166 400 3233 bimus.

374 3294 451 3359 300.
468 3296 551 3369 Quia
566 3296 656 3380 Papa
669 3299 802 3379 praeter
824 3294 1042 3359 universalem
1066 3296 1237 3378 primatum
1254 3296 1287 3358 in
1303 3292 1465 3365 Ecclesia,

286 3414 383 3481 habet
398 3419 494 3481 etiam
517 3418 704 3502 dignitatem
725 3416 938 3482 Patriarchae
955 3415 1153 3497 Occidentis,
1173 3416 1324 3481 Primatis
1342 3416 1466 3482 Italiae.

284 3548 318 3607 et
333 3542 558 3628 Metropolitae
573 3544 760 3627 provinciae
777 3544 942 3608 Romanae
959 3544 1055 3623 iuvat,
1073 3562 1133 3627 pro
1149 3544 1220 3605 iure
1243 3562 1306 3625 qun
1329 3542 1463 3619 utimur,

287 3667 451 3750 inquirere
473 3673 596 3733 tantum
615 3669 656 3735 de
673 3668 795 3733 iuribus
819 3667 1077 3751 llletropoliticis;
1094 3672 1129 3731 ut
1144 3664 1310 3731 rideamus
1325 3685 1366 3729 an
1382 3666 1466 3731 haec

286 3796 470 3875 competant
493 3792 588 3858 Card.
613 3792 642 3855 V
646 3794 744 3857 icario
770 3793 888 3877 Papae.

376 3917 557 3999 Antequam
580 3917 612 3979 iu
638 3915 733 3979 Italia
755 3915 839 3978 aliae
863 3914 1139 3980 constituerentur
1155 3912 1324 3977 Ecclesiae
1347 3912 1467 3976 Metro·

285 4041 456 4126 politanae,
481 4041 527 4127 (et
550 4043 654 4128 prima
676 4042 738 4107 fuit
761 4042 910 4108 Ecclesia
934 4040 1194 4127 llediolanensis)
1225 4042 1373 4107 Ecclesia
1406 4042 1467 4105 Ro-

285 4188 381 4233 mana
402 4169 482 4233 alias
505 4168 668 4233 dioeceses
692 4168 751 4233 sibi
775 4166 980 4233 devinciebat
1003 4167 1036 4229 in
1065 4166 1160 4232 Italia
1183 4168 1254 4232 iure
1279 4168 1375 4232 eliam
1400 4166 1468 4231 llle·

287 4298 341 4357 tro
363 4292 483 4356 oliticO.

341 4313 419 4477 pAt
441 4414 558 4497 passim
582 4412 762 4477 constitutis
782 4411 938 4476 Ecclesiis
956 4410 1202 4497 Metropoliticis
1226 4413 1259 4475 iu
1284 4410 1387 4483 ltalia,
1407 4410 1468 4473 tto
