3292 5109
352 271 415 335 144
875 290 961 338 rans
984 290 1021 338 11.

348 414 424 501 quid
451 418 506 480 aut
537 412 745 479 Praesnlibus
771 417 828 478 ant
857 409 1003 479 fidelibus
1033 413 1195 479 universis
1225 411 1441 499 praecipitur,
1466 427 1518 473 na·

348 540 452 605 tiones
468 557 593 622 quoque
615 538 777 622 attingunt
792 536 949 603 obnoxias
971 538 1121 623 regimini
1145 542 1179 603 et
1197 533 1411 601 moderationi
1434 531 1519 597 hnins
1591 597 1595 608 ,

349 658 380 725 S.
405 658 671 745 congregationis
693 657 749 743 (l).

441 782 513 849 125.
530 783 574 847 At
589 781 765 847 iurisdictio
780 784 814 847 in
831 783 979 849 Ecclesia
1000 788 1177 851 exercetur
1191 784 1225 849 in
1244 788 1355 849 ccrtm
1376 780 1519 860 subditos,

348 906 515 973 distinctos
546 907 672 971 ratione
701 907 877 982 territorii;
909 925 1011 990 qnare
1042 909 1133 973 iuvat
1162 909 1313 993 regiones
1343 902 1521 969 describere

348 1027 426 1093 huic
449 1027 698 1113 Congregationi
723 1030 917 1093 commissas.
937 1064 954 1077 -
973 1030 1041 1093 Pro
1064 1031 1176 1095 nativa
1190 1029 1408 1115 competentia
1427 1024 1520 1091 eidem

349 1154 562 1219 subiiciuntur
576 1153 649 1217 loca
667 1154 864 1226 missionum,
881 1152 934 1217 ubi
949 1154 1121 1239 Evangelii
1137 1172 1317 1241 praecones
1340 1150 1522 1216 adlaborant

350 1276 414 1341 illis
438 1274 621 1361 regionibus
641 1274 867 1359 conquirendis
883 1275 988 1341 stabili
1006 1277 1174 1343 Ecclesiae
1189 1275 1352 1362 regimini.
1369 1310 1388 1323 ·
1405 1275 1521 1341 Vemm

268 1380 271 1387 ’
350 1402 471 1467 factum
494 1406 543 1465 est
566 1406 601 1465 ut
623 1400 784 1471 instituta,
808 1398 917 1483 aliquo
941 1400 974 1462 in
998 1404 1103 1471 statu,
1128 1400 1298 1465 Ecclesiae
1321 1396 1522 1476 Hierarcbia,

350 1526 562 1609 perseverent
594 1520 725 1585 eaedem
753 1522 906 1605 regiones
931 1518 1066 1586 subesse
1096 1520 1232 1605 imperio
1265 1520 1362 1585 buius
1386 1519 1523 1603 congre

350 1648 497 1732 gationis,
522 1645 621 1711 veluti
645 1644 763 1711 accidit
786 1646 816 1710 in
843 1644 973 1730 Anglia
998 1646 1031 1709 in
1055 1643 1197 1711 Statibus
1214 1644 1390 1709 Americae
1415 1640 1525 1706 Foede

351 1772 440 1852 ratis,
458 1775 490 1835 et
504 1772 537 1835 in
554 1770 654 1836 lndiis
671 1770 901 1838 Orientalibus.
921 1804 940 1819 -
958 1770 1074 1835 Visum
1090 1776 1139 1835 est
1159 1771 1246 1835 enim
1262 1768 1325 1833 illis
1348 1764 1527 1841 nationibus

350 1897 452 1982 magis
487 1899 738 1961 consentaneum
773 1914 844 1959 esse
875 1895 925 1959 ius
955 1892 995 1959 de
1028 1892 1245 1979 Propaganda
1276 1890 1358 1956 Fide
1392 1889 1527 1975 speciale

351 2024 483 2106 eiusque
506 2019 701 2105 procedendi
725 2021 816 2092 ratio,
842 2037 938 2104 qnam
962 2020 1065 2103 ipsum
1090 2021 1139 2085 ius
1161 2037 1345 2090 commune.

410 2217 414 2232 ¹
441 2145 494 2211 Ex
516 2144 731 2228 descriptione
753 2161 849 2226 qnam
872 2142 977 2208 refert
999 2143 1069 2228 ipsa
1090 2143 1122 2209 S.
1139 2143 1358 2229 Congregatio
1374 2142 1409 2204 in
1425 2136 1528 2205 libello

352 2273 404 2337 cit.
428 2270 607 2335 Missioncs
631 2267 813 2334 catholicae
837 2268 1026 2351 descriptae
1054 2268 1114 2332 has
1138 2267 1333 2333 desumimus
1365 2282 1530 2351 supremas
1606 2275 1607 2346 ξ

350 2396 532 2461 divisiones.
560 2393 606 2479 (2)
635 2428 652 2441 ·
683 2392 787 2457 Porro
822 2412 888 2475 pro
918 2393 1137 2460 sammonicus
1166 2393 1254 2459 ritus
1289 2391 1392 2458 latini
1429 2390 1530 2457 eidem

352 2519 502 2585 subsunt:

441 2798 480 2872 (l)
501 2798 627 2867 Exempli
648 2816 738 2865 causa,
751 2798 845 2853 Const
862 2800 1023 2871 Officiorum
1037 2818 1125 2871 nuper
1144 2802 1220 2856 edita
1238 2804 1346 2868 (mense
1365 2798 1534 2858 lan.1897l

352 2905 427 2959 clrca
446 2902 661 2973 prohibitionem
675 2906 703 2956 et
716 2918 860 2957 censuram
879 2900 1012 2958 librorum
1033 2903 1142 2973 obligat
1160 2919 1257 2959 omnes
1274 2903 1373 2959 fideles
1388 2905 1470 2959 orbis
1488 2904 1536 2957 cn·

353 3007 451 3064 tholrci
464 3008 568 3077 absque
581 3007 640 3061 ullo
652 3006 818 3073 discrimine,
832 3008 855 3061 si
868 3024 902 3063 ea
921 3026 1010 3077 pauca
1024 3008 1119 3064 demas
1131 3025 1204 3079 quae
1216 3025 1352 3081 expresse
1368 3009 1405 3062 ad
1421 3008 1467 3063 ius
1479 3024 1536 3077 spe

353 3115 425 3171 ciale
448 3112 531 3167 huius
550 3112 576 3166 S.
590 3112 675 3181 cong.
695 3129 724 3167 se
745 3114 877 3168 referunt.
891 3142 904 3154 -
918 3112 971 3167 Sed
985 3113 1103 3168 celebris
1122 3119 1164 3169 est
1177 3118 1207 3169 et
1218 3114 1389 3185 perantiqua
1408 3114 1536 3183 exceptio

353 3224 428 3277 iacta
439 3220 528 3293 quoad
543 3220 656 3289 popolos
668 3219 819 3275 orientales
831 3235 901 3290 quos
910 3217 1027 3289 'respicit
1041 3218 1185 3274 decretum
1197 3220 1281 3275 hirius
1294 3221 1382 3291 cong.
1400 3224 1441 3275 de
1453 3220 1536 3301 ΡΨ).

353 3328 433 3393 Fide,
452 3327 510 3379 diei
522 3326 542 3377 4
556 3324 624 3379 Iulii
637 3326 718 3391 1631,
738 3325 812 3380 hisce
832 3325 959 3379 terminis
978 3331 1157 3395 conceptum:
1176 3325 1318 3383 ‹Subditi
1337 3331 1466 3397 quatuor
1484 3326 1537 3381 Pa·

353 3428 538 3484 triarcharum
558 3428 673 3484 orientis
692 3445 745 3482 non
765 3430 897 3499 legantur
918 3430 998 3483 novis
1017 3429 1174 3484 Pontificiia
1193 3428 1464 3497 constitutionibus,
1486 3428 1537 3484 nisi

353 3539 382 3592 in
396 3538 484 3593 tribus
498 3537 619 3591 casibus:
635 3537 659 3601 l)
674 3538 702 3589 in
716 3538 834 3592 materia
846 3538 1007 3607 dogmatum
1021 3537 1100 3601 fidei3
1119 3537 1147 3609 2)
1160 3539 1183 3591 si
1197 3538 1274 3608 Papa
1286 3539 1426 3609 explicite
1440 3540 1471 3595 in
1483 3538 1539 3592 suis

354 3646 605 3701 constitutionibus
620 3646 704 3701 iaciat
718 3645 887 3701 mentionem
900 3650 929 3700 et
941 3646 1070 3715 disponat
1083 3645 1118 3700 de
1131 3646 1297 3715 praedicti„
1317 3645 1346 3714 3)
1360 3648 1383 3701 si
1398 3646 1540 3720 implicite

354 3752 384 3805 in
401 3750 504 3806 eisdem
523 3750 773 3805 Constitutionibus
797 3751 832 3806 de
857 3752 897 3805 eia
921 3751 1057 3819 disponat,
1078 3749 1158 3804 utin
1177 3751 1290 3805 casibus
1311 3751 1539 3822 appellationum

355 3855 389 3909 ad
406 3857 529 3911 futurum
549 3854 697 3910 concilium
715 3869 741 3912 r.
761 3855 895 3909 Rationes
912 3854 1092 3910 resolutionis
1107 3855 1267 3926 desumptas
1280 3874 1316 3913 ex
1328 3857 1542 3928 antiquioribus

353 3960 526 4015 documentis
550 3961 583 4013 ci.
608 3960 637 4013 in
660 3959 836 4015 Collectanea
861 3961 966 4013 cit-de
991 3960 1075 4031 Prop.
1096 3960 1182 4029 Fide,
1198 3980 1265 4035 pap.
1289 3962 1358 4016 797
1377 3964 1391 4030 d
1412 3962 1499 4017 1999
1516 3971 1542 4016 et

352 4078 419 4134 pap.
439 4062 484 4115 56
501 4064 514 4129 d
533 4063 593 4116 113.

444 4169 484 4237 (2)
503 4166 544 4223 Ne
563 4169 642 4222 nobis
660 4167 761 4238 aliquis
779 4173 942 4222 succenseat
964 4168 1126 4224 innumeras
1150 4169 1331 4239 omissiones,
1350 4173 1460 4227 iterum
1480 4188 1543 4242 pro-

355 4278 491 4331 testamur
515 4273 587 4327 hanc
611 4272 823 4343 descriptionem
848 4274 909 4329 fieri
933 4292 983 4344 per
1007 4292 1137 4345 suprema
1163 4275 1350 4345 lineamenta3
1370 4280 1450 4335 unde
1468 4280 1542 4335 infe·

356 4379 442 4435 riores
460 4378 664 4449 provinciarum
682 4378 885 4435 subdivisiones
903 4379 1067 4436 omittimus
