3292 5109
282 258 349 327 320
811 281 897 330 rsus
921 282 958 329 11.

282 403 365 469 haec
388 405 486 470 habet
509 405 687 480 Avanzini‚
711 406 799 473 Acta
822 404 858 472 S.
877 404 975 473 Sedis
997 406 1019 471 Ι
1038 406 1129 490 App.
1146 407 1273 473 XIII‹
1290 407 1321 472 S.
1347 405 1470 470 Poeni-

282 532 436 595 tentiaria
459 550 622 616 nunquam
645 531 828 597 mercedem
852 551 910 597 seu
933 534 1227 600 remunerationem
1251 532 1386 619 probis
1409 530 1468 595 de·

281 655 485 731 terminavit3
517 656 637 721 scimus
659 661 782 729 tamen.
807 658 904 742 praxi
927 658 1088 742 inspecta,
1112 679 1212 723 unum
1236 657 1369 723 circiter
1392 675 1469 719 scn-

282 784 393 853 tatum
411 782 562 846 nimirum
580 783 720 867 quinque
742 782 886 866 francos
908 802 1002 868 posse
1025 782 1065 848 ab
1081 784 1261 870 Agentibus
1284 784 1382 869 exigi,
1406 793 1469 869 pro

281 903 462 970 huiusmodi
487 906 733 991 dispensationis
758 908 934 992 rescriptis.
960 906 1068 973 Labor
1083 910 1137 993 qui
1152 908 1193 973 ab
1208 907 1328 973 eisdem
1345 909 1468 992 impen-

282 1026 368 1093 ditur
391 1002 501 1113 gravis
532 1048 598 1095 non
631 1034 697 1105 est;
731 1030 897 1097 reducitur
928 1032 1014 1095 enim
1041 1031 1082 1097 ad
1112 1031 1302 1097 scribendas
1331 1048 1466 1115 preces.

282 1152 525 1217 concinnandas
548 1172 647 1238 super
664 1152 832 1219 Ordinarii
856 1151 919 1219 fide
942 1173 1060 1238 easque
1077 1154 1285 1240 duplicandos
1301 1160 1334 1220 et
1348 1154 1381 1221 S.
1398 1155 1467 1218 Tri·

281 1275 392 1342 bunali
422 1276 653 1363 porrigendas;
684 1277 775 1343 hisce
803 1280 943 1364 peractis
971 1279 1080 1345 redire
1104 1279 1222 1346 debent
1244 1280 1285 1345 ad
1309 1280 1466 1345 Tribunai

179 1452 181 1459 ,
282 1396 323 1462 ad
354 1400 547 1484 rescriptum
579 1398 799 1483 recipiendum
833 1400 940 1465 soluta
969 1406 1049 1465 taxa
1080 1404 1272 1487 respectiva.
1309 1403 1467 1470 Praeter-

282 1517 423 1583 eundum
447 1525 642 1585 tamennon
666 1526 728 1595 est,
753 1520 838 1607 quod
862 1542 935 1586 cnm
960 1522 1001 1587 de
1024 1521 1314 1608 dispensationibus
1337 1526 1371 1589 in
1394 1543 1466 1609 gra·

282 1641 372 1708 dibus
396 1644 569 1709 maioribus
596 1646 721 1730 egitur,
747 1647 828 1711 istae
852 1666 950 1731 saepe
974 1666 1039 1711 non
1063 1648 1286 1713 conceduntur
1309 1648 1371 1713 nisi
1395 1654 1470 1733 post

197 1810 203 1817 -
282 1767 457 1851 exquisitas
482 1773 514 1835 et
537 1770 688 1855 repetitas
713 1770 881 1837 Ordinarii
907 1770 1171 1848 informationes3
1196 1774 1273 1837 hinc
1295 1771 1390 1837 labor
1412 1793 1467 1838 an·

281 1898 377 1981 getur
392 1914 454 1959 nec
469 1914 534 1959 non
550 1895 732 1961 litterarum
757 1915 923 1981 expensae
939 1896 1139 1981 proindeque
1162 1902 1261 1962 tenua
1284 1896 1379 1962 nimis
1395 1896 1467 1961 red·

282 2020 415 2085 deretur
449 2040 576 2086 summa
610 2020 760 2086 indicata.
794 2022 836 2085 Et
859 2041 878 2085 e
901 2026 1017 2085 contra
1040 2024 1185 2107 Agentes
1208 2024 1257 2086 ius
1280 2021 1403 2087 habent
1424 2020 1466 2085 ad

282 2162 441 2227 expensas
465 2162 543 2227 ques
566 2144 690 2209 faciunt
713 2146 747 2207 in
770 2144 889 2210 litteris
919 2145 1116 2230 recipiendis
1139 2151 1172 2211 et
1195 2145 1358 2211 mittendis
1382 2164 1468 2230 quae

282 2264 448 2329 interdum
473 2286 591 2351 graves
613 2266 711 2335 finnt:
735 2267 813 2332 hinc
829 2287 888 2351 pro
912 2269 1039 2333 ratione
1062 2270 1192 2353 negotii,
1210 2266 1401 2353 prudentiae
1417 2287 1466 2331 re

281 2391 418 2459 mittitur
441 2390 687 2476 supplicantium
719 2392 991 2455 remunerationis
1021 2392 1153 2456 maioris
1175 2393 1231 2458 vel
1255 2392 1390 2455 minoris
1411 2410 1466 2455 so-

280 2514 370 2579 lutio,
395 2514 531 2580 Adverti
556 2516 762 2581 nihilominus
786 2514 890 2589 debet,
916 2535 972 2579 eos
994 2536 1059 2580 non
1082 2536 1177 2601 posse
1208 2518 1343 2602 exigere
1369 2521 1468 2581 taxas

282 2659 363 2723 quae
391 2644 529 2705 statutae
560 2647 635 2705 sunt
662 2660 720 2725 pro
745 2641 954 2725 Apostolicae
981 2642 1133 2705 Datariae
1156 2640 1347 2726 Agentibus.
1381 2639 1466 2704 Illud

156 2767 158 2771 ’
281 2766 366 2830 enim
390 2766 438 2829 ius
454 2763 537 2849 quod
562 2764 673 2829 iisdem
696 2764 809 2829 tribuit
832 2766 966 2829 Dataria
989 2785 1054 2829 non
1076 2765 1190 2831 tribuit
1208 2765 1466 2830 Poenitentiaria

282 2910 363 2974 qnae
387 2890 524 2955 sollicita
547 2894 596 2954 est
622 2889 662 2954 de
685 2910 864 2975 pauperum
896 2892 1051 2975 negotiis;
1076 2892 1223 2976 exigere
1238 2889 1375 2977 proinde
1397 2910 1464 2956 non

280 3021 414 3099 possunt
436 3016 497 3079 nisi
521 3018 647 3082 ratione
670 3016 817 3100 praestiti
841 3013 938 3079 officii
963 3035 1141 3101 congruam
1165 3018 1464 3081 remunerationem

281 3159 320 3205 ac
343 3144 515 3226 praeterea
536 3140 618 3205 nihil
636 3162 665 3205 ».
684 3142 864 3205 Praeterea
880 3139 943 3205 hoc
959 3142 1055 3206 etiam
1079 3140 1269 3205 advertatur
1285 3142 1318 3204 in
1335 3142 1463 3225 praxim

282 3264 565 3336 Poenitentiariae‚
590 3263 786 3328 haedere.
813 3264 948 3338 Quando
976 3266 1030 3330 vei
1059 3266 1100 3332 ab
1128 3248 1316 3331 oratoribus
1339 3266 1466 3331 directe

280 3386 398 3451 veleb
424 3386 615 3461 Ordinario,
640 3387 769 3451 nomine
800 3392 984 3460 oratorum,
1009 3384 1045 3452 fit
1068 3388 1186 3454 oblatio
1210 3389 1248 3455 in
1269 3394 1392 3464 totum,
1416 3390 1465 3453 uti

281 3508 343 3573 dici
367 3510 457 3584 solet,
475 3510 627 3576 videlicet
650 3507 786 3575 offertur
809 3510 919 3594 aliqua
941 3515 1099 3596 pecuniae
1121 3499 1246 3577 summa
1269 3532 1351 3597 quae
1374 3515 1466 3578 satis·

281 3632 380 3697 faciat
403 3634 643 3718 componendae
666 3654 725 3719 pro
751 3634 875 3698 iuribus
899 3636 1051 3702 Datariae
1081 3636 1256 3701 solvendae
1287 3637 1391 3720 quoad
1415 3636 1464 3701 di·

281 3763 500 3843 spensationes
522 3760 593 3841 fori
617 3760 768 3842 extenti,
784 3765 817 3826 et
832 3780 898 3824 una
913 3762 1006 3828 simul
1024 3762 1202 3827 satisfaciat
1218 3762 1342 3827 iuribus
1357 3763 1464 3846 Agen-

280 3886 377 3962 tium,
401 3892 479 3951 tunc
503 3888 530 3952 si
554 3886 671 3951 oblatio
694 3886 735 3950 sit
758 3884 908 3949 undecim
933 3886 1117 3952 libellarum
1139 3888 1192 3952 vel
1218 3887 1313 3968 ultra,
1330 3887 1361 3952 S.
1384 3887 1465 3951 Poe

280 4010 467 4077 nitentiaria
498 4013 580 4077 solet
609 4011 754 4076 tribuere
778 4012 898 4095 Agenti
922 4010 1050 4078 libellas
1081 4014 1221 4096 quinque
1247 4017 1281 4076 et
1304 4012 1463 4095 reliquum

281 4134 414 4218 exigere
438 4154 497 4219 pro
521 4134 644 4200 iuribus
667 4134 835 4208 Datariae;
860 4134 888 4197 si
913 4154 993 4199 vero
1017 4136 1057 4199 sit
1080 4135 1167 4199 infra
1193 4134 1354 4208 undecim,
1379 4134 1464 4199 solet

281 4255 326 4321 ita
349 4272 503 4323 summam
528 4257 673 4324 dividere
697 4263 731 4322 ut
754 4258 875 4343 Agenti
898 4258 1060 4341 relinquat
1082 4258 1202 4342 aliquid
1233 4260 1338 4324 minus
1366 4276 1461 4340 quam

281 4379 459 4461 dimidium;
476 4389 588 4471 utputa
604 4404 646 4449 ex
662 4387 733 4451 octo
750 4382 867 4448 libellis
882 4383 1038 4467 relinquit
1052 4387 1121 4448 tres
1133 4384 1263 4469 Agenti.
1282 4384 1321 4447 In
1344 4388 1463 4448 neutro
