3292 5109
335 276 401 342 132
852 290 936 339 rans
961 291 997 338 11.
1040 317 1042 320 -

325 419 474 501 petrum,
499 414 559 479 sibi
582 414 814 481 interdicentes
838 413 1024 479 facultatem
1048 430 1173 496 quoque
1195 408 1399 497 ingrediendi
1418 406 1512 475 Ordi·

333 560 409 606 uem
435 540 632 625 Religionum
656 539 702 625 (1)
722 540 783 605 nisi
807 540 870 604 hoc
894 537 1058 623 indulgeat
1079 555 1236 622 expressa
1261 535 1394 600 licentia
1415 532 1513 597 huius
1607 585 1608 602 ,

333 663 364 729 S.
395 663 673 749 Congregationis.
698 698 717 713 ·
741 662 921 728 Alexandri
945 662 1010 727 VII
1036 662 1143 728 const.
1173 660 1260 726 Cum
1291 659 1384 725 cis'ca
1412 657 1510 721 iura·

332 785 446 859 menti,
475 786 544 852 diei
566 788 619 852 20
642 788 706 852 Iul.
731 787 832 861 1660,
856 788 924 852 vim
953 786 1125 850 iuramenti
1149 783 1327 849 declaravit
1349 787 1383 847 et
1407 783 1514 867 magis
1607 807 1608 830 1

331 928 520 995 expressam
544 908 665 975 eddidit
687 910 870 975 formulam.

423 1036 495 1103 117.
521 1036 582 1103 Sed
606 1042 777 1123 praeterea
800 1037 920 1100 nomIni
937 1034 1114 1100 christiano
1129 1031 1337 1119 propagando
1358 1050 1511 1095 necessa-

331 1160 401 1225 riae
424 1166 498 1225 sunt
520 1180 597 1245 opes
620 1180 679 1247 pro
703 1160 905 1225 missionibus
929 1158 1159 1225 constituendis
1182 1165 1216 1223 et
1238 1152 1456 1241 provehendis
1479 1158 1512 1218 et
1607 1135 1608 1140 ἵ

332 1285 542 1350 missionariis
566 1283 700 1368 alendis,
721 1304 780 1369 pro
805 1284 894 1348 cultu
920 1282 1029 1348 divino
1052 1282 1186 1365 aliisque
1216 1279 1315 1345 rebus
1345 1278 1376 1343 id
1407 1298 1513 1364 genus

331 1410 493 1476 curandis.
520 1410 605 1475 Huic
630 1411 825 1491 necessitati,
841 1412 888 1475 uti
911 1429 971 1496 par
994 1412 1075 1482 erat,
1093 1428 1166 1473 cum
1189 1408 1302 1492 prImis
1324 1407 1394 1491 ipse
1419 1407 1512 1471 Insti-
1607 1463 1608 1468 ,

330 1542 418 1603 tutor
434 1538 532 1623 Greg.
551 1538 617 1603 XV
633 1538 798 1623 prospexit
822 1539 854 1601 in
878 1538 984 1603 Gonst.
1010 1537 1105 1601 Inter
1126 1533 1338 1616 multiplices,
1354 1537 1512 1611 statuens,

330 1681 443 1727 omnes
455 1663 634 1747 scrIpturas
651 1661 794 1747 publicas
807 1663 875 1726 sive
890 1661 1016 1727 litteras
1031 1679 1129 1745 super
1145 1658 1397 1743 quibuscumque
1412 1657 1513 1723 rebus

331 1783 567 1868 quomodolibet
589 1785 629 1851 ad
646 1786 677 1852 S.
695 1784 794 1871 cong.
812 1786 852 1849 de
868 1783 1084 1872 Propaganda
1099 1783 1177 1848 Fide
1197 1780 1415 1867 spectantibus
1439 1800 1511 1847 esse

330 1910 556 1994 conficiendas,
583 1912 813 1999 registrandas,
838 1912 1055 1998 expediendas
1077 1917 1109 1976 et
1131 1909 1313 1990 mittendas,
1328 1909 1439 1993 prouti
1458 1928 1514 1973 ne

332 2036 452 2120 gotium
470 2035 620 2121 postulat,
637 2033 757 2119 absque
773 2036 841 2101 ulla
854 2034 1023 2111 mercede;
1040 2055 1081 2099 en
1099 2034 1201 2099 verba
1219 2032 1357 2098 decreti:
1376 2053 1394 2095 ‹
1411 2032 1513 2099 Motu

330 2279 370 2331 17
382 2280 493 2350 Aprilis
513 2280 590 2334 1871
606 2279 632 2333 S.
647 2278 733 2349 cong.
749 2280 830 2349 Prop.
849 2280 926 2333 Fidei
944 2280 987 2347 18
1006 2278 1076 2335 haec
1093 2278 1247 2335 habentur:
1264 2278 1357 2333 «Non
1376 2295 1459 2333 secus
1478 2296 1512 2333 ac
1607 2301 1608 2360 p

329 2379 434 2435 alumni
455 2378 639 2450 collegiorum
664 2381 869 2450 pontificiorum
887 2382 906 2435 ii
926 2382 1089 2451 omnesqui
1108 2382 1190 2435 titulo
1210 2382 1351 2435 missionis
1369 2382 1446 2436 inter
1464 2398 1512 2435 sa-
1607 2425 1608 2448 ,

329 2502 391 2540 cros
409 2485 554 2539 ministros
572 2486 697 2555 cooptari
716 2486 840 2555 cupiunt,
853 2491 984 2541 tenentur
1002 2486 1079 2555 prius
1097 2486 1284 2541 iuramentum
1300 2487 1441 2554 emittere,
1455 2502 1513 2559 quo
1607 2485 1608 2544 ᾗ

328 2595 482 2665 spondeant
500 2594 633 2661 missioni,
647 2596 691 2649 cui
705 2594 837 2649 destinati
851 2600 916 2649 sunt
934 2593 979 2649 rel
995 2594 1217 2660 destinabuntur,
1228 2611 1258 2649 se
1271 2596 1331 2649 fore
1344 2600 1512 2663 perpetuam

327 2717 441 2771 operam
459 2702 581 2769 daturos,
601 2702 673 2773 quod
692 2701 802 2773 quidem
822 2704 858 2755 ab
877 2702 912 2754 iis
929 2701 976 2772 qui
995 2700 1049 2755 hoc
1067 2701 1152 2755 titulo
1169 2702 1224 2755 frui
1243 2701 1350 2771 volunt,
1370 2702 1397 2756 S.
1414 2702 1513 2767 Sedes,

329 2812 360 2860 nt
379 2808 542 2861 missionum
561 2824 679 2878 quarum
699 2808 855 2875 sumptibus
875 2806 916 2860 illi
936 2806 1050 2861 aluntur
1067 2808 1183 2863 servitio
1200 2808 1374 2873 consuleret,
1393 2792 1512 2877 exigere
1607 2819 1608 2830 ¹

328 2915 488 2967 constanter
507 2913 652 2969 consuevit
663 2927 689 2969 ».

417 3020 456 3092 (I)
477 3022 562 3077 Peter
580 3020 712 3076 Nicotaus
729 3020 820 3077 Nilles
839 3038 855 3076 e
873 3021 933 3075 Soc.
947 3021 995 3075 Ies.
1015 3021 1044 3073 in
1063 3021 1197 3091 opusculo
1215 3022 1423 3091 Disputationes
1441 3040 1512 3076 aaa·
1607 3019 1608 3082 ᾗ

327 3126 453 3181 deminae
471 3128 543 3180 iuris
562 3126 662 3181 eccles.
681 3125 786 3179 Fascio.
806 3124 816 3177 I
836 3125 865 3177 in
884 3125 984 3193 disput.
997 3124 1021 3177 II
1040 3124 1162 3195 quaerit:
1182 3125 1223 3179 Da
1244 3126 1371 3179 libertate
1390 3125 1512 3180 clerico·
1607 3153 1608 3184 1

326 3247 392 3283 rum
410 3230 590 3301 ingrediendi
609 3228 785 3300 relipionem,
805 3233 834 3284 et
852 3232 940 3294 notat,
959 3228 1131 3298 probandum
1153 3246 1214 3284 esse
1239 3227 1291 3282 hoe
1316 3228 1511 3281 iuramentum

326 3351 381 3405 quo
400 3334 494 3390 clerici
513 3334 637 3390 limitent
655 3352 732 3389 snam
753 3333 910 3415 libertatem
930 3334 1103 3404 Ingrediendi
1127 3334 1291 3404 religionem
1311 3338 1345 3389 ob
1362 3337 1511 3405 publicam
1607 3307 1608 3370 Ῐ

257 3447 262 3456 ’
324 3444 495 3512 populorum
513 3444 669 3498 utilitatem.
689 3442 748 3497 Hac
765 3443 798 3497 de
817 3460 901 3496 causa
913 3441 1158 3511 AlumniCoIIegii
1175 3443 1332 3498 Germanici
1350 3444 1510 3515 etHunga·
1607 3453 1608 3510 ἔ

326 3549 376 3603 rici
396 3548 429 3603 de
449 3548 526 3604 Urbe
545 3549 653 3604 fundati
675 3548 792 3619 aGreg.
811 3550 878 3603 XIII
897 3551 929 3618 (³,-
951 3549 1031 3618 1585)
1049 3550 1142 3603 iurant
1159 3566 1189 3604 se
1211 3553 1304 3604 statim
1328 3552 1358 3603 in
1381 3556 1509 3621 patriam

325 3674 492 3713 reversuros
516 3658 553 3711 ad
579 3659 718 3712 invandas
743 3662 867 3723 animas,
886 3658 1008 3727 itemque
1027 3658 1122 3711 iurant
1144 3675 1175 3713 se
1198 3660 1312 3712 nnllam
1334 3660 1511 3729 religionem

324 3769 373 3813 ont
399 3762 644 3830 congregationem
669 3760 836 3831 religiosam
858 3763 1036 3829 ingressuros
1060 3760 1121 3815 sine
1146 3763 1228 3816 senia
1252 3762 1422 3831 Apostolica.
1443 3761 1509 3817 Non

324 3881 404 3920 secus
422 3882 457 3921 ex
476 3864 569 3920 Const.
590 3868 681 3926 Qum
702 3866 827 3921 Romani
844 3865 992 3935 Pontifices
1010 3865 1054 3919 Pii
1073 3865 1113 3920 lx
1131 3866 1175 3919 28
1193 3866 1255 3920 Iun.
1275 3866 1360 3920 1853
1377 3884 1435 3937 qua
1454 3866 1509 3922 Sa-
1607 3861 1608 3864 '

324 3975 478 4028 minas-ium
501 3974 585 4028 Pium
604 3973 785 4028 constitutum
804 3971 866 4038 tuit,
882 3971 1051 4042 praecipitur
1068 3972 1112 4027 tit.
1126 3972 1163 4025 VI
1175 3974 1372 4040 iuramentum,
1384 3991 1442 4045 quo
1453 3973 1507 4030 Se-

324 4080 486 4135 minaristae
505 4080 642 4150 spondent
660 4097 690 4135 se
708 4081 793 4147 velle,
812 4080 947 4134 absolutis
964 4082 995 4133 in
1013 4080 1169 4135 Seminario
1189 4083 1299 4147 studiis,
1318 4083 1349 4135 in
1365 4085 1510 4153 propriae

324 4186 459 4238 dioecesis
478 4167 503 4238 et
525 4183 658 4255 Episcopi
675 4185 819 4238 seruitium
838 4185 1005 4253 semipsum,
1022 4182 1082 4236 solo
1106 4200 1172 4237 casu
1194 4184 1314 4253 lepitimi
1330 4187 1510 4254 apostolatus

323 4292 487 4345 missionum
509 4300 675 4345 austerorum
689 4290 776 4346 donee
788 4294 825 4346 ad
838 4291 907 4344 illas
924 4292 1084 4345 incumbant
1095 4296 1220 4361 excepto.
1235 4320 1249 4333 ·
1262 4292 1353 4353 Quare
1365 4293 1510 4364 implicite

324 4397 433 4451 videtur
455 4396 565 4451 excludi
584 4398 755 4468 propositum
775 4397 947 4467 ingrediendi
966 4396 1138 4467 religionem.
