3292 5109
445 332 489 381 oa
513 332 652 381 runicus
678 334 946 381 accnnsmsricrs
1221 314 1287 381 109

197 456 378 541 Aliquando
413 456 542 525 additur
569 463 696 543 tempus
725 459 756 523 iu
790 458 875 543 quod
909 454 1071 530 differtur,
1099 457 1198 523 veluti
1224 456 1286 523 Di·

117 581 179 645 lala
208 580 253 646 ad
279 582 485 664 proaimam
507 580 718 663 insultanter.
744 604 801 648 seu
830 581 976 647 eamdem
1007 600 1136 646 causam
1167 600 1285 666 propo-

118 704 243 771 nendam
267 726 338 772 esse
366 707 400 770 in
432 707 580 795 proxima
603 706 705 793 (long.
730 707 895 779 Generali.
920 709 997 792 quin
1020 705 1218 771 concedatur
1241 706 1286 771 ul·

119 830 210 893 terior
239 828 364 905 dilatio;
387 831 448 894 *vel
480 830 618 896 edicitur
645 832 759 896 Dilata
787 836 868 914 poet
897 830 1035 915 Aquas,
1067 850 1183 915 nempe
1214 835 1288 914 post

120 954 307 1019 autumnales
322 954 439 1029 ferias;
462 956 513 1021 vel
527 962 606 1039 post
620 954 740 1043 Rupes,
758 977 874 1043 nempe
890 962 961 1043 post
977 954 1207 1041 Epiphaniam
1231 960 1288 1020 aut

118 1082 183 1158 post
204 1078 328 1163 Apnos,
352 1078 478 1143 scilicet
508 1086 579 1163 post
603 1078 744 1153 Pascha;
771 1085 827 1143 aut
857 1084 937 1162 post
961 1080 1107 1154 Cineres,
1132 1080 1285 1143 nimirum

122 1205 181 1283 post
208 1200 307 1266 ferias
340 1202 607 1278 Bacchanalium
636 1203 764 1268 demum
794 1210 873 1287 post
906 1202 1034 1289 Ipnem,
1066 1222 1182 1287 nempe
1216 1206 1288 1286 post

124 1326 333 1391 Pentecosten.
371 1326 434 1391 Vel
465 1327 654 1393 decernitur
678 1328 793 1393 Dilata
825 1328 872 1392 acl
900 1326 1056 1410 primam
1087 1324 1285 1410 (Congrege-

122 1451 238 1537 tionem)
262 1452 314 1516 vel
339 1452 395 1517 Art
426 1452 580 1535 primam
611 1458 689 1535 post
721 1452 928 1535 pronimom
961 1450 1100 1517 ommno
1128 1455 1159 1516 el
1181 1446 1286 1531 infal-

123 1578 227 1643 lonter.
246 1572 271 1625 '·
297 1574 361 1643 Sed
384 1577 555 1660 aliquando
580 1577 727 1662 plenarie
745 1576 964 1643 Cardinalium
981 1574 1197 1663 congregatio
1221 1591 1286 1636 nou

122 1702 182 1767 ruit
202 1723 330 1768 causam
353 1704 549 1788 propositam
578 1704 704 1788 agitare
728 1706 762 1768 et
785 1704 962 1776 resolvere,
987 1704 1039 1768 vel
1064 1704 1139 1786 quia
1161 1708 1289 1787 tempus

124 1848 177 1893 uon
198 1831 334 1914 suppetit
361 1828 447 1894 dubii
480 1828 679 1911 discussioni,
704 1828 756 1894 vel
788 1832 951 1915 quianon
975 1830 1079 1894 visum
1104 1834 1152 1893 est
1175 1845 1287 1912 oppor-

122 1958 228 2024 tunum,
242 1958 274 2017 el
289 1957 368 2017 tuuc
384 1952 511 2037 reponit
525 1950 605 2017 Non
616 1950 810 2034 proposila.
829 1950 920 2025 Quod
940 1952 965 2015 si
983 1949 1171 2017 cardinales
1187 1948 1290 2013 velint

122 2096 236 2141 causam
269 2078 426 2141 maturius
449 2076 639 2141 examinare
662 2082 694 2141 et
718 2076 848 2140 interim
880 2076 1032 2141 decisioni
1058 2075 1286 2163 supersedere,

122 2199 187 2280 quin
212 2203 320 2263 tamen
348 2198 415 2262 ulla
445 2197 608 2263 addantur
631 2198 719 2263 iuris
741 2203 797 2263 aut
819 2198 904 2281 facti
926 2218 1011 2262 nova
1033 2207 1208 2267 momenta.
1233 2215 1287 2260 re·

122 2320 253 2386 scribunt
278 2321 548 2405 Reproponalur
571 2341 648 2388 cam
673 2322 805 2387 iisdem.
830 2320 1012 2405 Aliquando
1036 2340 1133 2387 causa
1156 2340 1221 2385 non
1244 2321 1287 2383 vi-

122 2444 204 2511 detur
225 2444 415 2519 definienda,
440 2450 611 2529 antequam
634 2446 667 2511 in
695 2446 800 2531 prima
821 2447 875 2511 vel
906 2446 939 2510 in
967 2444 1108 2511 secunda
1136 2442 1290 2509 instantia

123 2570 196 2635 edita
216 2571 315 2637 luerit
337 2574 507 2655 sententia,
523 2579 556 2638 et
571 2578 647 2640 tunc
672 2580 832 2659 reponunt
850 2574 917 2638 ΕΕ.
936 2574 1064 2639 ludices
1080 2574 1136 2638 Aa
1159 2572 1288 2638 iurlioes

122 2712 197 2765 aros.
213 2696 264 2761 vel
281 2694 328 2761 ad
346 2694 569 2762 Ordinarium
585 2696 645 2781 qui
666 2702 786 2763 ulatur
808 2696 885 2763 iure
905 2716 977 2771 suo,
994 2702 1050 2764 aut
1072 2698 1290 2780 spectarent
1374 2763 1378 2772 ,

124 2816 324 2901 Episcopum.
350 2824 406 2884 aut
438 2817 561 2885 Orator
590 2839 664 2886 rem
694 2819 826 2903 referat
856 2820 903 2886 ad
929 2820 1138 2904 Episcopum
1162 2825 1193 2885 et
1216 2818 1288 2886 eius

125 2938 234 3008 ardino
249 2961 284 3007 se
300 2942 437 3029 diripui.
464 2944 534 3007 Non
558 2962 635 3009 raro
659 2947 885 3011 controversia
907 2947 969 3010 iam
993 2944 1124 3010 definita
1145 2945 1205 3009 luit
1227 2965 1290 3029 per

127 3062 240 3131 decreta
261 3068 407 3153 apposita
429 3088 449 3132 a
471 3068 503 3134 S.
529 3067 628 3155 Cong.
654 3070 749 3135 edita.
774 3075 807 3136 et
834 3076 913 3136 tuuc
942 3070 1133 3135 rescribitur
1156 3070 1290 3135 Dentur

128 3187 244 3255 demota
267 3191 319 3255 vel
335 3190 444 3257 Detur
459 3190 674 3276 Responsum
699 3198 779 3267 etc.;
803 3194 856 3257 vel
881 3196 985 3278 potius
1008 3192 1140 3279 expedit
1165 3198 1199 3258 ut
1223 3214 1288 3257 uon

128 3318 233 3380 aarum
256 3316 343 3382 casui
367 3317 523 3403 peculiari
547 3320 763 3405 prospiciatur
786 3318 899 3385 sedin
922 3321 1109 3385 universum
1133 3319 1290 3385 similibus

128 3439 246 3522 casibus,
261 3446 339 3507 tunc
355 3441 543 3507 decernitur
554 3442 795 3509 Prouidebiiur
806 3462 873 3525 per
884 3442 1064 3509 Decretum
1079 3443 1253 3509 Genernle.
1268 3480 1286 3491 -

128 3563 320 3638 Quaestiones
334 3573 501 3654 promotae
516 3566 689 3651 aliquando
706 3572 781 3633 sunt
796 3569 891 3633 nimis
907 3568 1086 3653 generales,
1105 3568 1217 3651 quibus
1240 3588 1290 3632 re·

128 3694 267 3775 spondere
290 3703 355 3759 uon
379 3694 429 3759 las
452 3700 510 3765 est,
528 3696 603 3779 quin
627 3696 660 3759 in
685 3692 810 3761 casibus
834 3695 1051 3781 singularibus
1067 3696 1221 3781 graviora
1237 3717 1287 3759 su·

127 3812 276 3882 boriantur
303 3816 413 3893 dubia,
439 3822 472 3884 et
493 3823 571 3884 tuuc
595 3816 809 3901 respondetur
831 3818 1073 3884 Prooidelrilur
1095 3818 1132 3882 in
1157 3817 1291 3884 cassibus

126 3938 382 4018 particularibus
401 3976 418 3988 -
437 3940 469 4005 Si
487 3939 608 4006 Orator
632 3940 730 4005 instet
754 3946 789 4006 ut
806 3940 837 4005 S.
856 3940 955 4027 Cong.
973 3940 1106 4006 recedat
1121 3960 1141 4003 a
1158 3940 1289 4004 decreto

129 4062 178 4129 iam
193 4064 283 4142 editu,
300 4066 354 4132 vel
370 4068 561 4134 sententiam
578 4068 640 4132 iam
658 4066 814 4154 prolatam
832 4069 950 4153 partim
966 4070 1018 4133 rel
1035 4070 1162 4155 integre
1179 4074 1290 4151 mutet,
1402 4092 1408 4101 ’

128 4188 181 4249 tum
202 4190 232 4253 in
256 4190 457 4256 iudicialibus
480 4190 563 4255 haec
586 4192 695 4276 petitio
721 4190 874 4256 Patribus
897 4190 1034 4258 offertur
1059 4194 1117 4259 sub
1141 4194 1203 4259 hac
1232 4194 1290 4259 du·

129 4302 233 4375 litandi
255 4312 396 4377 formula
410 4311 466 4377 An
488 4310 530 4377 sil
553 4312 713 4377 standum
739 4312 789 4378 ael
809 4313 1038 4380 recedendum
1062 4334 1084 4381 a
1108 4316 1229 4383 decisis
1250 4316 1290 4383 in

130 4449 210 4518 corn·
225 4440 273 4502 cui
291 4438 505 4523 respondetur
523 4439 574 4504 rel
591 4440 633 4505 ln
648 4439 778 4519 dennis,
791 4440 844 4504 rel
860 4438 1100 4506 Recedenrlum
1121 4462 1143 4507 a
1159 4441 1291 4517 clreicis,
