3292 5109
527 274 571 320 na
596 273 734 321 runicus
759 272 1025 319 ECCLESIASthtS
1297 250 1364 317 343

185 400 302 465 temnis
324 398 505 465 formavel
528 397 656 471 modus,
682 397 738 463 sed
767 394 919 463 sufficere
949 395 1128 481 simplicem
1155 392 1363 459 absolutionis

185 521 460 616 significationem.
486 522 648 597 Quocirca
670 541 762 589 mens
784 521 980 607 legislatoris
1003 520 1036 583 in
1059 518 1111 584 his
1134 516 1280 582 omnibus
1302 514 1365 580 luit

185 647 324 715 reddere
347 648 579 735 expeditiorem
602 670 695 714 usum
718 646 1000 734 dispensationum.

274 776 477 840 Executores
508 773 781 859 dispensationum
814 770 1095 837 matrimonialium
1132 768 1216 853 quod
1249 769 1364 835 attinet

185 906 359 967 revocetur
382 902 556 968 Decretum
582 900 668 966 -De
690 899 892 965 mandato·
917 897 985 964 diei
1007 896 1059 962 20
1081 894 1160 962 Feb.
1183 894 1275 961 1888
1300 913 1363 979 quo

184 1027 336 1091 statuitur
359 1026 614 1113 dispensationes
630 1023 885 1091 matrimoniales
900 1042 1011 1089 omnes
1027 1019 1270 1087 committendas
1293 1037 1364 1084 esse

184 1151 237 1217 vel
267 1157 445 1219 oratorum
478 1150 662 1218 01611110ήο
697 1150 750 1215 vel
783 1148 968 1216 Ordiocrio
1003 1147 1086 1228 toci;
1117 1150 1150 1210 et
1180 1143 1363 1229 explicatur

185 1276 314 1359 quinam
344 1276 478 1340 veniant
506 1275 636 1339 nomine
667 1272 929 1341 Ordinariorum.
961 1272 1033 1337 Hoc
1062 1270 1228 1339 decretum
1263 1268 1365 1336 afficit

184 1397 437 1483 dispensationes
456 1416 525 1481 pro
547 1398 626 1481 soro
651 1401 793 1463 esterno
818 1401 852 1461 et
873 1396 1004 1482 planum
1028 1399 1086 1460 est.
1107 1396 1251 1479 Denique
1275 1413 1364 1459 rece·

183 1522 279 1596 latur.
304 1523 367 1589 hoc
391 1525 564 1589 Decretum
595 1524 694 1589 fuisse
719 1526 889 1589 extensum
913 1522 954 1587 ad
977 1522 1180 1587 Executores
1210 1539 1362 1605 quarum-

185 1638 321 1732 cumque
337 1648 609 1735 dispensationum
626 1655 658 1715 et
674 1650 853 1735 gratiarum
870 1650 934 1714 alio
951 1648 1083 1715 decreto
1099 1648 1166 1714 diei
1177 1647 1227 1713 24
1237 1646 1364 1713 mensis

184 1770 270 1837 Neo.
294 1772 396 1837 1897.

183 2036 205 2118 5
229 2038 259 2099 4.
285 2036 335 2102 De
357 2036 478 2109 Fertne,
501 2055 562 2103 seu
585 2036 628 2101 de
652 2034 861 2118 temporibus
881 2034 1003 2121 quibus
1021 2042 1144 2103 cecant
1164 2034 1198 2101 8.
1218 2038 1363 2122 Conpre-

273 2161 437 2249 potioncs,
457 2160 582 2246 Officia,
608 2160 833 2244 Tribunatum
855 2167 888 2227 et
910 2180 958 2225 aa
976 2160 1088 2247 vigeat
1111 2160 1234 2227 horum
1250 2166 1363 2228 aucto·

271 2286 367 2362 11101,
394 2286 481 2353 Sede
504 2286 660 2352 Vacante.
1133 2267 1135 2270 ⁵

184 2480 401 2536 Summarium.
417 2509 454 2523 -
472 2482 532 2535 280.
553 2480 740 2535 Diversimode
760 2482 787 2534 in
808 2481 887 2535 curia
901 2486 1017 2534 utuntur
1034 2481 1112 2535 feriis
1131 2484 1188 2533 tum
1203 2461 1363 2551 Congrege-

271 2590 371 2655 tiones,
391 2596 448 2643 tum
468 2590 571 2643 Officia.
592 2618 626 2631 -
645 2590 705 2644 281.
727 2590 766 2646 De
785 2590 829 2643 his
848 2596 878 2645 et
896 2590 954 2644 illis
972 2594 1098 2660 temporo
1116 2590 1194 2645 Sedis
1213 2590 1364 2657 vacantis3

271 2716 320 2753 seu
339 2698 482 2769 quaeritur
501 2713 538 2751 an
556 2696 679 2767 vigeant.

270 2897 346 2963 280.
372 2899 424 2963 Ex
448 2896 759 2983 Congregationibus
782 2896 879 2962 hodie
902 2896 1077 2961 nonnullae
1101 2897 1263 2962 habentur
1280 2917 1364 2981 quae

183 3038 246 3083 non
269 3025 389 3085 vacant
410 3020 471 3084 nisi
495 3018 607 3083 diebus
629 3019 753 3083 festivis
769 3018 809 3083 dc
825 3025 1017 3103 praecepto;
1041 3019 1103 3083 hae
1120 3025 1195 3084 sunt
1210 3018 1241 3085 S.
1261 3020 1359 3106 Oong.

182 3146 213 3211 S.
227 3144 343 3219 Officii,
362 3145 393 3212 S.
408 3146 507 3232 (long.
525 3146 572 3211 De
590 3145 805 3231 Propaganda
821 3146 847 3209 F
849 3145 910 3216 ide.
927 3146 959 3211 S.
974 3146 1073 3232 Gong.
1090 3148 1228 3251 negotiis
1244 3148 1363 3213 600166.

181 3269 450 3334 extraordinariis
473 3270 673 3355 praeposita;
698 3274 830 3335 ceterae
854 3269 1130 3355 congregationes
1146 3291 1189 3336 ex
1205 3291 1295 3337 more
1310 3274 1361 3336 in·

180 3388 276 3454 ducto
299 3409 384 3453 anno
410 3390 505 3464 1897,
531 3396 662 3477 praeter
685 3391 785 3456 ferias
808 3397 979 3457 consuetas
1009 3392 1096 3457 intra
1126 3392 1360 3458 hebdomadam

180 3522 212 3579 et
235 3514 323 3578 intra
344 3533 480 3587 annum,
505 3516 694 3580 constitutas
717 3534 781 3580 non
804 3514 917 3580 eadem
941 3535 1093 3581 mensura
1115 3536 1177 3601 pro
1200 3515 1361 3598 omnibus,

179 3636 301 3703 habent
317 3638 416 3703 terias
433 3637 634 3703 autumnales
652 3640 844 3723 incipientes
859 3659 882 3706 a
898 3639 953 3705 die
975 3640 1139 3727 vigesima
1156 3639 1363 3723 Septembris

178 3759 219 3825 ad
236 3760 319 3827 diem
334 3760 466 3827 tertiam
480 3760 692 3829 Novembres.
708 3762 921 3829 Nihilominus
937 3762 1021 3850 apud
1036 3783 1147 3828 omnes
1159 3764 1366 3829 secretarias

179 3906 234 3951 res
257 3888 302 3951 ita
325 3885 517 3953 ordinantur
540 3890 576 3952 ut
598 3892 744 3973 tempore
769 3889 867 3954 etiam
891 3890 1048 3954 feriarum
1072 3889 1304 3954 autumnalium
1333 3890 1363 3954 si

150 4059 155 4071 .
178 4007 306 4093 aliquod
329 4011 461 4095 gravius
484 4008 604 4074 incidat
627 4010 791 4095 negotium
815 4010 1024 4094 expostulans
1055 4011 1197 4077 celerem
1227 4012 1361 4098 expedi-

177 4134 316 4207 tionem,
340 4152 401 4218 per
425 4132 630 4198 cardinalem
656 4134 865 4198 Praefectum
897 4140 953 4199 aut
984 4136 1203 4202 Secretarium
1227 4141 1363 4203 curetur

179 4260 215 4322 ut
238 4256 287 4321 rei
311 4257 495 4323 necessitati
519 4256 744 4343 prospiciatur.

269 4382 323 4447 Ex
339 4378 473 4456 Officiis,
491 4380 522 4448 S.
541 4382 807 4459 poenitentiaria,
833 4384 966 4451 Dataria
989 4390 1021 4450 et
1044 4384 1231 4453 Secretaria
1254 4386 1367 4454 Status
