3292 5109
489 294 533 340 DE
562 295 701 342 lUDlCllS
725 294 989 342 EchEsrnsrrcts
1275 274 1342 339 279

161 414 406 483 Universitates.
421 414 523 499 quoad
537 416 606 497 has,
620 415 720 502 cong.
735 418 950 501 competentia
964 422 1034 481 erat
1049 436 1131 502 pure
1145 416 1186 481 ad
1203 417 1341 481 tutelam

160 544 193 603 et
210 540 456 637 protectionem
472 547 504 606 et
520 541 553 605 in
570 540 717 607 omnibus
741 542 910 607 consilium
933 540 1106 606 adhibebat
1120 541 1242 608 Summi
1258 542 1342 606 Pon·

160 662 264 731 tificis.
291 702 309 715 -
336 666 517 752 Progressa
543 674 724 753 temporum
749 670 1002 736 Universitatum
1027 669 1211 736 Studiorum
1238 674 1341 735 status

160 791 192 855 in
216 764 402 877 regionibus
434 794 601 859 catholicis
633 814 697 858 non
729 814 844 879 parum
876 800 1016 859 mutatus
1040 801 1102 869 est;
1127 799 1160 859 et
1182 791 1215 859 S.
1241 792 1341 860 Sedes

159 916 348 999 ampliorem
372 918 477 1003 coepit
501 938 660 983 exercere
683 918 911 985 auctoritatem
934 920 968 983 in
992 918 1135 1004 singulas
1156 917 1341 984 Studiorum

161 1038 404 1103 Universitates.
430 1040 534 1105 Hodie
553 1040 651 1127 Cong.
677 1060 740 1104 non
763 1060 840 1105 raro
863 1041 1000 1126 corrigit
1015 1047 1130 1107 vetera
1151 1044 1272 1106 statuta
1287 1039 1339 1103 vel

160 1160 302 1227 funditus
327 1184 411 1228 nora
435 1166 600 1229 constituit
622 1184 681 1249 pro
706 1166 887 1251 gymnasiis
903 1165 1088 1240 catholicis;
1112 1170 1144 1228 et
1167 1162 1219 1228 ubi
1236 1163 1341 1228 desint

159 1293 253 1353 curat
277 1294 312 1353 ut
335 1289 417 1353 hacc
434 1290 604 1375 erigantur
626 1294 659 1354 et
682 1309 741 1374 pro
765 1288 930 1374 erigendis
954 1288 1107 1372 expendit
1129 1293 1162 1353 et
1185 1286 1342 1372 approbat

159 1412 248 1495 leges
271 1411 477 1477 fundationis.
498 1413 642 1488 -Quare
666 1412 761 1477 hodie
785 1412 886 1497 pollet
907 1415 1064 1497 potestate
1080 1429 1145 1475 non
1161 1430 1243 1495 pure
1266 1430 1341 1476 cece·

160 1536 281 1610 certina,
299 1538 354 1601 sed
371 1538 463 1624 large
488 1538 763 1605 delministrotr'oa
787 1538 827 1602 ad
852 1537 1076 1622 applicandum
1101 1538 1149 1602 ius
1172 1554 1341 1601 commune

160 1670 225 1730 tum
246 1666 422 1747 privatum
438 1670 506 1730 tum
525 1664 702 1747 publicum
726 1684 787 1729 neo
804 1684 869 1727 non
885 1664 1080 1729 iudicialem
1096 1669 1229 1729 exercet
1245 1664 1340 1727 iuris·

160 1788 330 1854 dictionem
354 1789 394 1853 ad
417 1788 655 1873 componendas
679 1789 920 1853 controversias
943 1792 1054 1851 erratas
1077 1789 1164 1852 inter
1187 1807 1284 1851 unum
1309 1790 1341 1849 et

160 1910 245 1977 aliud
270 1912 464 1983 Institutum,
489 1913 541 1975 rel
566 1913 652 1977 inter
677 1912 882 1976 institutores
913 1916 969 1976 aut
999 1911 1145 1975 alumnos
1175 1916 1207 1974 et
1237 1911 1340 1994 ipsum

162 2041 355 2105 Institutum.
375 2074 391 2087 -
412 2040 600 2111 Praeterea,
619 2058 662 2103 ex
679 2038 823 2103 consulto
848 2038 943 2103 ltuius
960 2037 1235 2123 congregationis,
1253 2038 1340 2100 Pon-

160 2164 242 2231 tifex
275 2167 459 2250 impertitur
483 2168 604 2251 gratias
627 2170 660 2229 et
690 2165 863 2251 privilegia
885 2165 986 2229 veluti
1009 2164 1196 2229 conserendi
1221 2163 1341 2249 gradus

160 2291 381 2373 Academicos,
410 2292 462 2355 rel
486 2290 632 2375 gestandi
657 2290 811 2374 quaedam
846 2291 984 2375 insignia
1014 2290 1198 2356 Doctoralia
1222 2295 1254 2355 et
1276 2290 1340 2354 alia

161 2414 192 2479 id
216 2434 328 2500 genus.

251 2536 342 2603 Haec
366 2536 470 2620 quoad
494 2537 673 2602 Ecclesiam
701 2536 934 2603 Universalem.
961 2571 977 2584 -
1004 2536 1070 2600 Pro
1094 2534 1216 2599 ditione
1239 2540 1341 2601 status
1392 2513 1394 2516 ⁵

162 2665 265 2729 civilis
279 2662 449 2735 pontificii,
464 2664 529 2729 Leo
544 2664 608 2729 XII
622 2626 729 2729 donst.
749 2662 845 2733 Quod
856 2662 981 2727 Dioioa
994 2661 1181 2743 Sapientia,
1196 2680 1226 2725 α.
1238 2659 1338 2729 1824,

161 2946 267 2994 narum,
287 2929 431 2983 literarum
457 2932 485 2983 et
507 2929 609 2981 artium
634 2928 746 2981 coibant
772 2928 800 2981 iu
826 2928 987 2982 societatem
1013 2926 1174 2997 quamdam,
1199 2929 1339 2979 urzicersi·

162 3044 243 3089 tatem
260 3037 419 3089 studiorum
443 3036 658 3099 constituentes,
677 3052 760 3104 quam
781 3034 848 3103 ipsi,
866 3033 978 3087 collatis
997 3032 1121 3086 consiliis
1144 3036 1173 3086 et
1190 3031 1339 3100 suffragiis,

160 3141 247 3197 libere
267 3141 491 3207 moderabantur,
510 3158 639 3195 concessa
658 3158 768 3211 quoque
787 3141 907 3195 alumnis
926 3140 1062 3195 facultate
1083 3140 1255 3210 exprimendi
1274 3156 1339 3209 pro·

161 3247 250 3315 prium
270 3251 365 3299 votum
385 3262 432 3300 seu
452 3245 623 3300 deliberandi
643 3246 676 3300 de
695 3246 837 3299 nonnullis
861 3246 944 3299 rebus
962 3261 1034 3314 quae
1053 3244 1126 3313 ipsos
1145 3244 1276 3299 directius
1295 3247 1339 3296 at-

162 3353 311 3420 tingerent.
332 3352 506 3407 Univeraitas
525 3353 690 3407 Oxonieusis
714 3355 773 3408 lere
798 3352 894 3407 eadem
919 3351 1009 3406 adhuc
1034 3352 1123 3405 utitur
1141 3351 1339 3405 constitutione

161 3466 189 3515 et
209 3464 288 3515 tanta
307 3460 397 3529 pollet
409 3460 541 3515 libertate
554 3465 582 3514 et
595 3461 763 3515 auctoritate
776 3465 807 3515 ut
820 3462 854 3514 ad
868 3460 980 3530 publica
995 3459 1109 3513 comitia
1127 3458 1241 3528 deputet
1260 3475 1339 3533 suum

161 3570 310 3631 oratorem,
332 3566 417 3634 vulgo
436 3566 605 3635 deputatum.
618 3594 631 3606 ·
652 3565 807 3620 Guilelmus
826 3566 958 3621 Glastoue
976 3567 1022 3637 qui
1042 3583 1130 3635 nuper
1146 3565 1272 3629 decessit,
1291 3581 1341 3633 por

161 3674 254 3745 plures
268 3689 355 3728 annos
366 3675 393 3727 in
407 3674 525 3744 publicis
535 3674 656 3728 comitiis
666 3676 784 3729 oratoris
794 3692 908 3730 munere
917 3677 1029 3729 structus
1038 3679 1079 3729 est
1089 3690 1139 3743 pro
1151 3674 1340 3729 Universitate

160 3781 319 3836 Oxoniensi.
339 3808 353 3822 ·
373 3780 431 3834 Hac
455 3780 489 3835 de
512 3798 596 3835 causa
616 3782 765 3835 Pontifices
784 3780 899 3835 liberam
926 3781 1131 3835 iustitutionem
1149 3779 1247 3833 harum
1268 3778 1339 3833 Uni·

158 3886 325 3940 versitatum
344 3885 467 3951 reveriti,
487 3885 555 3939 istas
574 3884 690 3954 professi
710 3892 774 3939 sunt
794 3886 917 3955 recipere
935 3887 965 3939 iu
985 3888 1108 3939 tutelam.
1128 3890 1157 3940 et
1178 3886 1339 3939 clientelam

158 4002 246 4038 stram.
267 3984 289 4039 Ε
309 3989 405 4039 contra
425 3987 598 4039 Uiriccrsitcs
610 3988 696 4040 studii
709 3988 830 4041 ltomuni
847 3985 933 4039 etiam
954 3992 1020 4041 tunc
1038 3985 1172 4055 temporis
1189 3985 1340 4039 coustitue-

158 4090 240 4143 batur
259 4106 293 4143 ea
311 4090 397 4146 ferme
419 4091 527 4146 ratione
541 4109 596 4163 qua
609 4092 773 4146 ordinantur
796 4092 1000 4147 Unirersitatcs
1018 4092 1172 4146 studiorum
1190 4090 1262 4161 aliud
1280 4107 1339 4156 nos,

158 4211 243 4264 penes
263 4194 378 4265 populos
397 4195 506 4251 latinos.
528 4196 556 4251 ln
578 4196 726 4251 Germania
746 4196 820 4251 euim
841 4196 1046 4251 Universitates
1069 4196 1159 4267 magis
1181 4195 1340 4265 exprimunt

159 4304 248 4359 adbuc
266 4305 383 4358 sormam
404 4304 624 4359 Universitatum
651 4306 757 4360 mediae
781 4306 890 4360 aetatis.
910 4305 951 4359 Cf.
971 4322 1068 4360 recens
1086 4322 1156 4375 opus
1175 4305 1205 4358 P.
1225 4303 1339 4366 Denidc,

159 4412 198 4465 Lr
223 4412 381 4464 Universitd
398 4411 447 4464 dcl
466 4412 560 4465 Medic
580 4410 648 4465 Ero.
