3292 5109
308 289 375 355 400
826 302 913 355 runs
937 306 974 353 11.

306 433 464 519 legantes.
489 434 577 500 velle
597 434 657 499 has
679 435 882 499 committere
897 435 1004 519 potius
1023 433 1163 500 iudicum
1187 434 1324 521 collegio
1340 434 1492 521 collegia·

305 556 383 624 liter
405 559 658 645 procedentium,
683 576 779 643 quam
802 557 900 624 iudici
923 557 1090 645 singulari.
1201 600 1219 647 ι

395 687 478 751 Item
494 685 548 753 SS.
567 686 666 771 Oong.
682 683 861 751 tribunalia
883 684 1098 771 collegialiter
1120 683 1300 772 procedunt
1314 704 1374 771 per
1390 688 1490 751 maio-

305 812 436 877 ritatem
451 814 611 874 votorum.
630 844 647 855 -
665 808 734 873 Iam
758 807 1007 872 memoravimus
1026 807 1132 880 etiarn,
1150 806 1251 893 Greg.
1266 808 1350 875 XVI
1366 809 1490 875 cousti-

304 935 405 1000 tuisse
436 934 469 997 in
492 932 584 999 Statu
614 928 784 997 Pontificio
813 930 981 996 ordinaria
1010 930 1148 1017 collegia
1173 950 1234 1019 pro
1266 932 1489 1000 criminalibus

305 1062 427 1137 causis3
451 1063 504 1127 eui
526 1060 696 1126 intentioni
713 1060 830 1144 passim
854 1058 1006 1144 Episcopi
1021 1078 1056 1124 se
1080 1058 1327 1127 conformnrunt
1348 1080 1408 1147 per
1423 1061 1490 1127 col·

303 1186 391 1273 legia
413 1186 551 1251 iudicum
574 1184 795 1271 delegatorum
818 1182 1073 1251 determinantes
1100 1182 1265 1249 iudiciales
1293 1190 1488 1253 coutrover-

303 1313 377 1377 sias.
402 1310 508 1377 Hodie
531 1312 616 1375 enim
639 1314 707 1377 tum
729 1308 764 1374 in
788 1308 891 1383 ltalia,
915 1315 983 1374 tum
1007 1314 1102 1375 extra
1123 1309 1250 1375 ltaliam
1273 1309 1358 1395 apud
1377 1312 1487 1379 curias

304 1433 512 1500 dioecesanas
536 1453 653 1498 causae
683 1434 864 1519 graviores,
890 1437 1003 1518 utputa
1028 1431 1257 1520 discipliuares
1280 1438 1313 1499 et
1336 1434 1489 1500 matrimo

303 1558 406 1625 niales
428 1557 468 1623 ab
492 1559 651 1643 Episcopo
675 1556 909 1622 demandantur
932 1555 1121 1623 iudicandae
1136 1555 1262 1623 cuidam
1287 1556 1427 1623 iudicum
1442 1558 1485 1624 ad

301 1681 365 1748 hoc
381 1680 602 1767 delegatorum
619 1678 773 1765 collegio:
790 1684 823 1743 et
838 1678 892 1743 hic
908 1696 986 1743 sane
1002 1698 1071 1744 mos
1085 1698 1285 1765 magnopere
1305 1678 1486 1747 laudandus

302 1811 361 1874 est.
388 1842 405 1855 -
431 1807 569 1872 Praeter
592 1805 773 1891 praesidem
797 1805 949 1870 constitui
979 1805 1085 1870 solent
1114 1811 1253 1889 quatuor
1284 1803 1405 1871 iudices
1426 1774 1486 1872 aut

300 1936 415 2002 saltem
439 1934 501 1999 duo
524 1931 581 1999 sed
602 1951 669 1996 uon
691 1930 788 1996 facile
810 1930 898 1996 ultra
921 1950 990 1995 sex.

391 2059 459 2123 Nec
481 2057 558 2121 huic
590 2054 777 2141 disciplinae
807 2053 1003 2119 adversatur
1034 2052 1242 2121 Vicariorum
1274 2056 1484 2123 Generalium

300 2184 466 2256 institutio,
482 2182 536 2267 qui
553 2201 625 2247 cum
649 2198 715 2245 non
737 2180 861 2266 possint
883 2198 942 2265 per
958 2198 993 2245 se
1014 2181 1183 2265 graviores
1207 2198 1322 2247 causas
1341 2180 1484 2247 enodare

300 2309 377 2393 quin
401 2307 512 2375 doctos
534 2306 677 2372 babeant
699 2325 879 2371 assessores
902 2304 943 2369 ad
967 2303 1150 2390 diligentius
1173 2304 1251 2372 facti
1276 2313 1309 2371 ot
1324 2308 1404 2372 iuris
1426 2307 1483 2372 do·

300 2436 453 2499 cumenta
479 2429 681 2515 inquirenda,
706 2432 860 2515 optimum
890 2435 939 2496 est
961 2436 997 2495 ut
1024 2430 1160 2515 collegio
1187 2430 1327 2497 iudicum
1357 2432 1484 2519 delega-

299 2562 406 2623 torum
421 2556 482 2641 ipsi
501 2560 665 2639 tamquam
685 2553 859 2619 Praesides
876 2550 1108 2639 praeficiantur
1123 2575 1183 2640 pro
1203 2560 1295 2621 recta
1310 2576 1482 2641 processus

299 2684 511 2748 instructione
527 2687 560 2745 et
575 2700 693 2746 causae
709 2678 894 2745 definitione
910 2680 1117 2747 moderanda.
1131 2682 1311 2749 Praeterea
1327 2685 1414 2751 utilis
1429 2685 1483 2750 ad·

298 2807 428 2873 modum
444 2812 493 2874 est
507 2806 714 2880 consuetudo,
731 2808 819 2872 inter
834 2804 955 2872 iudices
973 2806 1139 2893 delegatos
1161 2807 1317 2895 seligendi
1342 2810 1480 2877 iudicem

298 2932 543 2999 instructorem
555 2950 613 2995 seu
626 2929 812 2994 Relatorem
825 2928 879 3014 (cf.
893 2929 956 2993 vol.
971 2928 996 3003 Ι,
1013 2930 1099 3015 145),
1113 2931 1165 3013 qui
1181 2931 1256 2996 data
1271 2952 1371 3017 opera
1386 2954 1481 3018 quae-

298 3058 434 3124 stionem
457 3056 594 3120 instruat
618 3060 650 3119 et
673 3055 823 3139 explicet,
849 3055 1057 3140 peculiariter
1084 3056 1254 3123 intendens
1277 3065 1314 3125 ut
1336 3060 1419 3146 apud
1443 3082 1480 3127 se

297 3200 468 3266 processus
489 3182 563 3242 acta
577 3177 720 3262 legitime
735 3174 957 3262 perficiantur,
975 3182 1008 3241 et
1022 3176 1148 3243 demum
1174 3180 1299 3247 reserat
1321 3204 1478 3250 summam

296 3311 443 3371 actorum
475 3323 537 3369 uec
566 3323 632 3367 non
662 3323 754 3367 suum
783 3302 931 3387 proterat
954 3308 1064 3367 votum
1087 3304 1121 3367 in
1148 3324 1265 3371 causae
1295 3307 1478 3375 iudicialem

297 3426 523 3501 definitionem,
544 3447 606 3511 quo
621 3430 697 3491 voto
712 3424 823 3490 sedulo
847 3444 1008 3510 perpenso
1024 3426 1079 3490 alii
1095 3428 1164 3492 eius
1187 3430 1368 3495 sententiae
1387 3450 1480 3497 acce·

296 3552 374 3618 daut
389 3553 442 3617 vel
458 3551 497 3617 ab
514 3550 636 3623 eadem,
654 3548 786 3615 redditis
799 3548 986 3624 rationibus,
1003 3550 1167 3625 recedant,
1181 3552 1399 3621 deliberantes
1410 3576 1478 3640 per

296 3674 486 3742 absolutam
504 3678 653 3738 votorum
675 3672 899 3747 maioritatem,
917 3673 1082 3739 Praesidis
1105 3670 1259 3761 suffragio
1276 3678 1371 3743 etiam
1388 3698 1476 3743 com-

295 3798 467 3885 prehenso,
492 3798 614 3861 Tamen
637 3815 702 3860 non
725 3795 881 3861 abhorret
904 3816 924 3861 a
946 3803 1021 3861 voto
1044 3798 1214 3885 collegiali,
1240 3801 1323 3885 quod
1347 3804 1428 3869 alius
1456 3825 1477 3871 a

294 3927 369 3987 voto
392 3923 455 3987 iam
478 3922 605 4007 prolato
629 3920 771 3995 recedat,
795 3927 901 3987 motus
924 3942 944 3986 a
968 3922 1145 3991 rationibus
1171 3924 1211 3989 ab
1235 3926 1340 3991 altero
1376 3948 1476 4013 expo-

294 4047 380 4121 sitis,
405 4048 499 4131 eique
529 4044 677 4119 accedat,
703 4044 872 4111 dummodo
903 4046 966 4113 hoc
997 4046 1055 4114 fiat
1084 4050 1122 4114 in
1152 4050 1390 4127 incontinenti,
1417 4072 1476 4118 seu

293 4144 399 4237 stante
422 4169 574 4238 tribunali
599 4175 631 4235 et
652 4176 825 4255 antequam
848 4172 1013 4237 sententia
1037 4173 1199 4242 definitive
1223 4175 1350 4260 prolata
1377 4178 1428 4241 sit.
1455 4212 1473 4225 -

293 4293 478 4362 Sententias
509 4295 627 4361 debere
658 4315 729 4361 esse
752 4296 926 4361 instructas
957 4298 1135 4365 rationibus
1159 4319 1201 4364 ex
1225 4300 1311 4367 sacto
1342 4308 1374 4367 et
1402 4302 1474 4367 iure

293 4421 499 4509 depromptis,
525 4421 690 4488 docuimus
712 4422 747 4486 iu
769 4422 834 4487 rol.
859 4422 888 4496 I,
909 4441 945 4505 p.
971 4422 1048 4488 612.
