3292 5109
496 296 541 345 na
565 296 704 345 rumcns
732 296 998 345 nocuasmsrrcrs
1270 276 1342 345 245

158 416 463 504 despumationes,
493 418 576 502 piae
612 418 774 493 Uniones,
806 420 871 503 pic
890 403 1011 503 ⁴Opera
1041 422 1075 484 et
1105 418 1178 484 aliis
1211 438 1339 504 quoque

156 538 322 605 vocabulis
357 546 594 625 nuncupantur.
629 541 692 607 Sed
722 542 785 605 hae
816 560 928 606 omnes
953 543 1182 607 associationes
1210 540 1251 606 ad
1275 540 1339 605 duo

155 686 309 752 suprema
331 687 454 755 genera
468 668 621 735 videntur
644 687 737 753 posse
752 666 866 733 reduci
888 670 980 733 iuxta
1002 672 1142 733 mentem
1162 667 1338 733 aDecreto

156 790 252 859 huius
276 792 376 877 (long.
400 791 462 858 sub
485 792 541 858 die
562 792 613 857 26
634 790 721 857 Nou.
737 790 831 857 1880
853 791 899 857 ita
925 810 1132 875 expressam:
1153 791 1336 875 «Aequum

157 921 206 982 est
235 916 436 1003 distinguere
465 918 553 983 inter
583 916 739 989 sodalitia,
765 936 848 1002 quae
877 916 1032 983 strictiori
1063 936 1160 983 seusu
1195 917 1339 1002 colleqia

154 1039 219 1105 dici
249 1046 398 1126 possunt,
426 1046 461 1106 ut
483 1060 553 1107 esse
576 1041 681 1107 solent
714 1040 890 1128 pleraeque
911 1040 1052 1124 proprii
1078 1040 1227 1107 nominis
1259 1060 1338 1105 con·

156 1165 379 1231 fraternitates
402 1165 449 1231 ad
471 1164 613 1232 modurn
635 1164 791 1249 erponici
815 1165 971 1247 corporis
993 1164 1204 1242 constitutam
1228 1167 1261 1228 et
1284 1181 1337 1227 so-

152 1287 274 1361 dalitia,
301 1308 382 1371 quae
405 1288 522 1353 laxiori
545 1286 677 1353 vinculo
699 1274 905 1372 colligantur,
931 1290 965 1350 ut
987 1305 1059 1351 esse
1085 1286 1190 1351 solent
1223 1285 1337 1371 plures

155 1410 253 1489 etiam
277 1410 572 1483 confraternitates,
589 1413 623 1475 et
644 1408 819 1495 pleraeque
842 1409 915 1494 piae
938 1408 1176 1483 associationes,
1201 1408 1338 1473 uniones
1365 1450 1371 1459 ·

154 1555 194 1600 ac
209 1537 264 1621 pia
280 1556 388 1621 opera,
406 1540 441 1600 ut
456 1538 575 1601 vocant
594 1554 625 1599 r.
650 1533 759 1609 Quare
783 1534 1069 1600 confraternitates
1088 1533 1220 1618 proprio
1236 1552 1336 1597 sensu

155 1668 230 1727 sunt
254 1660 395 1747 cottepio
419 1659 567 1725 ordinata
590 1679 655 1725 non
678 1664 801 1724 tantum
826 1657 866 1723 ad
890 1659 1083 1723 exercitium
1113 1676 1248 1742 operum
1271 1658 1336 1741 pie

155 1788 230 1854 tatis
255 1793 287 1851 et
311 1788 488 1861 charitatis,
505 1786 561 1852 sed
582 1788 678 1852 etiam
701 1786 741 1852 ad
765 1785 947 1872 augendum
972 1786 1092 1851 cultum
1115 1784 1279 1870 publicum
1303 1787 1336 1849 in

154 1914 293 2001 publicis
316 1914 533 1980 functionibus
549 1920 584 1980 et
600 1914 896 2001 supplicationibus;
913 1915 989 1980 dum
1008 1915 1092 1997 piae
1113 1913 1258 1981 uniones
1278 1890 1338 1979 siti

154 2038 373 2123 praestituunt
402 2040 594 2105 exercitium
624 2057 758 2123 operum
785 2039 913 2122 pietatis
944 2044 976 2103 et
1007 2038 1192 2113 charitatis;
1216 2056 1334 2121 nempe

153 2170 240 2245 sunt,
265 2165 311 2228 ait
335 2165 457 2245 Panici,
482 2184 535 2247 op.
561 2164 613 2230 ut.
634 2183 716 2249 paq.
737 2162 780 2230 31
787 2183 798 2227 :
824 2162 1027 2248 «Simplices
1042 2160 1184 2227 fidelium
1200 2163 1336 2226 uniones

155 2289 209 2353 uel
231 2308 347 2373 preces
369 2289 526 2356 recitandi
549 2290 691 2372 aliosque
714 2289 843 2374 pietatis
865 2308 905 2354 ac
928 2288 1096 2373 religionis
1124 2292 1218 2353 actus
1241 2306 1336 2372 pera·

155 2411 253 2497 gendi
276 2416 381 2498 gratia
396 2413 449 2478 vel
464 2412 639 2479 exercendi
656 2412 825 2478 charitatis
839 2416 940 2493 actus,
957 2411 998 2476 ad
1013 2431 1096 2495 quae
1111 2412 1219 2476 omnia
1233 2410 1332 2476 adim·

154 2535 273 2620 plenda
295 2533 406 2601 fideles
430 2536 591 2605 multoties
607 2556 711 2620 neque
735 2556 813 2621 opus
837 2534 958 2601 habent
981 2556 1052 2600 sese
1075 2536 1203 2599 insimul
1226 2533 1331 2600 deter-

62 2690 64 2695 ·
154 2661 276 2725 minato
298 2658 370 2723 loco
394 2664 426 2723 et
448 2664 593 2744 tempore
617 2657 839 2744 congregandi
922 2680 940 2719 s
960 2657 1017 2743 (l).

246 2782 288 2847 V.
304 2782 491 2849 ‹Sanandi
506 2781 655 2866 desectus
667 2800 907 2867 quoscumque,
922 2780 1044 2867 quibus
1059 2781 1150 2865 offici
1161 2780 1336 2867 continuat

153 2908 403 2991 ademptiones
429 2909 705 2995 Christifidetium
728 2910 775 2974 ad
797 2908 928 2975 Tertius
945 2907 1096 2983 Ordines,
1122 2907 1169 2973 ad
1196 2904 1337 2990 Confra-

152 3034 338 3109 ternitates,
359 3034 655 3121 Conprepationes,
668 3034 749 3118 pias
771 3032 918 3099 Uniones
933 3037 992 3098 etc.
1018 3032 1170 3115 Itemque
1185 3028 1337 3113 desectus

247 3350 286 3421 (l)
306 3351 348 3404 Ad
368 3351 444 3418 haec,
464 3351 651 3421 distinguendi
671 3356 735 3406 sunt
753 3356 830 3407 tertii
851 3352 971 3406 Ordines
989 3351 1159 3405 saeculares.
1180 3350 1251 3404 Nam
1270 3349 1338 3402 dum

158 3459 411 3530 Confraternitates
430 3466 459 3515 et
473 3463 540 3531 piae
564 3463 684 3517 Uniones
708 3461 761 3516 sibi
786 3462 961 3515 constituunt
982 3462 1097 3531 aliquod
1115 3462 1238 3531 speciale
1255 3465 1336 3531 piune

157 3581 226 3634 opus
239 3566 436 3635 peragendum,
451 3584 468 3619 a
481 3582 535 3636 quo
550 3583 651 3621 nomen
667 3566 771 3623 hebent
784 3567 819 3620 ad
832 3566 966 3621 bonorem
979 3567 1029 3622 Dei
1043 3571 1072 3621 et
1084 3565 1335 3620 sanctificationem

157 3670 331 3740 singulorum
355 3670 504 3737 sodalium3
530 3673 618 3727 Tertii
638 3672 756 3727 Ordines
777 3673 945 3727 Saeculares
968 3688 1024 3726 non
1045 3671 1201 3740 suscipiunt
1225 3670 1338 3741 aliquod

154 3776 279 3845 speciale
286 3777 369 3846 pium
379 3793 448 3847 opus
461 3777 652 3843 exercendum,
663 3778 710 3833 sed
723 3778 751 3831 in
765 3792 868 3847 genere
881 3776 1004 3831 instituti
1016 3779 1082 3830 sunt
1094 3776 1128 3830 ed
1141 3776 1292 3829 curandam
1305 3782 1334 3829 et

158 3878 304 3934 fovendam
323 3879 474 3949 impensius
494 3896 548 3934 uon
567 3885 677 3935 tentum
689 3884 935 3951 sanctificationem
950 3882 997 3936 sed
1008 3884 1211 3953 perfectionem
1230 3896 1340 3951 quoque

157 3985 332 4054 singulorum
350 3988 432 4041 tertio
449 3987 548 4041 Ordine·
566 3986 747 4043 addictorum.
766 3988 953 4058 Appellantur
965 4004 1032 4043 vero
1048 3988 1174 4054 Ordines,
1190 3989 1257 4059 quia
1272 4003 1340 4041 con-

157 4090 252 4143 stituti
270 4090 385 4144 suntad
403 4092 519 4146 formam
538 4090 675 4146 Ordimm
688 4093 885 4163 Reputarium,
908 4094 1003 4159 Tertii,
1017 4093 1051 4146 ad
1067 4093 1274 4147 distinctionem
1287 4092 1341 4145 Or·

159 4193 229 4247 dinis
244 4196 336 4265 primi
354 4194 484 4262 virorum,
500 4199 529 4250 et
548 4198 664 4251 secundi
683 4196 846 4256 mulierum:
867 4198 1044 4265 Saeculares,
1057 4197 1123 4269 quia
1141 4196 1243 4250 adsunt
1261 4196 1340 4250 tertii

160 4299 275 4356 Ordines
288 4317 353 4356 rere
371 4304 522 4372 reputares
534 4320 583 4357 seu
596 4318 770 4358 communem
788 4304 877 4358 vitam
895 4305 1053 4373 regularem
1072 4308 1197 4374 agentes.
1217 4303 1341 4373 Congre-

158 4408 288 4476 gationes
303 4414 332 4464 et
350 4411 481 4467 Instituta
501 4430 563 4467 cum
582 4414 655 4467 votis
674 4413 848 4483 simplicibus
867 4429 921 4467 non
941 4413 1046 4467 habent
1065 4417 1161 4468 tertios
1179 4416 1303 4469 ordines.
