3292 5109
637 321 844 369 sunsesrun
866 321 901 369 r.
1295 301 1362 370 505

182 445 211 496 te
229 440 380 510 diligenter
404 441 549 507 informes,
569 445 598 497 et
616 441 640 495 si
658 457 727 496 vera
744 442 801 495 siut
820 443 961 512 exposite,
987 458 1144 514 superque
1162 442 1361 498 conscientiam

183 551 260 600 tuam
273 563 428 613 oneremus,
441 563 505 600 cum
517 547 615 603 iisdem
628 547 841 617 exponentibus,
850 548 997 603 dummodo
1006 549 1082 602 dicta
1092 549 1240 603 Marianus
1250 553 1363 618 propter

183 651 236 706 hoc
255 657 335 721 rapte
353 670 408 706 non
425 653 519 718 luerit,
538 653 611 724 quod
631 652 831 723 impedimento
848 654 962 709 secundi
980 654 1010 708 iu
1029 653 1104 708 linea
1119 653 1230 725 aequali
1244 670 1363 708 consen-

182 759 331 828 guinitatis
349 759 451 828 gradus
470 759 634 824 huiusmodi,
648 775 681 812 ac
694 760 940 814 constitutionibus
958 765 988 815 et
1006 761 1227 816 ordinationibus
1242 762 1363 830 Aposto-

184 863 255 928 liois,
274 864 447 934 caeterisque
466 864 614 918 contrariis
632 863 851 935 quibuscumque
870 865 1135 930 nonobstantibus,
1154 865 1364 919 matrimonium

184 971 257 1024 inter
275 987 305 1024 se
324 969 447 1039 publice,
468 973 579 1030 servate
598 971 688 1024 torma
706 967 825 1025 Consilii
845 970 1018 1036 Tridentini,
1039 970 1220 1037 contrahere,
1239 970 1364 1042 illudque

184 1077 214 1132 in
232 1076 304 1131 facie
323 1075 464 1130 Ecclesiae
483 1073 678 1141 solemnizare,
697 1090 730 1128 ec
749 1074 777 1128 in
797 1091 831 1130 eo
858 1075 1032 1143 postmodum
1055 1091 1199 1130 remanere
1223 1075 1312 1131 libere
1330 1093 1365 1130 ec

185 1185 263 1239 licite
282 1183 408 1246 valeant.
428 1183 517 1238 vetito
541 1183 654 1237 omnino
672 1199 707 1236 ne
726 1182 831 1253 aliquid
849 1184 972 1237 muneris
984 1188 1034 1238 aut
1052 1184 1167 1253 praemii
1187 1186 1300 1256 exigere
1318 1184 1363 1240 rel

183 1290 310 1345 oblatum
336 1290 460 1360 recipere
485 1288 716 1359 praesumpseris,
735 1289 904 1344 auctoritate
930 1289 1046 1355 Nostra,
1065 1304 1099 1344 ex
1124 1290 1217 1359 gretia
1235 1289 1364 1359 speciali,

183 1395 341 1466 dispensem
360 1397 520 1467 prolemque
538 1395 740 1466 suscipiendam
759 1395 859 1450 exinde
878 1394 1034 1464 legitimam
1053 1395 1229 1452 nuntiando..

275 1503 385 1568 Datum,
404 1508 457 1558 etc.

186 1736 214 1807 b)
235 1735 368 1790 Eiusdem
387 1737 601 1806 dispensationis
620 1752 707 1806 super
724 1737 847 1790 recaredo
866 1745 893 1790 ct
912 1737 1068 1799 tertianus
1087 1736 1208 1788 secundo
1227 1743 1252 1790 et
1265 1742 1365 1803 quarto

276 1844 524 1913 consanguinitatis
541 1841 598 1908 (uel
616 1842 769 1912 affinitatis)
786 1843 888 1912 produ.

277 2037 412 2094 Interius:

277 2145 333 2200 Leo
347 2147 496 2216 Episcopus
509 2147 610 2201 Servus
623 2147 770 2202 Servorum
781 2146 830 2201 Dei
842 2147 944 2201 dilecto
957 2145 1016 2200 tilio
1030 2145 1176 2199 Ordinario
1189 2144 1221 2198 N.
1241 2143 1361 2198 salutem

186 2257 216 2307 et
234 2253 423 2322 Apostolicem
443 2253 673 2309 benedictionem.

277 2358 378 2412 Oblata
403 2359 489 2412 Nobis
511 2375 599 2428 nuper
619 2374 668 2428 pro
694 2363 773 2428 parte
798 2358 895 2413 dilecti
920 2358 972 2412 filii
995 2358 1107 2411 loannis
1125 2356 1158 2410 N.
1179 2356 1256 2421 laici,
1275 2360 1304 2410 et
1323 2356 1366 2409 di·

187 2461 278 2519 lectae
297 2464 326 2517 in
343 2462 455 2517 Christo
473 2462 548 2517 tiliae
569 2463 733 2516 Mariannee
752 2463 791 2516 M.
804 2462 931 2518 mulieris
950 2463 983 2516 N.
1001 2462 1135 2516 dioecesis
1154 2463 1253 2530 petitio
1272 2461 1362 2514 couti·

187 2570 280 2634 nebat,
301 2569 373 2640 quod
392 2569 444 2639 ipsi
464 2569 509 2639 qui
531 2585 565 2623 ex
584 2567 708 2623 honestis
726 2569 842 2623 familiis
855 2569 987 2633 existunt,
1000 2585 1035 2622 ex
1049 2567 1134 2622 certis
1151 2566 1366 2621 rationabilibus

185 2677 278 2731 causis
291 2678 398 2732 animos
410 2693 505 2732 sorum
518 2677 703 2744 moventibus,
713 2677 829 2746 cupiunt
842 2677 962 2731 invicem
972 2675 1217 2731 matrimonialiter
1226 2675 1365 2744 copulari3

188 2785 239 2839 sed
253 2784 320 2855 quia
338 2760 457 2838 secundo
470 2787 498 2839 et
512 2785 596 2838 tertio
610 2800 626 2837 e
639 2785 779 2838 communi
792 2785 888 2854 stipite
907 2785 1102 2853 provenientes
1116 2782 1367 2850 consanguinitatis

188 2891 319 2961 gradibus
337 2891 456 2945 invicem
475 2896 539 2945 suut
558 2891 714 2956 coniuncti,
733 2891 900 2946 desiderium
919 2906 1014 2945 eorum
1033 2890 1086 2943 hac
1109 2893 1188 2959 parte
1213 2888 1366 2958 adimplere

188 3014 243 3051 non
263 2983 377 3068 possunt
401 2999 505 3068 absque
530 2995 608 3051 Sedis
626 2997 805 3066 Apostolioae
830 2997 1043 3066 dispensatione.
1063 2995 1155 3056 Quare
1176 2994 1260 3049 iidem
1279 2995 1366 3048 Nobis

188 3103 331 3160 humiliter
349 3104 505 3174 supplicare
520 3105 655 3170 feceruut,
674 3109 706 3157 ut
725 3103 766 3157 eis
784 3102 812 3156 in
834 3103 991 3170 praemissis
1007 3105 1162 3171 opportune
1175 3099 1319 3169 providere
1331 3100 1366 3154 de

189 3207 364 3277 benignitate
383 3207 544 3276 Apostolica
563 3207 750 3277 dignoremur.
771 3207 828 3261 Nos
846 3206 935 3276 igitur
952 3206 1061 3260 eosdem
1081 3223 1098 3258 a
1116 3205 1260 3275 quibusvis
1278 3202 1367 3257 eccle·

188 3315 308 3368 siasticis
326 3315 487 3381 sententiis,
506 3315 644 3379 censuris,
663 3317 692 3368 et
712 3313 822 3382 poenis,
842 3312 986 3382 siquibus
1007 3309 1216 3382 quomodolibet
1241 3309 1366 3362 innodati

189 3424 322 3486 existunt,
342 3423 375 3476 ad
395 3424 524 3477 effectum
545 3423 731 3492 praesentium
751 3425 860 3475 tantum
874 3421 1105 3490 consequendum,
1118 3419 1216 3472 harum
1230 3419 1301 3473 serie
1315 3420 1366 3472 ab·

189 3528 343 3595 solventes,
368 3532 396 3582 et
421 3528 562 3582 absolutos
586 3528 646 3581 lore
670 3533 827 3594 censentes,
853 3524 1014 3579 discretioni
1040 3529 1104 3578 tuse
1130 3540 1179 3592 per
1204 3522 1367 3592 Apostolica

189 3637 293 3705 scripta
317 3637 492 3702 mandamus,
516 3638 653 3706 quatenus
671 3635 705 3689 de
724 3633 884 3704 praemissis
903 3638 931 3687 te
949 3631 1101 3702 diligenter
1125 3633 1273 3696 informes,
1296 3631 1366 3685 etsi

190 3757 256 3794 vera
274 3741 330 3794 sint
348 3741 483 3810 exposita,
497 3757 647 3811 superque
659 3739 859 3793 conscientiam
872 3743 949 3790 tuam
966 3751 1122 3798 oneramus,
1136 3739 1202 3787 tuuc
1216 3751 1278 3786 cum
1291 3733 1367 3802 ipsis,

189 3846 336 3901 dummodo
354 3846 404 3901 ille
422 3853 534 3918 propter
553 3846 606 3901 hoc
624 3855 705 3916 rapta
724 3861 779 3900 non
797 3845 892 3909 fuerit,
911 3843 983 3914 quod
996 3842 1194 3911 impedimento
1208 3841 1286 3894 tertii
1299 3856 1367 3894 cou-

189 3954 386 4022 sanguinitatis
405 3952 507 4023 gradus
525 3953 692 4019 huiusmodi,
704 3968 737 4006 ao
750 3949 998 4006 constitutionibus
1010 3951 1040 4000 et
1052 3945 1276 4000 ordinationibus
1290 3945 1367 4013 Apo·

189 4061 297 4115 stolicis
315 4059 487 4132 caeterisque
500 4059 648 4115 contrariis
660 4059 880 4130 quibuscumque
892 4070 948 4109 uon
961 4054 1145 4116 obstantibus,
1158 4051 1367 4106 matrimonium

127 4173 130 4180 '
190 4169 264 4224 inter
282 4186 312 4223 se
331 4168 450 4238 publice,
469 4171 580 4222 servate
598 4168 688 4220 forma
707 4164 823 4220 Consilii
843 4162 999 4218 Tridentini
1013 4160 1188 4225 contrahere,
1201 4159 1325 4230 illudque
1338 4159 1367 4212 iu

189 4276 262 4330 fecie
281 4275 415 4330 ecclesiae
434 4275 623 4341 solemnizare,
642 4290 674 4327 ao
693 4273 721 4327 in
740 4287 774 4327 eo
793 4270 967 4341 postmodum
986 4285 1130 4324 remanere
1146 4267 1234 4322 libere
1247 4270 1277 4321 et
1288 4265 1367 4320 licite

190 4380 312 4450 valeant,
331 4381 419 4436 vetito
437 4363 550 4436 emhino
569 4397 603 4435 ne
621 4379 724 4450 aliquid
745 4378 868 4432 muneris
886 4381 935 4431 aut
948 4376 1045 4446 premii
1058 4376 1171 4445 exigere
1184 4373 1229 4428 vel
1241 4372 1367 4428 oblatum
