3292 5109
535 336 579 383 na
603 335 742 383 runicus
766 335 1031 384 nocnnsmsrrcrs
1307 318 1369 385 351

285 461 361 527 288.
386 460 449 527 Sed
472 459 581 544 aliqua
595 460 769 545 peculiaris
792 458 903 525 subest
925 458 1095 525 difficultas
1118 461 1151 525 in
1174 460 1373 526 aestimando

195 586 308 651 valore
337 584 584 669 rescriptorum
612 589 643 649 et
666 584 913 651 sententiarum
943 584 1143 650 iudiciotim.
1168 586 1297 651 Etenim
1319 604 1378 651 re-¹

192 710 332 795 scripta,
349 714 459 795 utpote
483 730 565 795 quae
589 710 786 795 respondent
802 710 1029 776 consultationi
1050 712 1186 775 alicuius
1202 717 1278 775 nata
1300 715 1377 776 sunt

194 837 243 901 ius
267 835 378 899 lacere
401 832 609 919 particulare,
633 837 666 898 et
688 834 751 899 hoo
774 834 1027 918 exploratissimi
1058 836 1138 899 iuris
1169 840 1226 899 est.
1256 834 1375 900 Nihilo

195 958 300 1022 minus
315 956 475 1040 rescripta
490 974 571 1039 quae
588 954 706 1019 dantur
728 974 748 1019 a
771 955 802 1021 S.
820 955 1131 1041 congregationibus
1145 956 1187 1021 ad
1206 956 1377 1041 expedien-

196 1080 271 1145 dum
287 1078 415 1163 aliquod
430 1078 560 1144 dubium
575 1079 665 1153 iuris,
679 1080 824 1163 quamvis
840 1080 1061 1147 inscribantur
1078 1080 1203 1147 cuidam
1220 1078 1306 1145 fideli
1322 1081 1376 1145 vel

194 1208 294 1273 alicui
316 1207 469 1288 dioecesi,
493 1211 603 1273 tamen
626 1206 794 1270 continent
823 1207 1125 1291 interpretationem
1157 1208 1246 1271 iuris.
1278 1206 1375 1289 Atqui

197 1332 473 1418 Congregationes
497 1350 539 1395 ex
562 1331 706 1396 instituto
738 1350 795 1395 suo
827 1329 947 1395 habent
978 1332 1120 1396 nativam
1151 1331 1376 1395 auctoritatem

197 1456 436 1542 interpretandi
464 1455 654 1521 authentice
682 1456 772 1541 leges
796 1456 960 1536 obscuras,
992 1476 1202 1540 unaquaeque
1232 1475 1292 1540 pro
1319 1473 1377 1519 sua

198 1583 366 1669 provincia
388 1602 444 1647 seu
468 1601 528 1667 pro
551 1602 704 1646 mensura
720 1601 796 1647 suae
820 1583 1071 1666 competentiae;
1087 1581 1286 1667 proindeque
1302 1580 1377 1646 obli·

142 1678 143 1684 *
196 1707 295 1794 gandi
318 1705 429 1772 fideles
452 1711 489 1771 ut
509 1707 600 1792 leges
624 1706 799 1773 observent
821 1726 862 1771 ea
884 1708 1089 1791 rationeque
1106 1706 1287 1792 explicatae
1304 1710 1378 1771 sunt

198 1852 258 1919 per
270 1833 500 1899 authenticam
512 1833 822 1918 interpretationem.
835 1868 852 1881 -
866 1832 928 1898 Sed
942 1832 996 1897 hic
1008 1834 1157 1898 exoritur
1169 1833 1322 1916 quaestio,
1335 1850 1377 1895 an

198 1979 313 2045 nempe
338 1977 380 2022 ex
403 1947 562 2044 rescripto
585 1956 659 2023 dato
674 1957 715 2021 ad
731 1958 915 2023 instantiam
938 1959 1111 2044 peculiaris
1126 1958 1189 2022 viri
1210 1956 1377 2040 eidemque

198 2084 354 2170 inscripto
378 2085 502 2149 exoriri
525 2086 625 2170 possit
648 2083 841 2149 universalis
865 2082 1016 2169 obligatio
1039 2104 1099 2169 pro
1123 2081 1269 2148 omnibus
1298 2080 1378 2146 fide-

198 2210 292 2277 libus.
317 2210 457 2277 Videtur
487 2212 572 2276 enim
604 2210 717 2276 deesse
747 2232 789 2275 ex
819 2215 913 2295 parte
946 2211 1211 2296 Congregationis
1242 2209 1378 2273 intentio

197 2338 362 2425 obligandi
397 2347 525 2411 omnes,
556 2338 680 2402 scilicet
710 2357 764 2402 eos
794 2356 921 2421 quoque
951 2337 1081 2423 negotio
1113 2342 1305 2410 extraneos3
1337 2354 1379 2399 ex

200 2465 293 2548 parte
323 2464 430 2524 autem
454 2459 604 2544 rescripti
628 2457 755 2523 videtur
786 2458 966 2523 desiderari
988 2457 1202 2542 promulgatio
1234 2456 1379 2542 apprime

200 2583 385 2649 necessaria
408 2580 448 2647 ad
472 2580 685 2647 inducendam
716 2582 798 2667 legis
826 2580 1064 2667 obligationem.
1091 2616 1108 2627 -
1134 2577 1275 2643 Proinde
1296 2576 1378 2650 ,hnic

199 2707 379 2790 quaestioni
402 2702 496 2771 modo
519 2703 780 2771 satisfaciendum
803 2709 861 2769 est.

290 2832 353 2899 Sed
383 2836 480 2896 autea
502 2830 629 2897 adverti
657 2830 760 2905 debet,
785 2830 930 2896 eamdem
961 2831 1180 2914 quaestionem
1211 2828 1274 2892 imo
1305 2846 1379 2912 gra-

199 2959 324 3023 viorem
347 2976 469 3043 urgere
493 2955 596 3041 quoad
620 2957 801 3023 sententias
817 2956 1003 3022 iudimalea.
1021 2955 1206 3021 Sententiae
1230 2954 1316 3017 enim
1336 2954 1381 3016 iu-

199 3079 344 3149 diciales.
363 3082 475 3163 suapte
497 3079 539 3151 vi,
557 3078 606 3143 ius
628 3077 752 3142 faciunt
774 3077 941 3162 peculiare
957 3077 1044 3141 inter
1062 3080 1181 3161 partes.
1197 3093 1273 3138 nam
1290 3092 1308 3136 e
1324 3092 1381 3139 ree

200 3203 290 3269 inter
313 3202 400 3270 alios
422 3207 509 3277 noto,
536 3201 614 3267 aliis
636 3220 699 3267 aec
721 3220 844 3267 nocere
870 3220 931 3267 aec
957 3200 1122 3284 prodesse
1146 3198 1242 3266 debet
1265 3220 1294 3265 a.
1321 3198 1381 3265 Cui

201 3328 360 3415 principio
383 3346 463 3393 sane
485 3326 710 3413 obtemperare
733 3327 853 3393 debent
874 3328 1054 3392 sententiae
1076 3325 1241 3392 iudiciales
1261 3325 1380 3390 atlon·

202 3450 445 3538 gregationibus
467 3450 590 3527 editae;
614 3455 664 3518 est
687 3453 774 3517 enirn
797 3452 847 3516 ius
870 3452 974 3536 ipsum
997 3450 1145 3517 naturale
1168 3450 1252 3535 quod
1271 3449 1379 3523 dictat,

199 3548 272 3641 aaa
291 3593 394 3657 posse
410 3574 560 3659 aliquem
576 3574 799 3641 condemnari
815 3573 982 3639 sententio
1005 3593 1028 3639 a
1051 3593 1121 3658 quo
1140 3593 1176 3640 se
1198 3572 1382 3656 defendere

201 3697 408 3763 iudicialiter
430 3715 501 3763 aaa
522 3697 639 3762 valuit.
655 3697 840 3763 -Attamen
863 3696 989 3763 adverti
1013 3696 1116 3771 debet,
1134 3698 1301 3763 sententiis
1316 3698 1380 3761 vim

201 3820 310 3886 inesse
328 3820 566 3907 interpretandi
580 3821 671 3906 leges
686 3818 854 3896 obscuras;
872 3820 1071 3906 proindeque
1088 3820 1219 3885 erebus
1235 3820 1382 3886 indicatis

201 3963 328 4029 nempe,
348 3963 392 4009 ex
407 3942 553 4029 pluribus
568 3944 745 4017 sententiis,
763 3944 877 4009 eadem
893 3945 1020 4009 ratione
1036 3944 1324 4029 interpretantibus
1339 3944 1382 4009 le·

201 4086 286 4151 gem,
301 4068 410 4131 enasci
423 4067 731 4151 tumsproctencinm
746 4088 803 4133 seu
815 4068 1041 4133 auctoritatem
1055 4088 1165 4134 rerum
1177 4069 1326 4134 similiter
1338 4070 1383 4133 iu·

202 4189 385 4256 dicatarum
397 4189 437 4255 de
453 4209 516 4275 qua
527 4191 668 4275 loquitur
680 4193 795 4259 Cicero
809 4190 942 4279 (Topic.
955 4191 1002 4277 5);
1019 4212 1163 4276 quaeque
1175 4192 1259 4277 apud
1272 4211 1383 4258 omnes

202 4319 317 4401 gentes
348 4336 449 4400 usque
480 4317 514 4381 in
543 4315 668 4383 honore
691 4318 761 4385 fuit.
786 4317 880 4385 Unde
911 4339 954 4384 ex
982 4318 1152 4385 sententiis
1183 4317 1385 4383 iudicialibus

205 4440 339 4524 exurgit
354 4438 539 4525 explanatio
561 4440 642 4526 legis
666 4460 747 4525 quae
770 4445 882 4527 utpote
904 4461 970 4506 non
985 4441 1123 4528 amplius
1145 4440 1241 4508 dubia
1263 4440 1385 4529 obligat
