3292 5109
521 310 565 359 nn
588 309 728 357 marcus
751 309 1018 357 sccunsmsmcrs
1311 289 1373 354 183

193 428 485 517 Congregationem
509 431 751 500 cardinalitiam
779 452 840 519 pro
863 432 1025 498 revisioue
1049 429 1265 497 conciliorum
1289 429 1372 493 Pro-

190 558 390 624 vincialium.
408 560 499 625 Haec
523 564 572 625 est
594 559 757 647 appendix
774 558 1042 645 congregationis
1058 556 1192 623 Concilii
1215 576 1289 621 cum
1311 575 1374 639 qua

190 700 393 746 communem
410 681 509 747 habet
525 683 733 748 Praefectum
750 688 782 748 et
798 682 1035 757 secretarium
1059 684 1094 744 at
1112 679 1261 765 proprios
1275 677 1374 743 babet

188 803 393 868 consultores
416 822 459 870 ex
481 806 570 871 clero
594 804 755 871 saeculari
778 808 811 870 et
833 803 979 890 regulari
1002 803 1132 869 electos.

280 929 403 1011 Modus,
421 950 483 1014 quo
503 932 670 1017 peragitur
685 930 905 996 Conciliorum
929 948 1066 994 examen
1083 932 1117 994 et
1132 925 1303 1006 correctio,
1323 928 1372 989 est

188 1072 337 1136 sequens.
364 1088 381 1101 ·
406 1052 555 1139 Synodus
577 1053 787 1138 provincialis
810 1054 866 1119 uni
890 1072 934 1117 ex
958 1048 1201 1117 consultoribus
1226 1048 1370 1113 commit·

186 1174 269 1239 titur
292 1174 517 1257 examinanda,
534 1177 588 1261 qui
608 1176 755 1241 omuibus
778 1174 952 1261 diligenter
967 1173 1134 1259 perpensis
1158 1190 1231 1235 suas
1255 1174 1373 1235 exarat

187 1301 486 1367 animadversiones
510 1302 629 1368 notatis
652 1302 779 1393 paginis
801 1300 844 1367 ad
868 1321 948 1385 quas
971 1302 1051 1365 istae
1075 1298 1273 1364 referantur.
1288 1296 1371 1361 Ani·

186 1426 429 1515 madversioucs
456 1433 638 1512 ponuntur
667 1428 704 1495 in
730 1428 814 1511 sotio
846 1448 903 1494 seu
933 1428 1020 1512 typis
1048 1424 1243 1511 vulganium
1273 1426 1370 1505 etque

184 1552 322 1637 singulis
361 1551 583 1618 cardinalibus
622 1558 654 1617 et
693 1550 935 1618 Consultoribus
972 1547 1154 1614 traduntur.
1192 1580 1210 1594 ·
1241 1546 1368 1611 Verum

184 1682 358 1760 antequam
391 1676 586 1742 'cardinales
620 1677 763 1760 plenam
802 1674 1101 1761 congregationem
1139 1669 1280 1735 babeant
1309 1687 1368 1752 pro

185 1801 401 1869 decernendis
430 1802 686 1869 correctionibus
715 1801 892 1883 iaciendis,
924 1799 1132 1866 consultores
1161 1796 1238 1861 huic
1268 1795 1367 1880 cong.

183 1930 341 2015 adscripti
374 1929 457 2016 apud
489 1930 710 1997 Secretarium
742 1933 938 1994 conventum
965 1925 1104 2006 habent,
1131 1943 1194 2007 quo
1224 1922 1369 2008 pandunt

181 2056 305 2141 singuli
329 2074 419 2120 suam
443 2057 635 2121 sententiam
652 2060 685 2119 et
700 2056 791 2120 circa
810 2052 1106 2119 animadversiones
1122 2049 1321 2115 consultoris
1337 2053 1370 2113 et

180 2180 276 2245 circa
292 2179 442 2244 meritum
459 2177 602 2243 concilii.
630 2212 647 2225 ·
673 2176 900 2243 consultorum
924 2174 1103 2239 sententiae
1118 2174 1205 2258 typis
1228 2170 1367 2236 eduntur

179 2306 217 2367 et
246 2303 287 2369 de
319 2303 370 2368 bis
400 2301 551 2369 iudicium
582 2301 732 2367 fertura
755 2298 979 2367 cardinalibus
1002 2300 1035 2362 in
1059 2298 1156 2382 plena
1186 2314 1367 2381 congrege·

177 2428 272 2493 tione
306 2426 453 2492 adunatis
484 2446 544 2512 pro
571 2424 789 2491 deliberandis
825 2421 1082 2489 correctionibus
1112 2418 1300 2486 inducendis
1334 2427 1367 2483 et

177 2548 515 2615 animadversionibus
530 2547 569 2613 ad
586 2548 857 2633 Metropolitanos
874 2544 1106 2611 rescribendis.
1124 2578 1143 2593 ·
1161 2542 1241 2607 Inde
1258 2541 1368 2607 Conci·

177 2673 261 2737 lium
279 2673 485 2757 empenditnr
500 2676 533 2738 et
541 2673 811 2759 'recognoscitun
831 2669 968 2737 sednon
980 2669 1125 2752 positive
1140 2666 1363 2751 approbatur.

272 2799 340 2864 Has
363 2799 492 2863 litteras
515 2796 659 2881 aliasque
682 2796 714 2861 id
740 2816 853 2882 genus,
877 2795 919 2861 ad
942 2795 1215 2880 Arcbiepiscopos
1237 2797 1270 2856 et
1292 2792 1365 2875 Epi-

178 2942 296 3006 scopos
319 2921 450 2994 dandas,
476 2919 651 2986 conscribit
675 2922 838 3007 appositus
863 2918 1019 2987 Officialis
1042 2916 1126 3004 apud
1158 2916 1257 2999 c0ng.
1286 2914 1365 2979 c0u·

176 3047 246 3112 cilii
270 3048 470 3120 constitutus.
489 3047 580 3112 cuius
596 3047 741 3112 meminit
758 3045 953 3111 Benedictus
968 3045 1053 3110 XIV
1069 3045 1122 3109 cit.
1140 3044 1247 3109 const.
1263 3040 1364 3106 Decet

175 3174 285 3238 aiens:
304 3196 323 3234 ι
397 3173 428 3239 is
451 3172 510 3258 qni
532 3174 641 3239 eidem
660 3174 763 3259 Conp.
782 3174 818 3237 in
844 3172 958 3238 latinis
980 3169 1099 3236 titteris
1114 3166 1291 3251 Episcopis
1312 3184 1364 3241 re

174 3294 368 3363 scribendis
391 3315 533 3379 operam
551 3294 694 3379 praebet
710 3317 741 3360 a.
1321 3268 1346 3314 '¹

272 3419 345 3484 156.
371 3420 587 3505 Congregatio
610 3440 675 3483 uon
700 3420 842 3485 adnecto
866 3418 922 3484 sed
946 3418 1059 3503 affinis
1082 3420 1132 3481 est
1147 3413 1363 3500 Congregatio

174 3558 284 3623 super
313 3542 498 3608 residentia
521 3544 781 3626 Episcopornrn.
809 3543 904 3608 Hauc
935 3542 1073 3606 instituit
1103 3539 1253 3607 Urbanus
1275 3537 1361 3604 VIll

175 3660 287 3728 Consi.
313 3660 481 3748 Synodns,
506 3684 538 3729 a.
563 3664 665 3746 1634,
689 3671 724 3730 ut
748 3665 936 3750 invigilaret
958 3666 991 3728 in
1015 3661 1253 3729 observantiam
1280 3661 1362 3754 legis

175 3786 373 3853 residentiae
395 3793 565 3875 tantopere
587 3810 607 3855 a
630 3791 719 3857 Trid.
744 3792 866 3857 Concil.
891 3792 1058 3877 Episcopis
1084 3790 1314 3877 praescriptae.
1341 3824 1359 3837 ·

175 3910 287 3978 Sixtus
304 3912 346 3987 V,
371 3914 404 3977 iu
428 3913 535 3980 const.
554 3916 738 3993 immensa,
764 3918 864 4005 Gong.
890 3917 1024 3985 concilii
1047 3916 1212 3982 mandavit
1234 3913 1359 3981 Concit.

181 4033 276 4099 Trid.
303 4037 538 4103 enecationene
564 4040 769 4121 praesertim
800 4041 837 4106 in
867 4042 1071 4108 residentiae
1093 4058 1258 4122 munere,·
1281 4056 1360 4122 quo·

174 4158 265 4222 circa
289 4158 350 4225 ista
375 4160 473 4247 Cong.
498 4181 604 4245 snper
626 4165 811 4231 residentia
834 4167 1085 4251 Episcopornm
1115 4167 1216 4232 veluti
1239 4164 1359 4230 consti·

172 4284 244 4348 tuta
260 4286 317 4357 est,
334 4287 371 4348 ut
387 4285 481 4349 nimis
495 4306 597 4371 grave
616 4288 743 4354 levaret
762 4310 844 4355 onus
859 4290 959 4377 cong.
976 4290 1113 4388 concilii
1128 4291 1320 4375 impositum.
1338 4322 1356 4334 -

173 4404 274 4483 Quasi
297 4407 339 4474 ad
363 4409 557 4477 servandmn
581 4432 659 4478 suae
675 4414 817 4505 ,originis
840 4417 1021 4502 vestigium,
1038 4418 1129 4482 istius
1145 4416 1244 4501 cong.
1266 4412 1359 4480 aSe·
