3292 5109
297 288 364 353 298
477 276 479 281 ’
826 308 911 356 enas
935 308 971 355 11.

297 426 426 493 modum
449 427 573 493 idoneo.
599 427 690 494 Unde
714 428 740 492 si
765 428 798 491 iu
821 428 967 494 Dioecesi
987 428 1166 516 Episcopus
1188 430 1277 502 velit
1294 450 1353 516 pro
1373 430 1483 497 excel·

299 554 398 620 tentia
425 556 624 629 meritorum,
649 554 788 639 aliquem
820 554 1048 641 presbyterum
1071 556 1141 620 sive
1168 555 1325 621 clericum
1346 554 1483 619 honoris

297 684 331 744 et
352 679 516 744 'mercedis
540 700 638 745 causa
661 684 752 745 certo
776 678 933 745 beneficio
957 680 1186 753 condecorare.
1210 679 1293 745 solet
1313 679 1483 764 postulare

297 804 417 871 bullam
441 806 474 869 in
497 805 603 870 forma
626 805 778 891 Dipnum
802 810 838 870 ut
857 806 1068 890 stuprosae
1091 810 1215 871 suetam
1238 806 1377 870 formam
1400 825 1482 871 con-

297 950 421 1002 cursus,
446 929 636 995 conferatur
659 926 861 1003 beneficium,
884 930 1059 1015 singularis
1082 930 1217 995 honoris
1239 949 1355 1005 causa;

432 1055 464 1143 4)
490 1056 584 1120 Bulla
608 1057 653 1119 ita
676 1060 834 1141 concepta
856 1061 912 1120 aut
934 1055 998 1119 alia
1021 1056 1250 1141 aequipollenti
1281 1056 1408 1120 ratione
1431 1059 1483 1121 est

296 1183 331 1247 in
355 1181 475 1265 foranu
502 1179 737 1247 commissoriae
760 1181 835 1263 quia
858 1180 1068 1245 committitur
1091 1179 1265 1246 Ordinatio
1288 1180 1351 1245 loci
1375 1179 1480 1245 lacul-

296 1310 346 1372 tas
374 1304 564 1371 conferendi
591 1301 801 1377 beneficium,
826 1305 964 1370 servatis
990 1309 1100 1369 tamen
1127 1304 1292 1369 nonnullis
1322 1303 1481 1369 crinditio-

296 1432 402 1506 nibus;

430 1554 463 1639 5)
488 1554 581 1619 Bulla
611 1560 660 1618 est
690 1554 723 1616 in
755 1552 863 1617 forma
886 1551 1026 1619 Rationi
1048 1539 1207 1640 conyruit
1233 1552 1362 1637 quando
1386 1552 1480 1637 Papa

296 1681 442 1747 eamdem
467 1680 599 1764 expedit
621 1699 720 1765 super
743 1679 977 1765 supplicatione
993 1679 1033 1744 ab
1054 1682 1124 1745 eius
1139 1681 1317 1745 Decessore
1340 1680 1480 1765 signata;

295 1810 374 1871 tunc
397 1804 481 1869 enim
505 1804 593 1869 bulla
615 1804 744 1888 incipit:
769 1802 910 1870 Ratione·
932 1803 1111 1889 conpruil5

431 1926 465 2014 6)
489 1928 583 1991 Bulla
610 1932 660 1993 est
689 1928 722 1990 in
745 1925 863 2008 forano
882 1946 1081 2010 puerperam
1104 1932 1165 1994 aut
1185 1928 1223 1992 in
1243 1924 1362 2010 somna
1386 1944 1481 1992 com·

296 2054 403 2117 muni.
430 2088 449 2099 -
476 2054 513 2116 ln
538 2051 639 2116 Bullis
661 2050 778 2133 sorano
808 2070 1008 2134 pauperum
1031 2051 1206 2136 expeditis,
1231 2052 1338 2115 minor
1360 2056 1394 2115 et
1416 2048 1484 2113 alia

297 2179 424 2243 ratione
448 2178 584 2243 solvitur
607 2182 699 2253 taxa;
723 2177 779 2243 sed
804 2178 936 2244 Dataria
955 2178 988 2241 iu
1003 2177 1296 2263 dispensationibus
1315 2177 1482 2241 matrimo-

296 2302 434 2367 nialibus
449 2324 509 2388 pro
527 2302 589 2367 hac
610 2302 716 2367 forma
739 2303 850 2390 pratis
872 2321 937 2366 non
958 2301 1122 2388 dispensat
1135 2302 1196 2368 nisi
1213 2323 1257 2367 ex
1271 2303 1482 2368 attestatione

297 2428 547 2496 Ordinariorum
571 2432 705 2499 constet,
723 2436 896 2510 utrumque
911 2446 1062 2511 sponsum
1077 2445 1149 2491 esse
1163 2425 1394 2492 miserabilem
1413 2445 1482 2490 non

294 2556 419 2618 tantum
435 2570 637 2635 pauperem.
654 2553 761 2617 Etiam
780 2552 1035 2617 Poenitentiaria
1058 2551 1154 2616 hodie
1173 2550 1346 2636 dispensat
1364 2550 1481 2615 eodem

295 2676 390 2763 style,
408 2678 441 2740 in
457 2676 692 2760 impedimentis
708 2676 996 2743 matrimonialibus
1015 2695 1084 2759 pro
1107 2674 1187 2757 foro
1210 2680 1352 2741 eceterae
1374 2674 1481 2759 quoad

294 2820 464 2887 pauperes,
489 2800 545 2899 sed
568 2821 632 2864 non
650 2800 767 2866 dieitur
791 2799 980 2886 dispensare
996 2801 1029 2864 iu
1042 2797 1161 2883 formo
1180 2818 1380 2882 pauperum
1403 2800 1481 2882 quia

294 2942 355 3008 pro
382 2942 452 2987 nou
479 2920 694 3005 pauperibus
716 2922 753 2986 in
774 2920 854 3004 foro
878 2926 1020 2988 eceteram
1051 2922 1244 3006 permissum
1268 2940 1332 2984 nou
1356 2925 1408 2984 est
1429 2918 1477 2985 di·

295 3068 450 3135 spensare
475 3049 766 3123 Poenitentiariae;
791 3046 866 3111 dum
895 3047 1045 3111 Datariae
1070 3046 1188 3129 forma
1215 3046 1406 3112 communis
1428 3050 1480 3111 est

295 3178 330 3238 ut
353 3192 413 3257 pro
437 3172 539 3237 Bullis
561 3177 658 3236 tanae
680 3170 860 3237 solvantur.
886 3170 947 3237 Sed
971 3171 1011 3237 de
1034 3171 1095 3245 his,
1113 3170 1189 3235 data
1211 3172 1320 3255 opera,
1343 3190 1479 3256 agemus

294 3298 329 3361 in
350 3298 546 3363 tractatione
570 3294 609 3360 de
633 3295 901 3361 Poeniteutiaria.

384 3420 459 3484 247.
486 3420 599 3485 Bullae
623 3419 866 3505 distinguuntur
889 3440 909 3483 a
932 3418 1100 3491 Brevibus.
1125 3422 1159 3482 et
1181 3438 1241 3503 per
1264 3419 1373 3482 Breve
1390 3417 1477 3481 Pon-

231 3600 233 3609 .
294 3543 427 3610 tiliolum
451 3546 603 3611 dicuntur
626 3545 771 3630 expediri
805 3546 949 3609 Litterae
973 3538 1190 3629 Apostolicae'
1209 3543 1304 3608 datae
1326 3562 1394 3607 non
1417 3541 1476 3607 sub

294 3670 423 3756 plumbo
447 3670 503 3735 sed
526 3669 583 3735 sub
607 3671 728 3735 annulo
753 3670 947 3743 Piscatoris.
973 3671 1114 3755 scriptae
1136 3670 1249 3755 lingua
1270 3669 1374 3733 latina
1397 3668 1475 3733 cha-

294 3801 423 3860 ractere
453 3795 554 3861 latino
578 3792 685 3881 (hodie
717 3796 879 3861 communi
908 3797 1004 3860 etiam
1028 3794 1153 3879 Bullis),
1177 3799 1211 3859 et
1237 3814 1337 3880 super
1359 3793 1477 3859 charta

294 3941 492 4007 pergamena
513 3920 656 4007 levigata
678 3925 712 3986 et
733 3910 809 3986 alba¹
829 3940 873 3986 ex
896 3921 1002 3985 forma
1029 3919 1300 4005 quadrangulari,
1325 3919 1405 3984 hinc
1426 3918 1477 3983 al-

293 4048 395 4111 terius
427 4045 588 4130 qualitatis
612 4052 645 4111 et
668 4047 803 4111 minoris
834 4045 1042 4111 dimensionis
1074 4064 1272 4131 pergamena
1297 4045 1475 4109 Bullarum.

294 4172 441 4257 Sigillum
473 4172 584 4235 annuli
617 4172 793 4238 Piscatoris
822 4171 1018 4256 imprimitur
1042 4169 1143 4235 rubro
1172 4175 1355 4235 atramento
1379 4189 1477 4254 super

292 4316 491 4383 pergamena
515 4301 547 4361 et
569 4295 676 4362 refert
698 4296 870 4382 imaginem
894 4296 967 4361 Divi
991 4296 1083 4361 Petri
1105 4296 1139 4360 in
1162 4294 1240 4359 navi
1263 4296 1347 4359 retia
1370 4298 1477 4359 extra·

292 4418 400 4486 hentis
422 4420 462 4485 ab
485 4440 578 4505 aqna.
