3292 5109
531 328 576 377 ns
600 329 739 379 runicus
763 329 1029 379 nccnmnsrrcrs
1344 313 1366 377 7

194 449 250 515 snb
272 452 402 517 numine
423 469 536 517 omnes
563 451 740 517 coadunari
762 457 796 518 et
816 452 963 518 invocari
986 454 1114 539 saepius
1136 452 1250 518 solent.
1275 454 1368 519 liaa

194 575 286 642 Card,
307 577 353 642 De
373 577 462 643 Luca
484 596 543 643 sua
564 578 725 660 tractatio,
742 579 776 643 in
790 598 856 663 qna
870 577 941 645 fuse
956 577 997 643 de
1011 578 1042 645 S.
1060 580 1371 666 congregationibus

193 705 332 770 romanis
344 702 523 777 disseritur,
533 703 721 770 inscribitur
735 703 896 772 «Relatio
908 704 1026 771 curiae
1039 724 1207 771 romanae
1221 706 1370 790 sorensis

192 828 329 913 eiusque
350 825 591 893 Tmbaaalium
614 832 647 893 et
663 827 976 915 Conpreqationom
992 850 1023 911 ›,
1039 830 1143 915 primo
1165 828 1251 895 edita
1274 829 1370 895 Colo·

191 952 264 1017 niae
278 970 308 1015 a.
326 950 413 1018 1685
430 984 459 1025 -,
484 953 560 1016 item
584 970 604 1015 a
626 950 666 1015 cl.
684 952 790 1016 Bouix
812 952 978 1037 appositus
999 956 1158 1018 tractatus
1180 951 1221 1017 de
1241 952 1273 1019 S.
1290 952 1370 1019 (lon-

192 1073 433 1161 gregationibus
455 1076 597 1141 romanis
618 1080 824 1161 nuncupatur
849 1074 934 1143 «Da
958 1074 1065 1144 Curio
1086 1075 1285 1145 Romana»
1311 1076 1369 1162 (1).

280 1198 311 1263 8.
335 1198 470 1283 Liquido
493 1202 582 1283 patet
597 1198 715 1265 curiae
736 1218 905 1266 romonae
926 1220 1046 1267 nomen
1069 1205 1245 1266 mutuatum
1269 1200 1370 1266 fuisse

191 1342 212 1387 a
233 1321 447 1389 celeberrima
471 1323 681 1410 Reipublicae
704 1342 859 1389 romanae
882 1325 980 1391 curio
1003 1346 1086 1409 quae
1109 1325 1229 1411 duplex
1251 1326 1368 1409 extitit,

192 1448 296 1513 altera
317 1449 455 1535 negotiis
479 1449 585 1515 cultus
611 1450 763 1536 religiosi,
788 1452 894 1517 altera
915 1471 1036 1516 vacans
1058 1453 1196 1537 negotiis
1217 1452 1370 1537 politicae

190 1568 485 1646 administrationis,
501 1580 537 1637 ut
551 1570 658 1637 innuit
671 1572 718 1637 De
734 1572 824 1638 Luca
838 1591 893 1656 op.
910 1573 962 1639 cit.
979 1572 1050 1639 Dis.
1067 1576 1096 1649 1,
1119 1594 1154 1640 n.
1171 1572 1203 1637 1.
1222 1608 1237 1621 -
1254 1572 1370 1640 Cicero

189 1696 318 1762 uidetur
346 1697 601 1783 magnitudinem
626 1696 743 1763 Curiae
767 1698 861 1763 Rom.
885 1699 976 1764 Eccl.
999 1696 1179 1773 divinasse,
1204 1718 1300 1783 quum
1324 1698 1370 1763 ita

190 1819 299 1886 laudat
329 1821 458 1887 Curiam
489 1820 637 1907 Reipubl.
672 1822 782 1895 Rom,
818 1826 855 1887 ut
884 1822 1086 1907 appellatio
1116 1822 1275 1890 Oratim
1298 1840 1368 1906 pro

190 1945 329 2027 Milone,
352 1945 506 2031 templum
534 1947 722 2019 sanctitatis,
747 1946 974 2032 amplitudinis,
1003 1947 1129 2028 mentis,
1154 1947 1279 2011 consilii
1309 1966 1369 2033 pu-

188 2067 275 2141 blici,
299 2074 397 2156 caput
418 2070 514 2143 orbis,
539 2088 630 2135 aram
653 2070 815 2135 sociorum
842 2074 875 2135 et
897 2076 1025 2155 portum
1048 2072 1191 2136 omnium
1214 2072 1368 2157 gentium.

281 2193 410 2259 Revera
423 2196 662 2260 curiaenomen
675 2194 863 2262 accurando
877 2199 967 2260 certe
979 2195 1179 2282 desumptum
1195 2201 1256 2270 est,¹
1267 2214 1369 2279 qnare

188 2317 301 2383 curiae
323 2323 473 2383 naturam
498 2317 689 2383 demetimur
718 2338 738 2383 a
764 2318 862 2385 rebus
886 2337 1022 2403 quarum
1046 2338 1159 2385 curam
1181 2320 1249 2405 ipsa
1272 2319 1367 2405 gerit.

188 2441 406 2517 Quamobrem
430 2440 569 2508 officium
592 2443 704 2510 curiae
721 2441 912 2530 Pontificiae
934 2442 975 2509 ab
998 2446 1129 2528 antiqua
1149 2445 1369 2510 Romanorum

187 2568 283 2633 curia
305 2572 431 2633 tantum
454 2564 570 2639 differt,
587 2572 741 2651 quantum
758 2566 931 2633 Consulum
947 2573 979 2633 et
996 2570 1232 2655 Imperatorum
1251 2587 1368 2633 munus

187 2687 322 2754 distata
338 2689 476 2754 Romani
493 2686 659 2755 Pontificio
675 2689 836 2775 spirituali
859 2690 1052 2776 principatu.
1078 2688 1242 2775 Siquidem
1257 2692 1369 2758 curiae

186 2810 359 2879 Pontificis
374 2814 512 2879 Romani
527 2814 693 2900 proprium
714 2819 764 2879 est
784 2814 966 2880 adhaerere
982 2834 1142 2900 personae
1158 2817 1267 2902 Papae
1282 2814 1323 2881 ad
1338 2817 1369 2881 ei

279 3061 319 3131 (l)
338 3060 377 3117 De
395 3061 474 3116 curia
497 3079 626 3129 romana,
646 3062 740 3131 plures
765 3062 905 3118 habentur
927 3066 1078 3128 tractatus;
1104 3063 1211 3119 consuli
1237 3067 1366 3134 possunt,

185 3166 389 3237 Plettemberg,
402 3166 509 3221 Notitio
524 3165 793 3239 congregationum
808 3167 963 3236 Lunadoro,
976 3170 1131 3227 Relazione
1148 3171 1228 3226 dello
1246 3179 1322 3225 corte
1339 3171 1371 3224 di

184 3272 293 3338 Rorna,
313 3272 434 3326 maxime
452 3272 481 3325 in
500 3271 621 3327 editione
640 3272 802 3328 notabiliter
815 3278 900 3327 aucta
917 3290 935 3327 a
953 3273 1063 3330 celebre
1075 3275 1219 3341 zaccaria,
1233 3275 1368 3329 Zamboni

183 3378 215 3433 in
228 3392 314 3446 opere
330 3378 463 3433 Collectio
481 3378 705 3434 declarationum
721 3378 748 3432 S.
765 3378 849 3450 Conp.
869 3380 983 3446 Concil,
1001 3380 1049 3434 nbi
1067 3380 1096 3435 in
1115 3382 1171 3435 tine
1190 3385 1219 3436 et
1231 3380 1368 3451 principio

183 3480 281 3551 operis
301 3478 440 3534 habentur
458 3480 667 3537 dissertationes
685 3482 719 3537 de
737 3482 790 3536 hac
808 3486 890 3548 mat3
910 3483 1031 3549 Villetti,
1050 3483 1163 3540 Pratico
1181 3486 1262 3541 dallo
1282 3486 1369 3541 Curia

183 3589 325 3655 annana,
337 3588 413 3644 edita
426 3606 451 3643 a
467 3590 551 3657 1787,
564 3590 629 3646 dein
647 3608 671 3645 a.
687 3590 757 3646 1815
776 3593 812 3646 ab
826 3592 958 3645 Auctoris
974 3591 1035 3647 filie
1051 3592 1086 3647 ad
1099 3594 1257 3648 referendas
1276 3594 1371 3650 curiae

182 3710 308 3763 nuperae
327 3694 550 3762 reformationem
571 3695 706 3767 Philippa,
720 3697 769 3753 Ius
790 3700 1010 3753 ecclesiasticum
1027 3702 1046 3763 ἕ
1064 3700 1135 3767 322,
1148 3700 1226 3767 3333
1244 3700 1369 3770 Bangen,

183 3800 240 3855 Dia
257 3803 329 3855 raim.
345 3798 444 3867 Curie;
458 3801 565 3873 Meyer,
579 3802 631 3857 Dia
649 3807 720 3858 rom.
737 3804 837 3872 Curam
851 3803 969 3871 Danieli,
987 3805 1136 3862 Recentior
1152 3807 1253 3876 prame
1272 3809 1369 3862 curiae

181 3923 266 3959 rom..
285 3933 300 3947 ·
319 3906 358 3960 At
375 3904 530 3960 huiusmodi
551 3910 679 3962 auctores
697 3908 746 3978 qui
765 3907 795 3961 in
814 3908 893 3962 curia
910 3908 1018 3963 nnllam
1036 3909 1195 3965 babuerunt
1212 3916 1320 3982 partem
1340 3915 1369 3967 et

183 4011 324 4062 tractatus
342 4013 495 4064 exararunt
514 4026 548 4066 ex
562 4010 671 4065 notitiis
688 4010 800 4081 longius
819 4011 975 4084 exquisitis,
987 4018 1069 4069 caute
1088 4013 1200 4084 legendi
1212 4020 1293 4081 sunt3
1305 4032 1368 4072 sae·

181 4114 247 4182 prius
265 4113 341 4169 enim
359 4114 388 4167 in
408 4131 509 4185 graues
520 4116 661 4172 labuntur
680 4134 797 4173 errores.
810 4120 869 4173 Nos
886 4120 1007 4175 maxime
1026 4120 1189 4175 confidimus
1204 4121 1367 4177 auctoritati

181 4217 264 4274 card.
285 4219 324 4275 De
342 4220 427 4285 Luca,
446 4222 494 4292 qni
512 4222 559 4276 diu
584 4222 612 4275 in
632 4224 711 4277 curia
730 4228 858 4278 versatus
882 4224 912 4279 in
937 4241 1026 4297 eaque
1051 4226 1179 4282 advocati
1203 4245 1318 4284 munere
1337 4232 1366 4284 et

181 4323 340 4393 potioribus
352 4325 450 4380 officiis
467 4328 587 4395 functus,
601 4328 726 4399 apprime
746 4330 870 4385 callebat
888 4331 994 4403 stylum
1013 4332 1108 4388 curiae
1121 4338 1150 4388 et
1162 4334 1366 4390 ordinationem

182 4432 213 4482 et
226 4428 260 4484 de
277 4430 407 4485 omnibus
425 4432 546 4487 maxima
564 4434 712 4503 prudentia
731 4438 761 4490 et
779 4434 873 4489 iudicii
894 4436 1026 4493 libertate
1045 4438 1177 4511 loquitur.
