3292 5109
503 268 548 314 on
571 266 711 315 morsus
735 266 1000 317 nocuusrnsrrors
1286 248 1348 317 411

170 392 226 459 vel
248 391 418 458 admodum
439 391 551 457 utilem
569 390 610 457 ad
627 392 843 477 cognitionem
865 393 1023 473 veritatis,
1041 398 1074 458 et
1093 413 1164 459 esse
1187 393 1355 480 probabile

169 523 208 583 ut
229 496 452 583 ista'obtiueri
475 518 575 604 possit
598 517 690 583 iuxta
711 518 922 583 intentionem
947 520 1138 605 expetentis.

261 644 306 707 At
320 642 375 706 ille
391 643 444 726 qui
460 642 540 727 petit
554 641 607 706 rel
622 640 867 727 productionem
890 643 1019 708 testium
1045 642 1309 729 excipiendorum
1333 664 1354 709 a

171 762 277 829 iudice
301 763 447 849 delegato
463 763 516 829 vel
532 761 776 849 productionem
792 765 1080 832 instrumentorum
1097 785 1178 850 quae
1195 772 1269 831 sunt
1292 786 1351 831 ex-

172 887 329 973 quirenda
343 887 428 973 apud
443 888 624 957 archivium
640 887 805 955 cuiusdam
819 891 938 955 notarii
951 890 1003 955 vel
1020 891 1160 958 civitatis
1175 888 1231 956 aut
1246 890 1353 976 oppidi

171 1018 229 1078 aut
251 1014 468 1080 cancellariae
489 1014 623 1079 alterius
647 1015 759 1079 curiae
782 1015 1032 1091 ecclesiasticae,
1058 1016 1153 1081 debet
1175 1018 1208 1081 iu
1231 1038 1289 1083 suo
1312 1017 1352 1081 li·

171 1136 257 1202 bello
280 1138 388 1202 omnia
408 1137 549 1204 dilucide
572 1138 748 1223 explicare.
773 1138 974 1205 Nimirum'si
990 1140 1113 1223 expetit
1128 1144 1227 1206 testes
1251 1138 1353 1206 inter-

171 1263 292 1347 rogari,
317 1260 412 1327 debet
436 1267 468 1327 et
490 1266 589 1328 testes
611 1260 783 1347 indigitare
806 1281 886 1344 quos
910 1262 1023 1328 audire
1046 1262 1194 1348 postulat,
1220 1268 1253 1329 et
1275 1281 1352 1349 pro-

173 1405 296 1471 ponere
320 1385 482 1452 articulos
504 1406 562 1450 seu
579 1386 764 1469 positiones
788 1384 843 1470 (cs.
867 1388 932 1453 vol.
954 1387 982 1461 Ι,
1001 1386 1073 1452 474
1087 1386 1170 1473 req.)
1186 1387 1238 1452 vel
1255 1388 1352 1453 etiarn
1461 1448 1463 1451 .

171 1529 328 1595 expressa
358 1510 611 1595 interrogatoria
639 1510 839 1575 concinnare
870 1530 968 1596 super
999 1511 1113 1595 quibus
1137 1514 1354 1596 exquirantur

171 1635 399 1720 responsiones
421 1635 559 1701 testium.
583 1634 627 1700 Et
648 1636 758 1721 magni
780 1634 933 1720 ponderis
961 1642 1010 1702 est
1034 1641 1123 1702 recte
1155 1638 1351 1725 expendere,

172 1784 329 1849 quaenam
353 1764 418 1829 sint
440 1765 547 1847 capita
569 1764 809 1847 quaestionum
827 1784 911 1837 uam,
928 1763 1027 1830 iudex
1051 1764 1166 1832 auditis
1183 1768 1277 1832 etiam
1294 1766 1352 1833 ad·

170 1890 309 1956 versarii
332 1887 684 1961 animadversionibus,
708 1888 888 1955 decernere
911 1889 1008 1955 debet
1030 1909 1187 1973 quaenam
1211 1890 1350 1955 interro-

171 2014 299 2099 gatoria
320 2011 519 2078 admittenda
549 2012 614 2077 sint
639 2017 673 2078 et
695 2030 854 2096 quaenam
878 2010 1068 2097 respuenda.
1094 2014 1132 2075 In
1155 2012 1272 2078 litteris
1299 2033 1352 2078 au·

171 2144 237 2206 tem
268 2136 540 2205 remissoriaiibus
568 2136 687 2203 debent
720 2136 859 2203 dilucide
890 2139 1026 2224 proponi
1062 2138 1352 2224 interrogationum

171 2264 277 2349 capita
299 2264 352 2328 vel
376 2264 444 2348 ipsa
467 2263 730 2347 interrogatoria,
755 2262 840 2327 unde
865 2257 921 2326 fiat
942 2280 1079 2327 examen
1103 2262 1242 2326 testium.

261 2387 344 2451 Item
363 2387 390 2450 si
407 2390 577 2470 expetatur
600 2385 887 2450 instrumentorum
904 2370 1088 2470 productio*
1101 2386 1133 2448 in
1156 2384 1264 2449 libello
1281 2404 1352 2471 sup-

170 2509 245 2595 plici
263 2508 475 2595 exprimenda
489 2512 564 2573 sunt
579 2526 738 2592 quaenam
754 2509 969 2576 iustrumenta
985 2508 1179 2593 compulsari
1202 2507 1351 2589 debeant,

170 2633 271 2698 veluti
295 2634 462 2698 cuiusnam
486 2650 602 2696 causae
625 2638 700 2697 acta
721 2631 923 2715 exquirenda
947 2633 1019 2701 sint.
1045 2652 1201 2717 quaenam
1220 2631 1352 2699 tabulae

170 2759 435 2825 testamentariae
464 2761 499 2824 et
527 2758 561 2821 iu
593 2776 687 2842 quem
711 2776 843 2843 scopum
872 2763 904 2822 et
934 2758 1147 2823 haecomnia
1178 2756 1352 2823 referenda

171 2888 268 2949 erunt
290 2884 322 2947 iu
339 2884 456 2949 litteris
479 2881 777 2968 compulsorialibus
793 2860 834 2947 ad
854 2882 943 2947 clare
968 2880 1211 2969 significandum
1235 2902 1352 2949 munus

170 3004 373 3069 commissum
396 3002 492 3068 iudici
517 3002 665 3087 delegato
688 2998 743 3087 (cf.
767 3002 832 3067 vol.
858 3002 886 3083 1,
910 3000 983 3067 567
1005 3002 1097 3087 req).

261 3129 353 3193 Haec
375 3129 482 3193 omnia
512 3146 594 3212 quae
617 3126 839 3192 decernuntur
870 3128 903 3190 in
934 3125 1050 3193 litteris
1081 3126 1350 3193 remissorialibus

169 3257 226 3319 aut
257 3252 558 3339 compulsorialibus
588 3252 739 3318 distincte
769 3252 920 3337 cognosci
944 3250 1062 3317 debent
1092 3251 1131 3317 ab
1162 3251 1353 3319 adversario

170 3381 224 3464 qui
248 3400 313 3444 uon
336 3379 437 3445 solum
461 3378 627 3464 appellare
650 3382 755 3465 potest
778 3378 818 3443 ab
843 3377 1023 3444 huiusmodi
1053 3378 1185 3443 decreto
1217 3378 1349 3445 interlo-

170 3505 305 3585 cutorio,
329 3502 386 3569 sed
409 3505 457 3569 ius
480 3502 580 3568 habet
601 3522 662 3588 per
683 3523 719 3568 se
742 3507 798 3567 aut
819 3522 880 3587 per
903 3507 1148 3587 procuratorem
1177 3501 1351 3566 adsistendi

170 3630 366 3697 confectioni
388 3630 504 3696 harum
526 3629 762 3717 probationum.
795 3630 845 3694 Re
875 3648 954 3694 saue
985 3628 1054 3714 ipsa
1077 3628 1110 3691 in
1141 3627 1194 3694 cit.
1227 3646 1301 3710 cap.
1326 3625 1353 3692 3

169 3754 221 3820 De
249 3754 395 3841 fideimr.
421 3774 483 3838 quo
514 3754 737 3820 conceduntur
767 3753 897 3819 litterae
922 3753 1158 3818 remissoriales
1188 3752 1230 3818 ad
1261 3752 1350 3817 exci-

169 3879 303 3966 piendos
325 3885 424 3945 testes
447 3900 467 3945 a
490 3879 651 3946 Iudicibus
668 3880 790 3945 Boron.
815 3884 952 3945 cavetur
970 3901 987 3943 α
1005 3879 1211 3947 satisdatione
1235 3881 1351 3945 idonea

168 4002 402 4068 acancettario
425 4004 494 4088 ipso
515 4008 652 4087 accepta
674 4003 766 4087 quod
789 4002 836 4069 ud
861 4008 956 4069 testes
970 4003 1163 4070 audiendos
1179 4004 1283 4069 vadat
1297 4004 1349 4069 eet

168 4123 279 4203 mittut
300 4124 394 4190 intro
416 4123 601 4191 terminum
624 4129 866 4207 competentem
892 4145 921 4189 r.
948 4128 986 4191 In
1018 4124 1160 4191 themate
1192 4124 1351 4211 agebatur

169 4244 210 4311 de
232 4266 331 4311 causa
354 4246 523 4320 criminali,
548 4245 662 4313 sedin
685 4244 833 4311 civilibus
856 4245 912 4311 ille
940 4248 1031 4313 cuius
1055 4248 1207 4320 interest,
1232 4266 1351 4311 renun-

168 4374 257 4439 ciare
280 4372 368 4438 valet
390 4373 452 4437 iuri
477 4392 545 4456 suo,
569 4392 674 4458 neque
696 4392 758 4458 per
773 4393 808 4438 se
832 4392 936 4457 neque
959 4394 1020 4460 per
1042 4374 1141 4440 alium
1164 4374 1350 4441 adsisteudo
