3292 5109
433 294 478 340 na
501 292 641 341 11116116
664 292 930 341 accussnsrrcrs
1221 275 1284 341 177

122 424 189 493 tuto,
211 419 327 485 exindo
356 420 553 506 approbatae
582 440 648 485 non
679 420 909 505 intelliguntur
936 420 1197 503 Constitutiones‚
1221 421 1285 487 nisi

122 564 260 631 expresse
274 545 339 610 boc
355 543 494 611 edictum
517 546 567 611 sit.
592 546 673 611 Nam
696 546 777 610 istae
800 544 923 629 corrigi
946 550 979 609 ot
999 546 1117 609 mutari
1141 548 1285 631 possunt,

123 670 186 751 quin
207 688 227 733 a
247 688 305 734 suo
329 689 426 754 scopo
448 666 599 735 deflectat
622 670 815 736 Institutum.

198 793 271 859 151.
297 793 485 875 Praeterea,
508 790 699 879 approbatio
720 791 861 858 instituti
878 796 929 856 ost
948 790 1113 871 absoluta,
1127 790 1184 857 sad
1207 790 1287 859 con-

123 918 305 985 stitutionum
322 917 519 1003 approbatio,
536 918 684 1002 primum,
702 922 752 984 est
766 915 912 983 relativa
928 936 986 981 seu
1000 916 1248 983 conditionalis.
1266 951 1284 964 -

124 1042 267 1127 Siquidem
289 1044 372 1109 baec
396 1042 490 1109 datur
505 1042 546 1107 ad
563 1048 688 1109 certum
704 1048 841 1129 tempus,
859 1047 937 1127 puta
951 1042 999 1107 act
1022 1041 1218 1115 triennium,
1240 1041 1287 1107 od

124 1168 380 1253 quinquennium
403 1188 462 1253 pro
486 1169 719 1254 experimento,
736 1188 798 1253 quo
813 1167 955 1233 feliciter
977 1167 1074 1240 iacto,
1098 1166 1287 1233 conceditur

124 1295 261 1361 absoluta
287 1294 486 1380 approbatio.
512 1330 529 1343 -
556 1294 805 1383 constitutiones
831 1314 912 1359 vero
938 1295 992 1359 vel
1022 1293 1219 1379 approbatae
1245 1293 1287 1359 ad
1416 1354 1422 1365 ,

124 1423 232 1503 tempus
245 1418 300 1483 vel
315 1417 420 1483 adbuc
435 1416 662 1503 approbandae
678 1417 910 1484 submittuntur
930 1416 1286 1484 animadversionibus

125 1545 205 1611 buius
232 1545 515 1631 Gongregationis,
540 1564 600 1630 per
623 1564 702 1629 quas
732 1548 954 1629 suggeruntur
985 1543 1204 1630 superioribus
1234 1543 1287 1609 vel

126 1670 330 1755 superiorissis
353 1675 552 1755 opportunae
575 1672 797 1738 correctiones
817 1671 871 1734 vel
890 1671 1084 1736 mutationes
1107 1667 1285 1734 faciendae.

127 1795 214 1859 Plura
236 1795 385 1879 exempla
406 1794 521 1860 barum
546 1794 863 1861 animadversionum
888 1793 992 1859 refert
1015 1793 1062 1861 cl.
1085 1795 1228 1859 Bizaarri
1250 1794 1289 1859 in

127 1914 144 1977 t.
163 1915 208 1980 cit.
236 1916 273 1979 In
296 1914 477 1980 huiusmodi
505 1916 642 2001 negotiis
673 1912 863 1981 definiendis
894 1916 1004 1981 omnia
1026 1914 1148 1980 referri
1171 1913 1290 1979 debent

129 2036 241 2103 Summo
264 2036 428 2113 Pontifici;
452 2042 484 2104 et
506 2038 569 2103 boc
593 2058 748 2123 expresse
772 2036 938 2104 mandavit
962 2038 1040 2103 Pius
1060 2037 1237 2102 11116111.
1255 2038 1289 2099 in

129 2158 274 2227 audientia
296 2160 721 2243 (1161221611185411111
742 2159 847 2245 quoad
863 2161 998 2227 decreta
1021 2159 1125 2225 laudis
1147 2164 1215 2225 turn
1237 2178 1290 2243 ap

130 2282 310 2365 probationis
335 2284 475 2348 Instituti
500 2288 531 2348 et
556 2282 822 2349 constitutionum
841 2281 897 2368 (1).

210 4412 246 4484 (1)
265 4414 339 4470 Haec
358 4414 444 4485 Cong.
458 4415 485 4469 in
500 4416 556 4469 suis
570 4415 650 4481 actis,
665 4419 695 4469 ut
714 4414 872 4485 plurimum,
893 4414 982 4468 utitur
1000 4413 1098 4483 lingua
1118 4412 1222 4465 italica.

261 4520 319 4574 Suc.
341 4520 418 4591 Lapa
1117 4517 1150 4570 12
