3292 5109
280 184 349 251 422
810 205 895 253 rans
919 205 955 252 11.

282 328 471 394 instantiam
494 327 579 413 apud
602 329 798 416 Episcopum
821 330 973 415 prosequi
997 330 1159 415 integrum
1184 334 1241 394 est
1259 362 1279 377 -
1301 327 1485 412 Siquidem

283 451 369 516 haec
391 451 490 517 habet
513 452 600 517 Trid.
626 453 723 519 Cone.
748 455 808 521 loc.
827 455 891 527 eit,
915 452 1159 537 insequentibus
1181 450 1307 517 verbis:
1335 450 1480 517 ‹Alio-

281 574 366 659 quin
385 581 464 658 post
487 574 525 640 iel
546 575 697 659 spatium
718 574 907 663 (biennium)
930 576 1076 643 liberum
1101 577 1143 643 sit
1161 574 1322 659 portibus
1337 574 1393 641 uel
1419 576 1479 640 al·

282 699 346 765 teri
369 699 512 765 illarum
535 698 664 766 indices
685 700 890 783 superiores,
915 700 1003 767 alias
1027 705 1251 784 competentes
1281 698 1385 765 aclire
1410 701 1486 784 qui

281 843 424 890 comam
447 824 485 889 in
509 844 547 890 eo
571 830 669 891 statu.
694 844 761 909 qno
784 825 901 907 suerit,
926 831 1104 891 assumant
1127 832 1157 891 et
1181 844 1287 910 quam
1307 826 1483 909 primum

283 948 463 1013 terminari
479 954 618 1031 curent;
641 968 703 1015 nec
718 955 819 1015 antea
835 950 912 1014 aliis
928 950 1184 1017 committantur
1199 970 1263 1015 nee
1277 956 1484 1015 avocentur

281 1093 393 1161 neque
421 1077 667 1159 appellationes
694 1075 738 1141 ab
768 1076 895 1142 eisdem
925 1076 1145 1159 interpositae
1170 1096 1237 1159 per
1268 1077 1482 1158 superiores

281 1218 515 1285 quoscumque
533 1201 747 1284 recipiantur
762 1220 922 1268 earumve
939 1202 1128 1267 eomiiinsio
1145 1206 1205 1266 ant
1223 1200 1378 1267 inhibitio
1394 1202 1479 1286 fiat,

280 1325 350 1391 nisi
373 1345 395 1390 a
417 1326 591 1412 definitica
613 1328 665 1392 eet
689 1347 710 1391 a
734 1328 907 1412 ctesinitiua
939 1327 1007 1392 rim
1040 1326 1180 1393 habente
1201 1332 1233 1392 et
1256 1326 1353 1392 cuius
1377 1346 1476 1413 pra-

280 1470 406 1517 camen
424 1472 491 1535 per
505 1452 769 1535 appeliationem
793 1473 814 1518 a
839 1452 1013 1537 definitiva
1028 1452 1192 1535 reparari
1215 1454 1381 1537 nequit».
1403 1454 1479 1519 Ae-

279 1578 348 1640 tate
372 1576 492 1641 Concil.
517 1574 605 1640 Trid.
631 1577 693 1639 iam
717 1575 789 1640 foro
812 1575 930 1659 ubique
953 1575 1180 1641 obsoleverant
1203 1577 1380 1642 tribunalia
1403 1583 1476 1643 Ar-

281 1698 547 1763 chidiaconorum
572 1698 755 1773 ordinaria;
780 1698 857 1763 hinc
881 1698 1018 1769 videtur,
1036 1698 1147 1763 relatis
1164 1698 1281 1771 vorbis,
1296 1699 1480 1765 dumtaxat

281 1838 389 1885 sermo
412 1838 484 1885 esse
510 1818 549 1883 de
581 1822 686 1905 prima
716 1822 868 1885 instantia
898 1819 982 1906 apud
1013 1822 1187 1887 tribunalia
1218 1823 1474 1909 Episcoporum.

282 1944 405 2009 Tamen
437 1943 612 2008 nullimode
643 1944 740 2010 Conc.
773 1943 861 2009 Trid.
886 1944 1050 2029 prohibuit
1082 1948 1250 2030 quominus
1281 1946 1478 2013 habeantur

282 2065 405 2131 iudices
429 2065 594 2132 Ordinarii
620 2069 779 2153 Episcopo
803 2068 986 2135 inferiores.
1012 2068 1139 2153 Reapse
1163 2070 1266 2142 inira,
1291 2072 1325 2133 in
1349 2070 1473 2137 eodem

282 2192 399 2276 capite.
416 2211 472 2255 eos
495 2195 664 2261 memorat,
682 2192 834 2255 nimirum
851 2192 1014 2261 Decanos.
1032 2192 1310 2266 Archidiaeonos,
1327 2198 1359 2257 et
1374 2194 1477 2261 alios

282 2315 475 2399 inferiores.
489 2352 508 2364 -
521 2319 566 2381 At
582 2336 624 2380 ex
641 2316 765 2379 ratione
780 2313 929 2397 loquendi
946 2320 1042 2399 patet,
1061 2320 1185 2400 tempus
1202 2316 1319 2382 biennii
1336 2322 1472 2384 tantum

282 2462 472 2509 concessum
496 2462 567 2507 esse
594 2443 699 2506 causis
730 2439 919 2507 definiendis
948 2441 1032 2526 opud
1060 2441 1235 2507 tribunalia
1258 2442 1468 2518 dioecesana,

279 2570 350 2635 sive
373 2568 555 2635 immediate
578 2567 617 2632 ad
641 2566 782 2632 tribunal
804 2568 955 2652 Episcopi
980 2566 1171 2631 deferantur
1193 2568 1262 2631 sive
1286 2576 1358 2653 post
1381 2588 1473 2634 oxa·

280 2715 356 2760 men
380 2694 516 2759 alterius
538 2692 704 2757 interioris
725 2690 906 2757 tribunalis.

371 2816 405 2903 3)
428 2817 556 2882 Verum
580 2814 803 2881 Tridentinnm
828 2814 1013 2879 excludite
1036 2818 1140 2900 prima
1167 2816 1319 2883 instantia
1350 2838 1473 2887 omnes

281 2941 362 3006 alias
393 2940 530 3012 iudices,
559 2945 691 3025 practer
720 2945 931 3027 memoratam
964 2960 1038 3005 nam
1068 2946 1180 3025 postea
1209 2942 1271 3007 ait:
1299 2961 1316 3003 a
1341 2942 1470 3028 Lepati

281 3084 425 3150 qnoque,
441 3065 543 3130 etiam
567 3065 610 3129 de
632 3066 746 3136 latere.
762 3065 889 3131 nuncii.
911 3064 1157 3150 pubematores
1180 3066 1408 3132 Ecclesiastici
1432 3074 1472 3133 et

281 3187 343 3254 alii
366 3206 661 3272 quarumcumque
682 3186 886 3269 facultatum
906 3188 1031 3273 cipere,
1052 3208 1122 3255 non
1145 3190 1254 3254 solum
1274 3188 1471 3273 Episcopos

269 3312 319 3375 'in
336 3310 526 3393 praedictis
549 3311 662 3376 conns
683 3311 851 3393 impedire
874 3317 935 3378 ant
957 3312 1072 3396 aliquo
1096 3313 1197 3378 inodo
1214 3332 1334 3378 eorum
1357 3312 1466 3379 imis-

281 3434 463 3500 dietionem
493 3434 536 3500 iis
562 3435 766 3517 praeripere
787 3442 847 3500 aut
872 3435 1010 3502 turbare
1033 3458 1103 3503 non
1130 3444 1378 3519 praesumant,
1401 3441 1472 3505 sect

280 3576 345 3623 nec
367 3557 468 3622 etiam
486 3564 607 3623 eontra
629 3558 768 3624 clericos
784 3558 913 3624 aliasve
931 3577 1104 3640 personas
1119 3558 1381 3633 Ecclesiasticus,
1394 3560 1472 3625 nisi

281 3681 451 3765 Episcopo
470 3683 574 3764 prius
595 3683 757 3767 requisito
779 3703 886 3768 eoque
908 3684 1115 3770 neplipente,
1135 3684 1327 3766 procedant
1334 3704 1350 3767 ,·
1373 3685 1471 3751 alias

280 3823 401 3870 aarum
420 3822 611 3886 processus,
635 3804 908 3870 ordinationesce
930 3803 1058 3869 nultius
1081 3804 1242 3869 momenti
1264 3805 1473 3889 sinuatque

280 3929 329 3993 ad
351 3929 475 3994 damni
496 3928 763 4012 satisfactionem
782 3928 940 4012 partibus
970 3928 1058 3993 illati
1081 3934 1260 3994 teneantur
1276 3950 1307 3993 ›.
1332 3929 1397 3995 Sed
1428 3930 1466 3998 hi

280 4053 396 4137 Legati
420 4050 582 4118 Pontifieii
606 4055 659 4137 qui
681 4059 837 4119 arcentur
859 4071 879 4116 a
902 4052 1007 4118 causis
1031 4051 1261 4136 cognoscendis
1292 4053 1325 4116 in
1355 4054 1468 4138 prima

281 4178 442 4251 instantia
466 4198 531 4243 non
555 4180 631 4243 item
654 4177 869 4263 prohibentur
891 4176 1121 4261 arecipiendis
1143 4177 1294 4261 legitimis
1314 4179 1470 4263 appelln-

279 4301 421 4367 tionibus
445 4307 478 4370 et
500 4303 695 4368 recursibus.
720 4303 768 4369 Cf.
792 4306 856 4369 cal.
882 4304 910 4385 I,
932 4324 967 4368 n.
993 4303 1077 4367 622.
