3292 5109
276 224 324 292 52
797 249 882 297 rurs
905 250 943 297 11.
1213 273 1218 303 t

277 374 369 435 catus
392 367 522 435 coniicit
544 369 850 454 animadversiones,
866 371 979 457 quibus
1002 372 1090 439 iuris
1104 378 1138 441 et
1150 372 1235 457 facti
1255 375 1462 456 quaestiones

277 494 425 559 illustrat.
452 493 537 561 Olim
568 494 650 559 istae
676 494 878 560 vocabantur
907 496 1127 579 informatio,
1158 498 1254 563 hodie
1282 500 1461 575 restrictus

275 618 359 702 sacti
375 624 406 686 et
427 618 513 685 iuria
529 620 638 685 vocari
659 619 773 685 solent.
789 654 807 669 -
821 619 949 687 Verum
963 622 998 687 iu
1013 622 1252 707 quaestionibus
1266 643 1332 688 non
1347 626 1458 711 magni

275 744 440 825 momenti,
469 747 501 807 et
532 742 658 827 quando
685 744 821 809 clientes
851 745 961 830 plures
983 764 1144 831 expensas
1171 746 1286 813 tacere
1308 767 1375 813 non
1397 768 1456 814 va·

275 868 374 940 leant,
402 867 484 932 nihil
506 866 656 953 prohibet
682 870 850 953 quominus
872 869 1020 936 advocati
1043 876 1077 936 et
1099 872 1321 956 procuratoris
1344 879 1459 959 partes

278 1013 361 1059 unus
392 994 535 1079 expleat,
559 1002 593 1059 et
614 996 756 1059 maxime
784 995 849 1060 hoc
879 996 912 1061 in
940 1016 1030 1062 more
1057 1002 1117 1063 est.
1149 997 1212 1063 Sed
1238 1017 1337 1082 quum
1362 1000 1460 1065 curia

276 1138 412 1184 romana
439 1119 637 1204 potissimum
663 1116 806 1193 floreret,
831 1120 979 1185 advocati
1006 1123 1060 1205 qui
1089 1121 1154 1187 hoc
1175 1124 1306 1189 nomine
1332 1123 1454 1210 gloria-

274 1240 401 1313 bantur,
418 1240 540 1306 humile
556 1242 776 1327 procuratoris
799 1262 914 1308 munus
930 1242 1188 1328 dedignabantur
1204 1250 1237 1309 et
1259 1245 1338 1309 iuris
1353 1264 1455 1330 quae-

276 1366 432 1463 stionibus
455 1367 489 1431 in
512 1367 608 1433 factis
631 1369 850 1432 controversis
871 1374 995 1432 tantum
1018 1366 1254 1434 incumbebant.
1280 1374 1298 1418 -’
1324 1370 1457 1437 Recens

277 1486 396 1573 prodiit
416 1488 590 1554 Decretum
605 1506 625 1551 a
640 1488 672 1555 S.
690 1486 789 1573 (long.
808 1487 950 1567 Ritnum,
966 1488 1023 1554 die
1043 1487 1089 1553 12
1110 1487 1199 1553 Maii
1221 1488 1321 1571 1897,
1337 1493 1455 1556 vetans
1531 1524 1536 1537 ·

279 1612 447 1697 quominus
470 1614 505 1677 in
527 1612 690 1678 nonnullis
712 1613 794 1677 actis
817 1612 972 1699 ponendis
993 1613 1027 1676 iu
1056 1613 1163 1678 causis
1186 1612 1455 1698 Beatificatiomb

271 1743 305 1802 et
331 1734 609 1804 Canoaizatioais
632 1756 714 1801 unus
738 1742 875 1820 utroque
897 1755 1034 1801 munere
1056 1735 1235 1821 fungantur
1252 1734 1402 1805 advocati
1417 1742 1455 1803 et

272 1862 504 1947 procuratoris.

363 1982 607 2050 Sollicitatores
640 1978 749 2059 aufem
783 1984 816 2048 in
851 1981 1010 2069 duplicem
1044 1984 1184 2071 speciem
1207 1983 1452 2068 dispescuntur;

269 2126 386 2193 nempe
410 2107 464 2171 alii
487 2107 658 2183 intendunt
672 2108 810 2193 negotiis
826 2109 1033 2173 contentiosis
1048 2113 1082 2173 et
1103 2113 1178 2174 sunt
1199 2112 1449 2194 procuratorum

267 2229 442 2314 adiutores,
460 2232 629 2317 explentes
648 2238 758 2317 partes
780 2234 884 2318 magis
899 2234 1081 2299 mecanicae
1103 2231 1137 2298 in
1159 2232 1392 2319 praeparandis
1415 2239 1452 2299 et

267 2356 453 2423 ordinandis
477 2362 623 2423 actorum
646 2356 845 2423 summariis
863 2356 918 2443 (1).
943 2357 1009 2423 Alii
1032 2362 1153 2423 vacant
1173 2358 1311 2443 negotiis
1335 2362 1447 2426 exma-

266 2477 467 2544 iudicialibus
490 2482 523 2545 et
546 2479 599 2545 isti
622 2479 655 2543 iu
679 2479 770 2544 curia
793 2479 992 2545 constituunt
1013 2477 1120 2544 nobile
1147 2478 1318 2563 collegium
1341 2497 1449 2562 empe-

265 2600 417 2669 ditorum
434 2599 544 2687 (vulgo
557 2600 819 2685 spedizionieri),
833 2602 941 2685 quiex
952 2601 1086 2687 speciali
1097 2600 1330 2687 approbatione
1345 2607 1450 2686 agunt

264 2725 349 2811 apud
376 2726 540 2790 Datariam
568 2729 602 2789 et
625 2724 877 2797 Cancellariam‚
902 2729 936 2790 et
957 2724 1020 2790 hoc
1042 2714 1172 2789 nomine
1194 2724 1229 2787 in
1251 2723 1344 2813 ouria
1365 2742 1449 2787 nun-

264 2854 435 2935 cupantur.
466 2848 585 2914 Munus
615 2868 695 2913 vero
723 2847 951 2915 sollicitatoris
980 2846 1145 2933 proprium
1177 2848 1210 2911 in
1238 2866 1276 2912 re
1303 2845 1446 2913 iudiciali

261 2994 345 3060 pene
368 2974 401 3039 in
427 2973 668 3045 desuetudinem
689 2973 781 3049 abiit;
810 2972 966 3057 siquidem
989 2972 1177 3059 simpliciori
1200 2976 1234 3037 et
1251 2973 1442 3058 pauperiori

222 3106 224 3115 '
262 3098 368 3164 forma
391 3098 487 3164 hodie
511 3098 639 3184 negotia
661 3096 864 3183 expedienda
885 3100 959 3161 sunt
975 3093 1031 3181 (2).

354 3247 373 3289 α
389 3227 537 3312 Apeates
551 3224 612 3303 (ait
626 3224 673 3289 De
688 3224 787 3306 Luca,
803 3243 858 3307 op.
875 3223 928 3290 cit.
945 3222 1039 3289 Dico.
1056 3222 1113 3300 46,
1130 3222 1211 3307 133)
1226 3223 1273 3289 illi
1287 3223 1447 3290 dicuntur

261 3346 313 3430 qui
339 3365 451 3411 curam
475 3343 596 3409 habent
617 3345 821 3431 negotiorum
843 3348 910 3409 tam
932 3343 1110 3407 forensium
1135 3361 1230 3426 quam
1254 3343 1443 3409 aulicorum

260 3491 343 3555 quae
362 3472 395 3536 in
412 3472 503 3536 curia
519 3468 640 3536 habent
663 3470 785 3555 Legati,
811 3469 930 3541 Nuntii,
954 3469 1114 3553 Episcopi,
1139 3466 1391 3543 Gubernatores,
1408 3473 1443 3535 et

349 3714 390 3787 (l)
410 3716 577 3771 Praesertim
596 3713 626 3769 hi
645 3718 710 3769 sunt
734 3714 847 3769 iuvenes
874 3714 921 3785 qui
949 3713 1061 3768 student
1089 3713 1212 3782 practice
1236 3712 1379 3769 addiscere
1406 3729 1442 3769 aa

258 3836 330 3889 quae
350 3820 539 3889 procuratoris
558 3822 632 3887 sunt,
650 3818 729 3873 cuius
747 3834 848 3871 munus
867 3820 963 3886 postea
980 3815 1094 3887 explere
1111 3816 1267 3873 intendunt.

348 3921 389 3994 (2)
408 3922 447 3979 De
468 3923 553 3987 Luca,
572 3940 615 3994 op.
635 3924 678 3978 cit.
698 3924 756 3975 Dis.
776 3921 829 3988 46,
846 3921 947 3974 a127
965 3921 1065 3975 refert:
1077 3934 1095 3977 a<
1108 3918 1277 3975 Veriiicatur
1294 3924 1390 3976 autem
1409 3920 1439 3975 in

256 4030 413 4086 forensibus
431 4034 461 4085 et
480 4028 662 4084 contentiosis
686 4030 741 4083 ista
758 4027 845 4083 tertia
869 4028 991 4098 species,
1009 4028 1039 4081 iu
1064 4028 1155 4083 cauus
1181 4026 1329 4084 tribunalis
1347 4028 1442 4085 Rotae

255 4154 289 4192 ac
302 4136 388 4192 etiam
401 4136 429 4190 iu
443 4135 584 4208 aliquibus
597 4137 729 4205 grauibus
741 4134 861 4190 aliorum
871 4134 1064 4189 tribunalium
1076 4139 1106 4190 et
1118 4136 1281 4205 praesertim
1291 4136 1439 4206 utriusque

256 4244 438 4313 Signaturae,
457 4242 591 4299 Gamerae
613 4247 642 4298 et
662 4242 805 4297 Auditoris
822 4242 971 4307 cameram
989 4242 1019 4296 in
1038 4242 1154 4315 reliquis
1171 4244 1246 4299 enim
1264 4242 1440 4313 generaliter

255 4348 311 4404 ista
329 4348 571 4404 contradistiuctio
590 4364 645 4404 non
663 4349 754 4412 datur,
773 4348 904 4420 quoniam
923 4366 994 4402 uuus
1013 4348 1087 4418 gerit
1104 4350 1302 4414 omniaetc.»
