3292 5109
361 230 424 298 160
884 253 969 303 raas
993 253 1031 301 11.

358 394 502 459 quaeque
533 374 573 439 ab
603 394 667 441 uno
690 375 874 461 'eodemque
903 376 1059 442 tribunali
1089 376 1287 444 commodius
1310 376 1531 463 expediuntur.

358 496 406 565 Cf.
431 498 477 564 De
499 497 589 565 Luca
611 518 665 583 ep.
689 499 741 567 eit.
767 499 837 565 Dis.
854 500 908 574 16,
932 506 966 569 et
989 502 1021 567 a
1049 501 1236 569 Cardinale
1257 500 1408 583 Pratico,
1432 523 1460 569 c.
1474 502 1530 567 27.

447 622 522 689 132.
555 624 648 689 Ratio
676 622 716 687 ob
747 643 842 707 quam
873 624 983 691 Sixtus
1012 625 1044 691 V
1076 624 1214 691 alteram
1246 626 1530 713 congregationem

357 749 570 836 appellaverit
602 750 707 834 snper
741 751 1043 819 consultationibus
1078 752 1345 837 Episccpernm,
1376 758 1466 839 patet
1492 772 1531 819 ea

358 894 453 961 scopo
481 879 534 943 cui
561 877 622 944 luit
652 875 801 943 ordinata
830 878 871 943 ab
898 876 1011 943 eodem
1035 879 1129 945 Pont
1152 879 1278 945 aiente:
1305 897 1385 943 ‹....
1401 879 1466 943 erit
1486 878 1531 943 fa-

358 997 460 1063 cultas
490 1003 526 1062 ut
554 996 840 1074 patriarcharum,
865 998 1062 1074 Primatum,
1087 1000 1436 1085 Archiepiseoporum,
1459 999 1531 1085 Epi-

357 1121 788 1207 scaporum,=Prao1at01·um
812 1128 847 1186 et
870 1120 1118 1189 Ordinariornm
1142 1141 1417 1207 quorumcumque
1441 1123 1529 1186 etiarn

358 1246 549 1311 interiorum
572 1247 741 1333 petitiones
764 1246 906 1328 audiant,
924 1248 1161 1333 propositisque
1176 1246 1426 1320 difficultatibus,
1443 1267 1530 1333 quae

357 1369 512 1435 stionibus
528 1388 568 1435 ac
584 1370 815 1435 controversiis
839 1370 973 1455 aliisque
997 1389 1096 1456 super
1110 1369 1225 1455 quibus
1248 1371 1388 1437 consulti
1405 1370 1529 1437 inerint.

358 1497 453 1561 etiam
484 1516 543 1581 per
575 1497 700 1561 litteras
730 1495 860 1578 sedule,
884 1496 1132 1582 humaniterque
1162 1496 1398 1583 respondeant,
1423 1496 1530 1576 dubia,

358 1621 500 1687 rationes
523 1624 556 1688 et
578 1640 691 1687 causas
711 1622 933 1688 Ecclesiarum
957 1642 1133 1707 earumque
1156 1621 1331 1709 dignitatis,
1348 1620 1531 1689 iurisdictio

358 1748 418 1827 nis,
443 1746 664 1833 exemptionis,
689 1747 908 1828 immunitatis,
932 1747 1061 1827 iurinm,
1085 1746 1329 1832 privilegiorum
1362 1751 1396 1811 et
1424 1746 1530 1811 landa-

356 1868 467 1935 bilium
490 1867 755 1935 consuetudinum
789 1868 1070 1934 conservationem
1101 1872 1340 1934 concernentes
1362 1868 1531 1934 summario

357 1997 553 2081 cognoscant
575 1999 670 2078 atque
693 1995 898 2080 expertium
921 1994 1081 2079 petitione
1104 2011 1200 2078 quam
1224 2013 1267 2060 ex
1291 1991 1398 2059 officio
1412 2012 1532 2078 compo

358 2125 435 2184 nant
469 2124 566 2203 prout
598 2119 783 2192 honesturn,
817 2124 1099 2205 opportunumque
1132 2119 1180 2183 eis
1210 2116 1385 2184 videbitur.
1417 2117 1531 2183 Causas
1596 2171 1597 2178 ,

357 2240 477 2303 item...
500 2240 586 2304 inter
609 2258 823 2323 quascumque
844 2238 1025 2324 singulares
1042 2256 1198 2323 personas
1214 2243 1247 2303 et
1262 2239 1530 2305 universitates...

357 2370 488 2450 praeter
510 2385 565 2429 eas
592 2384 672 2450 quae
695 2363 831 2429 Citncilii
852 2362 1035 2427 Tridentini
1068 2363 1371 2448 interpretationem
1404 2362 1533 2447 exigant

357 2494 389 2553 et
420 2488 576 2555 ordinem
605 2486 800 2552 iudicialem
831 2484 978 2568 reipsa
1007 2485 1200 2570 requirant,
1226 2484 1427 2553 attaminant
1427 2533 1479 2550 .....
1503 2507 1530 2545 a.
1597 2557 1598 2578 E

357 2614 517 2693 Quocirca
539 2613 621 2677 haec
645 2612 743 2697 Cong.
768 2609 828 2677 tuit
850 2612 997 2678 instituta
1022 2617 1058 2675 ut
1080 2611 1147 2675 suis
1170 2608 1310 2676 decretis
1332 2616 1367 2676 et
1389 2610 1530 2675 declara-

355 2738 493 2804 tionibus
517 2736 682 2823 regiminis
695 2736 876 2821 'pastoralis
898 2734 1070 2819 expediret
1092 2732 1299 2800 difficultates
1327 2737 1425 2818 atque
1451 2735 1531 2797 inter
1597 2689 1598 2778 i

358 2862 530 2947 Episcopns
554 2866 586 2926 et
609 2860 782 2925 interiores
805 2858 1101 2925 extraiudicialiter
1122 2864 1332 2943 componeret
1364 2858 1529 2924 dissensio-

357 3005 422 3051 nes.
447 2985 562 3051 Altera
583 3003 688 3069 snper
711 2984 1012 3079 consultationibus
1035 2983 1267 3070 Regulariam
1285 2982 1348 3048 init
1363 2984 1531 3049 constituta

358 3110 428 3171 ‹nt
450 3104 677 3191 Regularium,
702 3102 948 3185 claustralium,
973 3102 1229 3169 Mendicantium
1258 3108 1291 3168 et
1321 3123 1388 3169 non
1408 3102 1530 3169 Mendi-

356 3224 505 3294 cantium,
524 3224 774 3309 Hospitaliorum
799 3229 830 3289 et
853 3223 1042 3289 Militarimn
1065 3223 1297 3309 possidentium
1319 3228 1354 3290 et
1376 3244 1441 3290 nnn
1464 3242 1530 3309 pos·

356 3346 536 3429 sidentium,
560 3347 700 3413 cuiusvis
724 3346 852 3413 demum
877 3345 1011 3413 Ordinis
1034 3348 1115 3423 sint,
1141 3349 1386 3421 controversiis,
1410 3346 1530 3413 dubita·

354 3472 501 3545 tionibus,
526 3473 810 3539 consultationibus
842 3473 1014 3559 propositis
1046 3475 1276 3560 respondeant.
1302 3472 1423 3541 Causas
1443 3492 1529 3545 verr,

356 3612 438 3677 quae
456 3594 542 3659 inter
556 3594 642 3679 ipsos
659 3594 838 3679 Religioscs
852 3595 934 3659 oriri
951 3596 1134 3681 contigerit,
1151 3596 1243 3662 iuxta
1262 3614 1530 3681 quarumcumque

357 3717 559 3803 Religionum
589 3718 750 3799 instituta,
775 3719 960 3804 superiores
991 3717 1121 3784 illorum
1153 3716 1309 3784 definiant
1310 3768 1363 3785 .....
1393 3718 1531 3785 Andiant

355 3843 463 3909 itidem
486 3844 640 3930 praedicti
665 3843 853 3911 Cardinales
876 3864 989 3911 causas
1014 3851 1048 3910 et
1070 3847 1315 3911 controversias
1337 3848 1425 3912 inter
1445 3865 1530 3932 prae

355 3966 456 4032 dictos
479 3967 609 4033 ordines
632 3972 796 4033 vertentes
819 3968 888 4033 sive
912 3970 946 4033 in
969 3970 1161 4033 universnm
1185 3948 1406 4035 alteratione
1435 3970 1528 4055 parti·

356 4092 514 4159 cularium
530 4092 683 4165 locorum,
701 4076 887 4159 dnmmodo
909 4093 1064 4175 farinam
1087 4093 1311 4160 iudiciariam
1333 4115 1405 4174 non
1426 4094 1529 4180 repui-

356 4224 479 4287 rant....
497 4218 566 4286 Sub
581 4219 718 4286 nornine
732 4223 847 4284 antem
863 4218 1102 4305 Repetariam,
1119 4219 1224 4285 etiam
1239 4219 1412 4288 Moniates
1430 4220 1529 4287 enias·

355 4343 406 4409 nis
417 4342 483 4409 sint
493 4340 634 4429 renatae
646 4347 676 4409 et
687 4342 922 4410 observantiae
937 4344 1180 4427 comprehendi
1195 4345 1354 4413 volamus
1366 4366 1397 4411 n.
1412 4340 1530 4411 Exinde
