3292 5109
271 261 339 327 180
786 282 870 331 rins
894 282 929 329 ιι.

362 402 442 468 Dein
466 422 550 467 auno
573 403 788 488 subsequente
807 424 865 471 seu
883 406 979 480 1564,
1005 407 1095 472 Motu
1118 409 1260 494 proprio,
1277 410 1454 496 incipiente

269 528 367 595 Alias
385 548 457 605 nos,
475 529 639 615 deputavit
661 536 734 599 acto
753 530 964 607 Cardinales,
986 533 1041 617 qui
1064 539 1221 599 curarent
1244 534 1450 603 Tridentino·

268 672 341 717 rum
365 652 571 718 decretorum
593 655 889 727 executionem,1ta
911 660 1020 721 tamen
1043 660 1079 721 ut
1102 657 1128 721 si
1152 656 1272 742 aliqua
1294 658 1451 725 dubietas

267 784 319 848 ael
339 781 520 866 difficultas
535 782 825 865 interpretationis
838 788 1035 869 emanant,
1052 784 1099 849 ad
1113 783 1250 867 Papam
1266 784 1449 867 referrent.

267 910 381 992 ltaque
396 906 436 972 ab
453 908 542 971 initio
559 908 739 973 Tridentini
756 908 854 974 Couc.
871 908 1087 995 Congregatio
1103 908 1215 975 habuit
1229 910 1451 977 tantummodo

268 1099 433 1169 Fsgnanum
448 1102 465 1153 l.
480 1102 522 1155 cit.
536 1120 562 1153 n.
579 1101 627 1155 89.
648 1132 663 1143 -
682 1100 796 1155 Glossae
810 1105 956 1170 praeterea
970 1107 999 1157 et
1013 1101 1212 1157 commentarii
1226 1120 1309 1172 super
1322 1103 1447 1159 Decretis

266 1204 385 1259 Concilii
404 1206 509 1275 scripti,
526 1222 594 1276 quos
613 1206 666 1260 sibi
686 1210 811 1260 reservat
830 1206 864 1259 sd
880 1224 960 1260 usum
979 1212 1009 1261 et
1026 1224 1105 1287 suam
1124 1208 1349 1263 commoditatem
1369 1208 1449 1262 duru-

267 1316 356 1371 taxat,
376 1327 430 1365 non
444 1310 572 1365 videntur
586 1309 781 1379 comprehendi
794 1312 846 1364 sub
865 1310 1055 1380 prohibitione
1066 1317 1095 1368 et
1107 1314 1205 1383 poeuis
1223 1314 1446 1376 Constitutionis3

265 1418 332 1487 quia
351 1432 402 1471 uec
422 1415 498 1469 illins
517 1415 590 1470 ratio
608 1430 660 1469 nec
672 1416 760 1469 verbs
779 1414 844 1468 huic
865 1415 999 1485 applicari
1019 1422 1149 1485 possunt;
1166 1434 1222 1472 non
1242 1418 1316 1472 enim
1335 1421 1449 1488 proprie

265 1524 320 1577 dici
346 1528 438 1592 potest
463 1522 594 1588 edidisse,
614 1522 660 1593 qui
681 1538 731 1577 nec
757 1522 833 1593 typis
859 1522 1001 1576 mandarit
1025 1540 1077 1577 uec
1101 1523 1165 1577 aliis
1189 1525 1446 1581 communicavit).

265 1629 306 1681 ct.
321 1629 483 1697 Fagnsuum
501 1629 602 1683 Camm.
616 1630 646 1681 in
664 1646 724 1699 cap.
742 1628 812 1682 Cum
825 1632 974 1683 venissent.
988 1648 1015 1682 n.
1033 1630 1084 1683 77.
1105 1661 1120 1671 -
1140 1630 1235 1691 Quoad
1248 1631 1448 1687 translationes

268 1738 448 1793 Decretorum
468 1736 550 1793 Cone.
564 1736 637 1791 Trid.
652 1737 680 1789 iu
700 1736 770 1791 alias
789 1736 901 1806 linguas
914 1737 941 1790 S.
956 1737 1042 1807 Cong.
1056 1738 1174 1792 Concilii
1194 1741 1240 1795 die
1252 1740 1273 1792 2
1285 1739 1450 1793 lulii1629

259 1846 331 1899 huic
350 1845 447 1899 dnbio:
468 1846 545 1899 «Aa
565 1846 763 1899 translationes
785 1846 810 1898 S.
834 1844 915 1898 Cone.
939 1846 1015 1898 Trid.
1035 1849 1064 1898 in
1083 1848 1157 1900 alias
1177 1848 1288 1917 linguas
1309 1850 1364 1901 sint
1381 1865 1449 1917 per-

265 1955 384 2017 missae,·
403 1968 441 2004 an
458 1954 551 2020 potius
571 1950 842 2020 comprehendantur
855 1950 885 2003 in
901 1950 990 2004 Canst.
1005 1950 1051 2004 Pii
1062 1951 1082 2003 t
1087 1952 1110 2002 V
1120 1954 1287 2022 prohibente
1304 1954 1386 2006 illius
1404 1957 1449 2007 in·

266 2060 479 2129 terpretatiancs
504 2068 530 2112 et
550 2058 660 2127 glossas
672 2074 698 2121 s,
718 2055 875 2126 respoudit:
895 2074 910 2108 t
930 2058 1141 2113 Trarrslationes
1166 2060 1292 2113 eiusdem
1315 2059 1342 2113 S.
1363 2058 1444 2115 Cane.

271 2168 346 2221 Trid.
362 2168 397 2221 tle
419 2167 516 2235 linpua
530 2166 630 2217 Latina
642 2165 672 2217 in
684 2162 826 2217 Gallicam
843 2164 891 2218 ael
903 2164 975 2217 alias
989 2164 1101 2233 lingulas
1119 2182 1179 2219 esse
1196 2168 1349 2236 prohibitas
1361 2168 1446 2237 idque

265 2274 480 2345 significandum
501 2274 526 2327 S.
544 2272 759 2343 Conprspatinm'
777 2272 891 2337 Indicis,
908 2282 938 2325 ut
958 2274 1068 2325 omnino
1081 2274 1228 2342 prohibeat
1248 2274 1447 2328 translationes

264 2383 424 2437 huiusmodi
442 2385 539 2452 factas,
553 2398 623 2451 quae
642 2382 745 2451 absque
764 2382 883 2451 speciali
897 2381 1064 2435 auctoritate
1081 2382 1163 2434 huius
1176 2384 1271 2451 Apost.
1292 2382 1372 2436 Sedis
1390 2384 1444 2435 im-

262 2502 380 2559 pressae
399 2487 453 2539 sint
469 2503 492 2536 a.
515 2484 584 2538 Hinc
598 2483 626 2538 in
641 2482 732 2537 ludice
752 2482 887 2538 librorum
900 2482 1102 2552 prohibitorum
1123 2484 1228 2539 relatus
1241 2490 1284 2540 est
1297 2485 1445 2539 volumen:

265 2609 282 2643 a
297 2591 476 2646 Decisianum
490 2591 706 2643 novissimarum
720 2590 808 2645 llatae
821 2590 965 2643 Rornanae
976 2593 1035 2644 siae
1048 2590 1075 2644 S.
1087 2589 1192 2644 Palatii
1206 2592 1325 2644 Romani
1337 2590 1382 2643 Pii
1391 2590 1448 2653 Ν,

264 2701 407 2751 continens
427 2707 484 2751 tum
503 2698 659 2751 decisiones
677 2696 771 2749 uarias
791 2706 849 2748 tum
871 2696 1078 2749 declarationes
1099 2696 1218 2750 Consilii
1241 2697 1317 2749 Trid.
1336 2698 1447 2750 liabitas

265 2823 280 2859 e
295 2804 469 2857 Bibliotheca
482 2800 617 2871 Prosperi
628 2800 781 2855 Farinacci
792 2818 815 2866 s,
830 2801 897 2855 item
911 2800 984 2856 liber
996 2800 1113 2855 editusa
1123 2802 1225 2855 Ioanne
1238 2801 1277 2855 De
1290 2800 1446 2855 Gallemart

264 2909 429 2979 inscriptus:
449 2908 689 2961 «Declaratianes
712 2906 793 2960 Carti.
814 2907 934 2960 Consilii
951 2908 1028 2961 Trid.
1048 2906 1238 2977 interpretum
1257 2924 1321 2959 cum
1340 2908 1447 2960 citatio·

263 3018 345 3069 nibus
361 3015 474 3067 loannis
490 3012 609 3067 Satealli
621 3022 648 3067 ct
663 3012 873 3067 remissionibus
886 3014 1037 3083 Augustini
1049 3014 1192 3066 Barbarae
1206 3030 1231 3072 ›,
1244 3016 1274 3065 et
1286 3010 1362 3064 aliud
1375 3029 1448 3081 opus

264 3123 413 3193 Augustini
435 3102 574 3175 Barbosee
592 3121 808 3176 <Remissianes
828 3122 980 3175 Doctorum
1000 3123 1048 3190 qui
1062 3122 1143 3173 varia
1157 3120 1218 3173 laea
1234 3119 1352 3174 Consilii
1366 3120 1446 3172 Trid.

264 3233 420 3286 incidenter
438 3238 594 3283 tractarunt
608 3244 631 3280 e.
644 3227 681 3280 Et
694 3225 788 3296 plures
800 3226 873 3281 alise
886 3225 1042 3281 huiusmodi
1055 3225 1241 3281 collectiones
1259 3226 1366 3280 relatae
1378 3232 1446 3280 suut

264 3336 338 3390 inter
362 3334 448 3388 libros
473 3330 627 3401 prohibitos
652 3330 679 3385 vi
705 3330 865 3399 regularum
892 3330 1065 3397 generalium
1084 3330 1199 3395 Indicis3
1225 3334 1254 3384 at
1279 3332 1446 3400 praesertim

264 3440 360 3510 vigore
378 3438 482 3494 decreti
502 3438 588 3507 Cong.
602 3436 720 3491 concilii
739 3438 796 3491 diei
809 3437 851 3488 24
862 3437 934 3490 Mati
948 3436 1021 3489 1621
1039 3438 1184 3505 approbati
1202 3454 1220 3489 a
1232 3436 1367 3506 Gregorio
1379 3435 1447 3503 XV,

262 3564 319 3619 quo
338 3546 520 3617 prohibentur
542 3544 723 3599 Collectienes
742 3544 981 3609 Declaratianum,
1000 3543 1179 3598 Decisianum
1196 3562 1248 3599 seu
1266 3544 1444 3615 Interpreta-

264 3658 370 3709 tionum
386 3654 470 3724 Cana.
488 3653 661 3708 Concilium
680 3654 833 3724 impressae
852 3670 937 3721 quam
954 3654 1167 3723 imprimendae.
1181 3651 1222 3706 Cf.
1237 3651 1384 3706 Pallottini
1398 3671 1442 3722 ap.

263 3766 307 3817 cit.
319 3762 373 3814 eal.
390 3761 409 3812 7
417 3778 482 3829 pap.
495 3759 560 3811 126.
575 3787 609 3801 -
622 3758 664 3812 Ex
679 3758 840 3828 nuperrima
850 3756 1056 3812 Constitutione
1066 3757 1167 3813 Leonis
1177 3758 1242 3811 Xlll
1254 3776 1269 3810 c
1282 3756 1443 3827 Officiamtm

264 3882 291 3926 et
314 3886 464 3925 marterum
480 3886 505 3934 ι,
531 3870 573 3921 De
597 3868 782 3937 prohibitione
811 3876 837 3921 et
864 3882 983 3921 censura
1014 3867 1155 3919 librorum
1176 3885 1201 3918 a.
1222 3865 1319 3930 1897,
1345 3863 1442 3918 huius·

262 3979 335 4033 modi
358 3976 509 4047 prohibitio
534 3978 650 4031 extensa
674 3978 717 4029 est
741 3974 775 4026 ed
799 3973 913 4027 decreta
936 3973 1060 4026 omnium
1085 3972 1356 4043 congregationum
1377 3989 1443 4025 uam

263 4088 307 4140 tit.
328 4084 350 4138 ll
370 4082 430 4151 §33
449 4088 572 4137 cavetur:
591 4081 695 4137 «ltam
712 4082 864 4136 dicendum
888 4082 923 4134 de
948 4079 1164 4150 Collectianilms
1186 4083 1365 4134 decretorum
1384 4080 1444 4131 sin·

261 4190 397 4259 pillarum
416 4186 474 4240 lili.
498 4186 557 4251 CC„
576 4188 628 4239 luae
651 4186 785 4238 nimirum
810 4184 996 4239 Collectianes
1021 4184 1067 4237 edi
1084 4194 1231 4254 nequeant,
1251 4184 1306 4236 nisi
1331 4183 1442 4235 caeteta

259 4297 342 4366 prius
370 4294 480 4347 licentia
509 4303 535 4346 et
559 4294 679 4347 serratis
704 4291 906 4344 conditionibus
929 4308 946 4342 a
971 4292 1196 4343 irtaderatoribus
1221 4290 1444 4356 arriuscur'usque

266 4400 495 4470 l'arrprepatr'onis
512 4398 733 4469 praescriptis».
