3292 5109
199 339 201 344 Ι
334 250 382 319 62
856 270 941 317 rens
965 269 1002 316 11.

223 470 225 479 Α
332 398 399 460 tem
422 393 556 461 ratione
577 394 706 461 valoris
721 393 834 458 statuit
856 394 961 477 ipsum
983 395 1033 458 ius
1055 392 1226 479 privatum,
1238 392 1387 458 tribuens
1408 396 1518 458 certas

333 538 458 591 causas.
475 524 588 605 utputa
612 520 760 591 maiores.
778 517 935 584 iudicibus
958 520 1117 605 potiorem
1139 517 1277 604 gradum
1300 516 1518 583 obtinentibus

333 644 368 709 in
391 643 579 711 hierarchia
602 643 845 711 iurisdictionis.
864 678 882 693 ·
903 644 1013 718 Quare
1037 646 1070 707 in
1093 647 1235 710 tractatu
1258 644 1300 709 de
1322 643 1460 710 indiciis
1480 643 1520 709 in

335 770 446 853 specie
469 769 551 836 haee
575 771 702 856 saepius
725 770 871 836 occurrit
894 768 1122 835 determinatio
1145 770 1395 855 competentiam
1422 788 1520 854 quam

332 894 428 980 large
450 894 614 981 applicant
637 894 764 961 codices
787 893 937 961 hodierni
962 895 1086 981 etipse
1109 892 1214 959 codex
1237 894 1335 979 Greg.
1358 894 1454 959 XVI.
1478 895 1519 959 In

333 1022 407 1086 iure
429 1040 500 1085 can.
525 1022 685 1087 communi
716 1020 821 1105 quoad
845 1039 960 1087 causas
991 1019 1222 1086 determinatas
1245 1021 1372 1086 ratione
1394 1020 1520 1085 valoris

334 1143 491 1209 habemus
514 1163 627 1210 causas
651 1145 789 1210 maiores
814 1145 924 1231 Papae
947 1148 1142 1225 reservatas,
1159 1149 1192 1209 et
1208 1144 1380 1209 nonnullas
1402 1163 1519 1209 causas

301 1330 303 1335 .
335 1270 381 1344 uti
405 1270 656 1335 matrimoniales
680 1269 852 1336 attributas
874 1270 1052 1355 Episcopis,
1069 1288 1142 1335 cum
1165 1270 1354 1335 exclusione
1376 1267 1518 1335 iudicum

334 1390 528 1457 inferiorum
552 1389 801 1455 ordinariorum.

424 1514 477 1580 64.
502 1514 612 1581 Codex
642 1515 697 1583 cit.
729 1514 881 1599 Gregorii
912 1514 995 1579 XVI
1031 1512 1224 1599 profundam
1255 1512 1383 1580 induxit
1412 1519 1519 1582 muta-

332 1640 455 1705 tionem
484 1640 516 1704 in
540 1638 710 1705 Auditorio
741 1659 800 1724 per
820 1644 894 1703 art.
918 1638 995 1720 327,
1010 1640 1100 1704 euius
1123 1637 1178 1703 hin
1200 1643 1314 1704 tenor:
1341 1639 1410 1705 «S.
1432 1639 1520 1704 Rota

331 1772 470 1833 exercet
500 1765 752 1832 iurisdictionem
777 1766 995 1833 ordinariam
1018 1770 1052 1831 et
1079 1764 1331 1831 iurisdietionem
1354 1772 1520 1834 entraor-

336 1891 523 1956 dinam'am.
550 1926 567 1939 -
594 1889 717 1955 iudicat
739 1891 784 1957 uti
810 1889 965 1956 Tribunal
982 1890 1202 1958 ordinariam
1225 1897 1258 1957 et
1279 1891 1406 1977 absque
1428 1910 1520 1959 eom-

334 2000 494 2083 missione
520 2016 552 2081 in
578 2016 683 2081 causis
709 2016 960 2101 appellationum
982 2022 1039 2082 aut
1061 2017 1274 2083 restitutionis
1298 2018 1329 2081 in
1354 2017 1518 2103 integrum

334 2156 394 2221 pro
418 2135 505 2203 Urbe
523 2138 627 2202 Roma
646 2144 679 2203 et
702 2138 792 2203 Statu
816 2136 1000 2221 (Pontificio
1024 2135 1134 2224 civilil:
1159 2137 1279 2203 iudicat
1302 2140 1346 2205 uti
1371 2138 1517 2204 tribunal

331 2263 652 2330 entraordinamnm
690 2266 885 2332 auctoritate
923 2263 1170 2331 commissionis
1207 2283 1264 2329 seu
1303 2264 1518 2349 delegationis

334 2388 497 2474 Principis
528 2392 561 2454 in
596 2391 703 2455 causis
732 2389 772 2455 de
801 2390 915 2455 valore
946 2392 1179 2477 rescriptorum
1211 2388 1449 2456 Pontificalium
1482 2397 1517 2456 et

334 2516 366 2578 in
390 2516 496 2580 causis
523 2514 667 2581 Statuam
700 2508 898 2588 exterorum,
920 2514 1047 2601 quando
1077 2515 1118 2580 ad
1149 2517 1219 2581 eius
1248 2514 1400 2581 iudicium
1423 2514 1519 2581 defe-

334 2643 503 2702 rantur».

424 2763 515 2828 Haec
528 2762 693 2827 ordinaria
704 2764 929 2848 competentia,
943 2764 1019 2846 quin
1032 2782 1111 2847 opus
1123 2762 1165 2825 sit
1176 2761 1409 2831 commissione.
1423 2761 1515 2846 viget

333 2904 392 2969 pro
416 2883 552 2969 negotiis
576 2902 700 2966 quoque
723 2883 968 2958 ecclesiasticis;
993 2900 1068 2947 nam
1084 2880 1143 2947 sub
1165 2881 1259 2947 titulo
1282 2882 1332 2945 ΙΙΙ
1355 2882 1518 2967 inscripto

335 2988 643 3073 ‹neraambna
658 3005 1145 3073 annnarroneonannaa
1161 3004 1519 3071 coenomanensem

328 3130 537 3213 pertinentes
559 3128 780 3195 eeclesiastico
795 3127 874 3211 foro
891 3150 909 3191 a
928 3128 1115 3193 decernitur
1130 3128 1164 3192 in
1185 3128 1270 3194 Sect.
1287 3126 1337 3194 IV
1353 3133 1416 3193 art.
1433 3126 1515 3194 377:

335 3255 405 3322 «S.
429 3252 537 3321 Rotae
567 3253 718 3320 minaei
750 3234 920 3339 capnoseit
943 3258 975 3318 et
995 3252 1126 3318 iudicat
1155 3252 1365 3320 insecundo
1396 3252 1517 3339 prada

332 3376 584 3449 iurisdictionis,
609 3394 731 3443 consus
754 3374 950 3461 quinpentis
972 3376 1075 3442 sentis
1097 3376 1253 3442 romanis
1275 3375 1436 3451 maiores,
1452 3380 1519 3441 ant

330 3518 455 3566 canses
476 3498 604 3565 valoris
627 3498 881 3563 indeterminati
896 3504 928 3564 et
942 3516 1000 3564 ens
1016 3518 1105 3583 quoe
1119 3498 1171 3563 nti
1193 3498 1372 3585 proniores
1394 3518 1517 3565 reeen-

330 3628 450 3689 sentnr
465 3622 502 3688 in
524 3624 670 3689 materia
694 3624 928 3695 eeclesiastico.
945 3621 1093 3690 definitas
1112 3625 1144 3688 in
1167 3625 1274 3709 prima
1296 3624 1451 3688 instantia
1473 3623 1516 3689 ab

331 3746 506 3812 ordinariis
532 3746 740 3820 dioecesanis,
765 3766 786 3811 a
808 3746 963 3812 tribunali
986 3748 1175 3813 Vicariatus
1190 3748 1314 3812 Romae
1330 3754 1399 3812 eta
1416 3746 1518 3813 Prae

331 3869 399 3935 lato
411 3869 567 3936 Auditore
580 3870 737 3936 Gamerae
749 3889 780 3947 »;
791 3878 853 3936 art.
863 3871 939 3937 378:
955 3892 974 3933 s
989 3870 1165 3958 Gopnoscit
1176 3876 1207 3937 et
1217 3870 1349 3937 indicat
1361 3870 1400 3935 in
1413 3870 1517 3936 tertia

330 4001 364 4062 et
390 4002 565 4079 postrema
594 3997 758 4064 instantia
791 3993 823 4063 1⁰
851 4014 974 4063 censos
1004 3996 1152 4063 maiores
1182 3994 1377 4083 qninpentis
1408 3996 1516 4063 soniis

332 4120 489 4207 definitos
511 4120 724 4205 difformihns
746 4120 919 4188 sententiis
935 4120 971 4186 in
990 4122 1107 4204 prinw
1129 4120 1245 4208 produ
1267 4120 1310 4187 ab
1333 4119 1517 4203 Episcopis

329 4245 560 4333 santonensis
567 4265 582 4329 ,·
604 4244 641 4310 in
663 4246 770 4312 attero
802 4263 826 4311 a
847 4244 1130 4328 Metropolitanis.
1158 4280 1175 4293 -
1200 4240 1236 4309 2ο
1260 4264 1383 4311 canses
1405 4262 1516 4330 aeque

329 4368 480 4459 maiores
509 4366 702 4454 qninpentis
735 4366 838 4433 sentis
861 4365 1020 4453 definitas
1040 4366 1256 4452 difformihus
1277 4364 1453 4434 snalentiis
1475 4366 1515 4432 in
