3292 5109
522 251 566 297 ms
596 248 735 296 romeus
757 249 1022 297 accussmsrrms
1296 234 1362 299 455

183 375 281 440 tionis
304 375 378 440 Vic.
403 374 594 461 capitularis
624 374 707 439 haec
729 373 877 439 decernit
909 373 1033 439 Concit.
1065 374 1158 440 Trid.
1184 373 1270 442 Sess.
1300 376 1360 453 211,

184 519 259 583 cap.
283 470 335 573 ld,
359 500 401 566 de
423 498 502 583 ress
522 500 736 587 «Episcopus
758 520 838 565 vero
863 498 904 565 ad
927 500 1071 565 eamdem
1095 500 1221 565 Eccles.
1246 521 1363 566 vacan-

183 631 249 691 tem
275 631 450 711 promotus,
475 646 518 690 ex
541 627 580 692 iis
603 645 686 709 quae
708 625 749 690 ad
773 646 846 691 eum
870 630 1026 709 spectant,
1050 624 1090 691 ab
1114 626 1233 691 eisdem
1262 626 1362 693 Oeco

182 767 290 829 nomo,
313 748 448 814 Vicario
472 754 504 813 et
527 749 598 813 aliis
621 748 873 833 quibuscumque
896 746 1083 814 officialibus
1107 753 1140 813 et
1162 748 1363 814 administra·

181 871 307 939 toribus
331 871 401 955 qui,
426 870 509 937 Sede
532 876 686 944 vacante,
710 871 845 936 fuerunt
869 891 888 936 a
910 870 1056 956 Capitulo
1079 871 1132 935 vel
1163 870 1203 935 ab
1233 872 1305 936 aliis
1327 873 1362 936 in

184 996 253 1060 eius
282 994 387 1059 locum
419 995 584 1060 constituti
609 997 705 1059 etiam
732 996 760 1060 si
782 995 907 1060 fuerint
929 1016 971 1059 ex
995 994 1107 1059 eodem
1130 994 1287 1080 capitulo,
1312 1014 1362 1059 ra-

181 1121 301 1184 tionem
324 1120 433 1206 exigat
456 1117 635 1185 officiorum
662 1118 890 1200 iurisdictionis
914 1125 969 1185 aut
992 1122 1219 1204 cuiuscumque
1249 1142 1361 1187 eorum

182 1247 327 1311 muueris
349 1248 510 1331 possitque
533 1267 589 1312 eos
611 1248 727 1331 punire
751 1248 804 1330 qui
830 1247 862 1311 in
885 1266 998 1311 eorum
1021 1245 1127 1313 officio
1151 1269 1208 1313 seu
1231 1250 1362 1315 admini-

182 1369 338 1435 stratione
361 1368 556 1453 deliquerint
579 1370 725 1434 etiamsi
750 1368 906 1455 praedicti
931 1368 1096 1441 officiales,
1114 1370 1247 1437 redditis
1266 1374 1362 1437 ratio·

181 1490 285 1564 nibus,
302 1512 323 1555 a
342 1491 487 1576 Capitulo
510 1492 563 1555 vel
586 1511 607 1555 a
630 1491 789 1577 deputatis
812 1491 852 1555 ab
878 1492 989 1557 eodem
1012 1491 1243 1559 absolutionem
1266 1503 1299 1561 et
1320 1498 1361 1561 li-

181 1614 382 1680 berationem
406 1615 613 1680 obtinuerint.
638 1615 753 1681 Eidem
776 1635 901 1700 quoque
925 1619 1084 1704 Episcopo
1107 1626 1256 1686 teneatur
1273 1621 1361 1707 Capi·

181 1740 283 1805 tulum
319 1738 358 1803 de
392 1739 562 1824 scripturis
589 1739 630 1803 ad
661 1740 842 1807 Ecclesiam
873 1742 1115 1827 pertinentibus,
1148 1746 1174 1809 si
1205 1764 1288 1828 quae
1320 1744 1361 1809 ad

181 1862 362 1949 Capitulum
386 1869 616 1949 pervenerunt,
632 1866 792 1931 rationem
816 1865 954 1932 reddere
970 1890 1000 1930 ».
1025 1868 1058 1933 Si
1074 1888 1093 1932 a
1108 1869 1163 1934 tali
1181 1869 1361 1955 syndacatu

180 1985 320 2052 diximus
342 1988 516 2052 immunem
533 2008 604 2055 esse
621 1986 692 2052 Vic.
710 1990 915 2072 Generalem,
932 1992 1015 2057 ratio
1039 1991 1133 2056 huius
1153 1980 1362 2057 immunitatis

180 2113 328 2179 consistit
350 2114 383 2178 in
406 2114 477 2179 eius
501 2112 684 2178 conditione
708 2113 823 2199 quippe
847 2116 954 2180 omnia
976 2117 1061 2201 gerit
1084 2116 1195 2183 eadam
1211 2118 1360 2203 Episcopi

180 2238 390 2313 auctoritate;
415 2242 448 2305 et
470 2238 649 2323 Episcopus
679 2238 819 2321 quotidie
852 2240 885 2313 iu
916 2240 1006 2304 illum
1030 2241 1167 2327 vigilare
1198 2247 1362 2326 potestat

180 2360 285 2427 debet.
309 2364 363 2427 Ex
385 2362 522 2427 adverso
546 2364 678 2427 maximi
700 2365 849 2445 interest,
874 2370 908 2430 ut
932 2364 1015 2429 Sede
1045 2370 1181 2430 vacante
1210 2387 1267 2432 seu
1295 2368 1360 2431 Ec·

180 2488 281 2554 clesia
295 2487 409 2553 solatio
426 2490 475 2554 sui
492 2490 638 2554 Pastoris
653 2488 816 2563 destituta,
831 2490 952 2555 nullum
971 2492 1110 2575 patiatur
1122 2461 1358 2557 detrimentum.

270 2609 302 2675 S.
320 2610 419 2696 Cong.
438 2610 573 2676 Consilii
589 2610 622 2675 in
641 2610 807 2678 Gnesnen.
825 2612 867 2676 14
882 2612 993 2697 April.
1010 2612 1104 2678 1722
1120 2614 1295 2701 respondit,
1312 2614 1360 2680 in·

180 2732 311 2801 dicitius
334 2735 504 2802 adiunctis
525 2737 576 2801 nti
598 2756 669 2804 non
692 2737 799 2802 teneri
822 2738 1030 2821 Episcopum
1050 2740 1290 2822 procedentem
1313 2740 1361 2806 ud

179 2858 388 2944 enipendum
415 2860 583 2926 rationem
614 2861 923 2928 administrationis
949 2867 1060 2948 pastae
1090 2861 1132 2928 ab
1162 2862 1360 2947 officialibus

179 2980 348 3064 deputatis
370 3003 394 3047 u
420 2980 584 3067 capituto,
610 2984 694 3050 Sede
716 2990 867 3051 vacante.

269 3106 344 3172 352.
370 3106 623 3192 competentiam
647 3108 772 3175 Vicarii
799 3131 856 3175 seu
880 3110 1160 3179 Administratoris
1184 3113 1360 3198 Apostolioi

130 3230 145 3255 ‘
179 3226 262 3311 quod
286 3229 409 3310 attinet,
434 3229 642 3295 recolendum
666 3235 731 3303 est,
756 3232 826 3297 eius
853 3237 1043 3317 potestatem
1075 3254 1145 3299 esso
1177 3236 1360 3303 entraordi-

178 3351 316 3432 uariam,
334 3352 542 3437 eamdemque
564 3356 669 3439 repeti
686 3374 704 3419 a
721 3354 839 3420 litteris
856 3355 1085 3440 deputationis,
1102 3364 1135 3423 et
1150 3360 1272 3423 variam
1288 3378 1360 3424 csse

178 3496 238 3563 pro
254 3476 391 3542 diversis
414 3479 573 3545 adiunctis
587 3480 687 3565 ipsius
711 3479 867 3546 dioecesis
890 3482 958 3546 sive
973 3482 1118 3550 vacantis
1135 3484 1202 3549 sive
1217 3483 1359 3548 nondum

178 3622 237 3667 suo
261 3602 397 3669 Pastore
420 3603 600 3669 destitutae.
625 3604 754 3670 Exinde
777 3606 1066 3673 Administratores
1089 3610 1264 3693 Apostolici
1295 3630 1359 3675 non

177 3727 278 3793 semel
302 3732 461 3793 exercent
475 3730 571 3793 etiam
594 3734 787 3814 potestatem
812 3730 954 3813 Ordinis,
971 3737 1003 3797 et
1019 3733 1082 3798 hoc
1104 3731 1141 3798 fit
1163 3735 1302 3818 quotidie
1317 3735 1359 3800 ab

177 3850 217 3913 iis
241 3849 450 3916 Praesulibus
475 3852 529 3935 qui
552 3850 592 3915 ad
614 3847 711 3916 aliam
735 3852 917 3919 Ecclesiam
941 3855 1098 3929 translati,
1116 3854 1217 3922 donec
1241 3877 1358 3921 novam

177 3970 349 4037 dioecesim
366 3992 539 4059 capessere
555 3976 695 4047 valeant,
713 3978 859 4041 retinent
873 3985 1002 4043 veteres
1018 3978 1191 4054 Ecclesias,
1203 3982 1275 4045 iure
1290 3978 1358 4045 Ad-

176 4101 407 4166 ministratoris
422 4099 611 4186 Apostolici.
631 4139 648 4152 -
668 4102 830 4178 Quocirca
849 4104 909 4169 ista
929 4106 1059 4169 omnino
1075 4106 1203 4171 diversa
1218 4106 1358 4172 conditio

177 4218 295 4283 horum
310 4220 520 4285 Vicariorum
536 4223 720 4287 necessario
737 4223 859 4305 suadet,
876 4225 1018 4308 pressius
1033 4223 1275 4291 adhaerendum
1287 4244 1358 4291 esse

176 4344 296 4408 litteris
308 4343 533 4430 deputationis,
552 4346 668 4432 quippe
680 4346 823 4412 fontibus
838 4347 1019 4413 huiusmodi
1031 4349 1147 4413 iurium
1160 4349 1356 4435 specialium.
