3292 5109
327 297 394 363 406
845 316 929 365 ruas
952 316 989 365 11.

325 443 532 505 contumaces
554 440 748 527 comparatis
770 460 829 506 seu
858 460 918 527 pro
948 442 1144 507 immissione
1166 444 1199 507 in
1223 440 1309 507 bona
1332 446 1367 507 et
1396 461 1507 525 seque·

325 564 543 648 strationibus,
567 566 668 633 etita
690 584 800 651 porro.
820 564 931 641 Quare
953 572 1083 632 cautum
1106 567 1272 649 faltonia
1288 586 1417 634 causae
1439 568 1507 652 agi·
1621 638 1622 641 ,

324 694 412 756 tatae
433 689 518 776 apud
539 689 638 755 alium
660 689 799 757 iudicem
822 710 894 756 esse
917 692 1104 775 recipienda
1127 692 1224 757 etiam
1247 712 1267 757 a
1290 691 1400 757 iudice
1425 694 1507 757 eius-

324 813 398 879 dem
420 814 544 880 ordinis
566 820 599 881 et
620 814 742 881 diversi
762 815 942 890 territorii;
965 815 1146 881 huiusmodi
1177 816 1262 880 enim
1293 822 1371 883 acta
1400 818 1509 900 aequi·
1621 834 1622 897 3

324 941 483 1021 parantur
504 935 642 1023 publicis
663 937 885 1003 instrumentis
907 956 968 1023 per
991 938 1134 1004 notarios
1157 939 1288 1025 rogatis
1318 936 1370 1005 Gi.
1386 939 1456 1005 vot.
1477 938 1507 1011 1,

322 1082 359 1128 a.
383 1060 466 1129 385.

413 1184 720 1252 stacionensis
749 1187 783 1251 iu
806 1206 882 1271 cop.
905 1188 996 1255 unio.
1020 1188 1070 1254 De
1098 1188 1178 1271 foro
1209 1194 1351 1273 compet.
1386 1186 1450 1274 (ΙΙ,
1476 1190 1510 1276 2)

323 1308 361 1375 ia
379 1310 481 1376 clem.
505 1312 539 1375 iu
562 1310 707 1378 Concilio
722 1312 903 1377 Viennensi
923 1314 1043 1386 statuit,
1061 1314 1251 1399 Episcopum
1268 1333 1290 1377 a
1309 1313 1510 1380 facinorosis

322 1430 505 1499 hominibus
534 1435 720 1521 impeditum
750 1434 791 1499 ab
821 1436 979 1501 exercitio
1010 1454 1088 1501 snae
1119 1435 1352 1502 iurisdictionis
1384 1438 1422 1501 in
1452 1458 1511 1503 sua

323 1555 473 1639 dioecesi,
496 1560 646 1643 possein
668 1560 777 1625 aliena
799 1579 926 1645 quoque
949 1558 1088 1626 dioecesi
1111 1561 1291 1647 procedere
1314 1568 1437 1629 contra
1456 1582 1509 1628 ex-

322 1682 480 1766 pulsores,
496 1682 697 1748 consiliarios
711 1689 745 1748 et
762 1683 918 1764 fautores,
935 1681 1047 1748 iisdem
1071 1684 1176 1749 citatis
1191 1684 1232 1750 ad
1248 1685 1508 1771 comparendum

322 1824 383 1891 per
405 1806 543 1876 edictum
566 1808 599 1871 in
623 1807 779 1873 Ecclesiis
802 1806 1037 1893 evulgandum,
1061 1808 1089 1873 si
1111 1807 1190 1875 alias
1221 1810 1318 1875 citari
1349 1830 1420 1875 non
1451 1830 1510 1874 ra-

321 1927 420 1993 leant.
443 1925 532 1993 Dein
554 1926 642 1994 iubet
665 1928 830 1996 Pontifex.
858 1948 875 1991 ‹
900 1927 1030 2005 Eisdem
1053 1930 1150 1995 etiam
1174 1930 1345 2017 Episcopis
1361 1931 1508 2017 indulge·

321 2072 393 2118 mus
415 2059 451 2118 ut
472 2054 558 2119 inter
579 2073 656 2119 suos
677 2053 865 2119 subditos...
897 2056 1019 2140 possint
1042 2056 1075 2119 in
1098 2054 1297 2121 dioecesibus
1330 2056 1449 2121 alienis
1474 2058 1506 2119 in

321 2178 436 2263 quibus
458 2198 583 2245 moram
605 2181 770 2247 traxerint
792 2164 975 2265 (dummodo
1001 2198 1063 2265 per
1084 2199 1120 2246 se
1143 2180 1197 2247 vel
1221 2200 1283 2265 per
1312 2180 1417 2246 alium
1443 2180 1506 2246 boc

320 2308 355 2372 in
377 2308 443 2372 suis
465 2305 664 2372 dioecesibus
686 2307 800 2372 facere
815 2326 882 2373 non
897 2305 1038 2373 audeaut
1052 2306 1105 2373 vel
1128 2327 1193 2371 non
1217 2306 1354 2393 possint)
1379 2307 1505 2373 iurisdi-

321 2436 460 2499 ctionem
475 2452 566 2498 suam
581 2433 798 2497 omnimodam
813 2450 983 2513 exercere,
999 2432 1045 2498 ita
1066 2436 1175 2496 tamen
1198 2431 1283 2516 quod
1306 2430 1428 2497 subditi
1450 2433 1504 2515 qui

321 2559 520 2645 expulsores,
536 2558 590 2623 vel
609 2578 722 2623 eorum
738 2558 893 2631 fautores,
911 2562 968 2622 aut
982 2558 1158 2623 consiliarii
1173 2578 1239 2623 non
1255 2558 1393 2631 fuerint
1410 2560 1505 2624 ultro

320 2682 409 2749 duas
431 2681 562 2748 diaetas
577 2700 599 2745 o
613 2682 682 2767 fiae
703 2698 786 2746 suae
808 2678 970 2747 dioecesis
985 2698 1051 2743 nou
1065 2679 1248 2745 trahantur.
1265 2680 1430 2745 Volumus
1454 2682 1503 2745 in·

319 2826 418 2892 super
440 2811 477 2872 ut
497 2810 573 2871 ante
595 2806 704 2870 omnia
726 2825 746 2869 a
773 2805 975 2871 dioecesanis
1004 2804 1150 2871 locorum
1174 2805 1208 2869 in
1234 2802 1349 2888 quibus
1377 2824 1503 2869 moram

319 2934 492 3006 traxerint,
508 2933 621 3018 petant
641 2930 805 2995 licentiam
827 2931 860 2995 in
877 2930 1080 3016 praemissis:
1105 2948 1198 3014 quam
1222 2930 1249 2993 si
1273 2928 1424 2995 obtinere
1447 2949 1502 2994 ne·

320 3058 491 3141 quiverint
503 3052 682 3141 procedant
693 3052 903 3118 nihilomiuus
918 3058 1015 3137 prout
1029 3051 1176 3137 superius
1191 3056 1241 3116 est
1256 3072 1450 3136 expressum
1466 3072 1497 3114 r.

408 3182 485 3249 323.
509 3180 697 3247 Tribunalia
718 3198 801 3263 quae
823 3180 910 3245 iuter
932 3198 967 3244 se
990 3178 1043 3244 vel
1070 3178 1270 3245 coordinata
1293 3178 1347 3243 vel
1379 3180 1499 3247 suber·-

319 3310 439 3377 dinato
461 3313 545 3381 sunt,
562 3312 653 3374 certa
675 3304 871 3393 procedendi
887 3306 1012 3370 ratione
1035 3303 1094 3370 sibi
1117 3308 1286 3389 praestant
1309 3305 1499 3372 sabellium

318 3436 414 3502 iuris.
440 3470 458 3484 -
481 3434 665 3500 Necessitas
687 3432 782 3497 huius
805 3429 937 3497 subsidii
960 3428 1078 3516 pendet
1101 3430 1301 3515 potissimum
1316 3452 1360 3497 ex
1375 3431 1500 3498 duabus

316 3559 398 3624 iuris
427 3553 753 3644 praescriptionibus;
785 3572 868 3637 quae
895 3553 1088 3616 invocantur
1115 3521 1149 3614 in
1179 3550 1282 3617 citato
1316 3552 1419 3619 Clam
1451 3554 1498 3617 ni·

316 3680 446 3751 mirum,
1135 3664 1139 3671 ’

409 3803 441 3891 l)
463 3804 539 3889 quia
561 3802 659 3868 iudex
681 3803 716 3866 in
740 3802 847 3866 aliena
869 3797 1018 3873 dioecesi,
1043 3796 1216 3873 ordinario,
1240 3799 1497 3867 iurisdictionem

314 3946 380 4025 non
402 3932 509 4013 potest
531 3943 702 3997 exercere,

404 4050 438 4138 2)
462 4049 537 4134 quia
551 4054 650 4113 testes
673 4066 738 4111 non
760 4050 835 4112 suut
858 4043 1073 4110 conveniendi
1097 4042 1181 4130 apud
1205 4044 1352 4110 tribunal
1372 4044 1500 4130 quando

314 4172 357 4239 ab
373 4174 524 4258 solonge
547 4171 667 4237 distant
681 4174 714 4235 et
728 4168 895 4234 commode
918 4166 1023 4232 audiri
1038 4171 1173 4251 possunt
1196 4186 1217 4231 a
1235 4167 1342 4234 iudice
1359 4169 1391 4233 in
1407 4170 1498 4233 ouius

315 4299 465 4365 districtu
486 4301 665 4363 morantur.
691 4296 826 4379 lnquam
844 4328 861 4341 -
880 4298 975 4361 testes
991 4328 1008 4339 -
1025 4292 1140 4378 quippe
1162 4296 1213 4358 ost
1234 4314 1333 4380 casus
1345 4294 1494 4378 frequen·

314 4429 397 4510 tior,
425 4424 482 4491 sed
496 4414 676 4509 'aliquando
700 4421 795 4487 etiam
822 4417 859 4486 fit
881 4426 917 4487 ut
938 4420 1007 4486 sive
1036 4423 1127 4484 actor
1153 4418 1224 4488 sire
1252 4440 1332 4487 reus
1363 4418 1494 4487 debeant
