3292 5109
259 262 302 327 12
775 280 860 329 raas
884 278 921 327 ιι.

256 402 376 470 bentur
394 401 510 487 Officia
526 403 560 467 in
575 422 633 469 sua
647 403 842 490 primigenia
855 410 983 469 natura.
1003 405 1070 470 Ista
1088 405 1175 470 enim
1198 405 1316 491 quippe
1338 402 1438 471 desti·

256 531 334 593 nata
348 526 388 591 ad
411 526 601 612 exequenda
615 532 688 594 acta
701 526 820 615 Papae,
837 528 951 612 quales
966 533 1042 594 sunt
1063 530 1291 596 concessiones
1313 530 1437 616 gratia·

256 672 339 735 rum,
352 651 597 735 absolutionum,
613 650 858 740 privssegiorum
872 659 907 722 et
920 673 1091 721 munerum
1115 655 1326 741 pastoralium
1348 654 1436 721 dele-

255 778 412 863 gationes,
430 778 540 865 Papae
556 798 720 863 nunquam
735 780 850 847 deesse
873 786 1069 867 potuerunt;
1089 779 1151 846 sed
1173 750 1300 847 tantum
1322 798 1440 846 rerum

255 906 501 988 temporumque
515 922 693 990 progressu
711 908 808 971 nacta
822 907 899 970 sunt
913 903 1090 969 solemnem
1105 902 1254 978 formam,
1270 923 1335 989 qua
1349 922 1437 969 nuno

255 1028 368 1113 vigent
384 1028 596 1112 (lancellaria,
623 1030 886 1112 Poenitentiaria‚
911 1028 1052 1111 Dataria,
1075 1027 1262 1095 Secretaria
1281 1029 1436 1094 Brevium

255 1156 290 1217 et
311 1153 357 1220 ita
379 1172 489 1238 porro.

346 1276 577 1344 Consistorium
597 1298 677 1344 vero
693 1278 777 1363 quod
794 1282 930 1364 spectat,
946 1275 1137 1363 iampridem
1152 1282 1358 1363 perspectum
1372 1276 1436 1342 fuit

256 1402 343 1469 haud
356 1402 452 1470 facile
465 1424 536 1471 esse
548 1406 581 1470 in
593 1402 773 1471 huiusmodi
787 1402 1006 1470 Cardinalium
1021 1408 1184 1469 conventu
1198 1402 1327 1489 negotia
1339 1421 1436 1487 expe·

255 1524 326 1591 dire
341 1527 516 1613 praecipue
531 1529 663 1601 maiora,
677 1548 749 1593 oum
766 1531 913 1592 maturae
929 1525 1153 1593 deliberationi
1164 1523 1433 1613 praemittendum

255 1648 298 1715 sit
320 1656 482 1718 maturum
504 1654 553 1717 rei
577 1658 808 1719 controversae
828 1670 978 1725 examen,
995 1651 1079 1737 quod
1094 1652 1128 1717 in
1143 1652 1356 1719 incontinenti
1372 1649 1434 1716 dif-

255 1774 341 1844 licile
364 1779 478 1844 haberi
502 1784 615 1867 potest.
633 1778 794 1864 Siquidem
819 1798 1020 1864 quacumque
1042 1779 1076 1843 in
1099 1779 1286 1862 quaestione
1309 1781 1432 1842 rectam

255 1902 420 1970 hominum
444 1904 709 1991 gubernationem
734 1906 937 1990 respiciente,
954 1903 1074 1990 duplex
1094 1904 1279 1971 continetur
1301 1901 1432 1969 difficul-

255 2026 331 2093 tatis
358 2027 459 2103 ratio;
484 2026 589 2092 altera
615 2045 730 2112 nempe
761 2025 865 2109 quoad
886 2024 972 2108 facti
1000 2024 1169 2101 adiuncta3
1194 2025 1299 2090 altera
1330 2022 1434 2110 quoad

255 2145 326 2223 ius,
352 2167 487 2232 quorum
511 2169 555 2214 ex
577 2152 720 2235 genuina
749 2149 864 2214 notitia
893 2138 1033 2234 e'rumpit
1061 2116 1154 2214 recta
1181 2148 1303 2234 negotii
1331 2166 1434 2234 expe·

255 2270 344 2338 ditio.
368 2272 413 2339 At
429 2272 514 2357 sacti
536 2274 700 2341 adiuncta
719 2274 946 2360 percipiuntur
967 2273 1081 2339 solerti
1103 2274 1324 2359 inquisitione;
1347 2272 1435 2341 iura

256 2395 361 2463 dubia
383 2398 592 2465 resolvuntur
614 2405 728 2485 pacato
752 2401 912 2465 examine.

345 2520 510 2596 Quomodo
538 2542 581 2587 ex
610 2522 674 2588 hac
704 2542 816 2588 rerum
848 2521 1049 2596 conditione,
1079 2526 1192 2607 suapte
1222 2521 1265 2593 vi,
1290 2526 1363 2586 orta
1393 2522 1435 2587 sit

255 2643 287 2710 S.
310 2644 603 2731 Congrogatlonum
626 2648 809 2714 constitutio
836 2647 983 2731 sequenti
1005 2645 1193 2712 declaratur
1222 2643 1383 2731 exemplo.
1414 2679 1432 2693 -

255 2771 468 2856 Experientia
490 2778 689 2859 compertum
713 2773 783 2845 fuit,
805 2772 947 2838 'concilia
969 2772 1067 2837 etiam
1093 2768 1273 2858 synodalia,
1297 2775 1333 2835 ut
1355 2790 1434 2836 eva·

254 2892 333 2959 dant
356 2894 454 2968 utilia,
471 2894 678 2979 expostulare
702 2896 869 2979 praeviam
892 2894 1113 2978 quaestionum
1136 2892 1324 2979 diligentem
1343 2910 1434 2978 prae·

253 3021 471 3107 parationem;
496 3039 598 3105 quare
620 3040 688 3085 mos
711 3020 857 3101 invaluit,
878 3024 914 3087 ut
936 3018 1031 3085 docet
1054 3018 1248 3084 Benedictus
1263 3018 1366 3094 XIV,
1383 3019 1435 3087 De

256 3141 338 3229 spa.
356 3116 495 3210 caeca.
513 3142 567 3209 aa
585 3140 619 3218 3,
637 3162 664 3209 c.
681 3142 728 3218 11,
744 3143 766 3225 ς
782 3140 816 3219 3,
842 3145 876 3208 et
899 3141 953 3208 m.
970 3142 1004 3218 o,
1027 3162 1060 3209 a·
1072 3143 1100 3217 1,
1115 3143 1138 3225 g
1153 3143 1182 3217 1,
1206 3140 1435 3228 praemittendi

255 3268 370 3357 synodi
398 3269 609 3335 celebrationi
633 3268 887 3335 consultationes
913 3289 971 3335 seu
996 3268 1265 3355 congregationes
1287 3285 1434 3353 praesy-

255 3396 396 3463 nodales
423 3394 464 3461 ad
486 3395 663 3481 parandam
691 3401 723 3461 et
746 3395 885 3461 sollicito
901 3394 1006 3461 studio
1030 3392 1242 3459 ordinandam
1265 3393 1434 3459 materiam

255 3526 366 3607 postea
389 3521 505 3608 synodi
527 3524 602 3587 roto
625 3520 866 3586 subiiciendam.
891 3555 910 3569 -
935 3520 1006 3587 Non
1028 3540 1123 3585 secus
1145 3514 1299 3605 suffragio
1322 3518 1434 3584 Ponti-

255 3644 325 3713 ficis
341 3651 374 3712 et
390 3645 606 3712 Cardinalium
621 3664 756 3711 necesse
772 3644 834 3712 fuit
849 3644 1038 3711 submittere
1053 3645 1193 3731 negotia,
1209 3664 1293 3728 quae
1308 3645 1378 3709 sive
1392 3642 1434 3710 ob

255 3772 415 3838 sactorum
439 3772 647 3857 praemissam
673 3770 909 3854 inquisitionem
933 3770 1002 3835 sive
1018 3769 1058 3835 ob
1074 3769 1154 3834 iuris
1168 3770 1232 3834 iam
1256 3769 1435 3854 explicatas

255 3894 459 3979 quaestiones
482 3898 590 3959 essent
612 3892 764 3979 prudenti
792 3892 989 3977 expeditioni
1012 3897 1137 3978 parata.
1163 3890 1357 3978 Iampridem
1384 3910 1436 3957 ca-

254 4017 375 4103 pellani
392 4016 440 4103 (l)
464 4019 572 4103 Papae
595 4017 766 4102 aliqualem
790 4018 1000 4103 praemittere
1030 4020 1271 4083 consueverunt
1301 4034 1435 4102 praepa·

344 4300 384 4372 (l)
405 4300 551 4372 Capellani
576 4300 683 4371 Papae,
707 4300 819 4355 saeculo
844 4316 912 4366 1111,
936 4300 1109 4355 vocabantur
1134 4314 1189 4353 non
1214 4299 1235 4353 ii
1257 4302 1368 4353 tantum
1385 4293 1434 4366 qui

254 4405 340 4460 sacris
364 4406 554 4461 functionibus
578 4404 607 4458 in
632 4406 761 4460 Oratorio
786 4420 834 4459 seu
860 4404 975 4476 Capella
994 4404 1087 4475 Papae
1112 4403 1257 4459 exclusive
1280 4400 1433 4466 vacabant,
