3292 5109
503 286 547 348 os
570 301 710 349 1uo1011s
733 300 999 349 ncctnsrasrrors
1275 284 1345 348 205

163 416 359 485 reficiendas
380 419 590 487 tenebitur».
615 420 725 497 Quare
748 420 894 487 clausula
915 426 949 487 et
971 421 1122 504 amplius
1146 441 1211 487 non
1227 428 1277 490 est
1298 423 1346 487 ita

161 547 384 633 peremptoria
406 552 443 613 ut
465 547 736 633 dispensationem
760 567 822 613 nou
847 547 1004 615 admittat

252 676 328 741 Ari.
344 674 405 741 23.
428 674 544 742 «Cum
566 676 728 743 sententia
749 676 783 741 in
807 694 877 741 rem
901 674 1074 740 iudicatam
1098 674 1343 759 pertransierit,

159 803 280 869 victori
305 802 474 868 decisionis
504 802 673 887 exemplar
694 799 822 868 dabitur
845 803 982 888 praevia
1002 805 1153 866 taxarum
1176 799 1343 866 ordinaria

159 923 323 990 solutione
340 944 370 988 ›.

252 1048 327 1115 Art.
344 1049 403 1115 24.
420 1069 440 1112 ‹
457 1049 497 1115 In
513 1048 648 1123 ensibus,
665 1048 706 1115 de
724 1048 838 1134 quibus
861 1069 969 1115 sermo
992 1055 1041 1116 est
1063 1051 1096 1115 in
1112 1056 1174 1115 art.
1193 1050 1235 1115 14
1252 1055 1284 1116 et
1298 1049 1346 1116 22

159 1172 233 1257 (seu
244 1176 278 1239 in
292 1178 398 1242 causis
412 1173 646 1262 contumaciae)
659 1180 692 1241 et
707 1176 740 1239 iu
757 1174 828 1240 aliis
844 1174 1098 1260 exquirentibus,
1111 1177 1202 1243 iuxta
1213 1175 1245 1241 S.
1259 1175 1342 1241 Con-

159 1302 362 1387 gregationis
393 1300 542 1375 decreta,
568 1320 783 1387 expensarum
814 1300 1027 1367 reiectionem
1055 1298 1150 1386 (idest
1177 1300 1210 1363 in
1237 1301 1345 1365 causis

158 1427 467 1500 matrimonialibus,
491 1426 727 1503 alimentorum,
751 1430 982 1492 attentaturum
1005 1430 1038 1490 et
1059 1425 1175 1510 spolii),
1200 1444 1276 1510 pars
1299 1428 1342 1491 vi-

160 1553 251 1617 ctrix
275 1552 358 1617 Rno
375 1550 558 1617 Secretario
582 1550 725 1616 notulam
749 1548 924 1624 exhibebit,
942 1551 996 1634 qui
1015 1569 1087 1614 eam
1109 1548 1265 1634 approbet
1286 1555 1345 1615 aut

161 1676 320 1764 corrigat,
336 1680 432 1761 atque
448 1680 648 1761 opportunae
672 1675 873 1741 executionis
888 1674 1020 1740 decreto
1035 1673 1158 1739 muniat
1173 1694 1205 1735 ›.

253 1801 365 1877 Quoad
389 1806 450 1866 art.
476 1802 520 1868 22
543 1800 599 1866 illa
630 1794 776 1867 clausula
802 1820 870 1885 per
892 1800 1091 1867 memoriale
1118 1801 1220 1867 citata
1239 1805 1344 1884 parte

160 1919 325 2008 significat
354 1919 526 2003 aliquando
557 1919 651 1986 card.
677 1920 886 1985 Praefectum
911 1921 1077 1985 remittere
1100 1919 1342 1985 concessionem

162 2046 316 2133 beneficii
343 2064 453 2112 novae
481 2044 676 2110 audientiae
702 2044 819 2131 plenae
850 2044 1113 2130 congregationis
1142 2043 1278 2109 arbitrio
1301 2045 1345 2110 ob

162 2190 281 2238 causae
316 2169 525 2255 gravitatem,
555 2168 746 2253 praesertim
773 2187 816 2232 ne
846 2188 907 2254 per
936 2166 1084 2233 fraudem
1107 2186 1128 2231 a
1149 2168 1235 2232 victo
1266 2165 1344 2232 talis

160 2295 259 2360 venia
281 2298 428 2380 petatur;
452 2291 659 2378 quamobrem
680 2294 798 2358 citatur
813 2312 891 2379 pars
905 2293 1027 2358 victrix
1042 2293 1081 2357 ad
1097 2292 1341 2378 prohibendam,

161 2422 189 2487 si
214 2440 351 2505 aequum
373 2421 424 2494 sit,
446 2420 686 2485 concessionem
710 2438 814 2485 novae
837 2417 1029 2485 audientiae.

252 2544 291 2610 In
311 2548 373 2611 art.
389 2545 434 2611 23
450 2546 558 2630 agitur
580 2544 613 2609 iu
636 2544 749 2631 primis
771 2543 812 2609 de
835 2543 1008 2610 obtinendo
1031 2546 1211 2611 sententiae
1235 2565 1342 2611 exem·

162 2669 264 2757 plari,
289 2669 374 2755 quod
404 2671 489 2755 parti
512 2670 640 2736 victrici
662 2668 704 2735 ad
728 2670 797 2735 eius
820 2670 1004 2735 instantiam
1027 2669 1184 2751 traditur,
1208 2671 1345 2755 praevia

159 2797 313 2858 taxarum
329 2792 498 2858 solutione.
523 2792 689 2867 Quaenam
712 2798 811 2858 taxae
834 2792 1010 2859 solvendae
1024 2794 1088 2859 sint
1112 2792 1282 2857 Defensori
1298 2812 1342 2858 ex

161 2914 267 2983 officio
291 2918 325 2982 in
348 2918 455 2983 causis
477 2918 599 2983 vinculi
622 2918 883 2993 matrimonialis,
909 2919 1029 2986 Sacrae
1053 2918 1284 2996 Ordinationis,
1309 2924 1343 2985 et

162 3038 381 3105 Professionis
397 3038 591 3126 Religiosae,
611 3044 700 3127 patet
717 3060 760 3106 ex
776 3040 907 3108 decreto
931 3037 1135 3108 Secretariae
1150 3041 1245 3108 huius
1260 3041 1341 3109 Con·

161 3162 361 3247 gregationis
391 3161 475 3227 edito
501 3160 739 3228 attererent
769 3183 799 3229 a.
826 3164 916 3230 1869
939 3170 972 3230 et
994 3163 1202 3239 confirmate,
1229 3166 1345 3251 paucis
1390 3136 1396 3148 ’

163 3290 237 3349 cum
260 3284 527 3358 correctionibus,
552 3286 607 3353 die
633 3286 677 3351 10
700 3286 896 3353 Decembris
918 3308 949 3354 a.
974 3287 1074 3354 1884.
1102 3287 1237 3363 Quando
1259 3308 1343 3355 xero

163 3414 196 3475 et
210 3408 368 3494 quomodo
391 3410 478 3494 parti
499 3410 626 3475 victrici
649 3430 669 3475 a
691 3412 777 3476 victo
801 3411 971 3477 solvantur
987 3432 1150 3497 expensae
1164 3414 1197 3478 in
1214 3412 1341 3479 casibus

162 3534 388 3601 contumaciae
403 3538 436 3601 et
451 3536 483 3599 in
500 3534 572 3600 aliis
594 3534 768 3601 declaratis
791 3535 927 3611 casibus,
952 3535 1090 3602 edicitur
1104 3539 1138 3601 in
1157 3537 1268 3603 ultimo
1290 3558 1343 3604 ar·

160 3658 262 3725 ticulo
289 3677 346 3722 seu
369 3657 406 3723 in
429 3658 573 3724 articulo
596 3656 655 3722 24.

253 3780 326 3845 Hae
353 3778 488 3864 regulae
512 3777 617 3843 editae
640 3778 773 3844 fuerant
804 3777 936 3845 decreto
959 3778 1027 3845 diei
1048 3778 1099 3843 27
1122 3777 1213 3862 Sept.
1238 3778 1339 3856 1847,

161 3905 280 3970 iterum
305 3903 409 3970 editae
433 3904 582 3987 fuerunt,
606 3904 771 3991 paulisper
792 3909 945 3987 mutatae,
968 3905 1100 3971 decreto
1124 3904 1192 3970 diei
1214 3904 1258 3969 10
1279 3905 1344 3971 De·

164 4028 310 4097 ambis
331 4028 431 4096 1884.
463 4029 557 4115 Apud
580 4029 695 4109 Bouix,
720 4028 771 4096 De
790 4030 897 4097 Curia
912 4029 1087 4114 Romano,
1111 4048 1186 4116 pag.
1213 4028 1276 4094 173
1291 4049 1339 4115 sq.

161 4153 310 4220 refertur
332 4154 437 4239 prima
460 4154 589 4221 Decreti
613 4153 719 4220 editio.

254 4274 346 4350 Quod
361 4274 401 4341 ad
418 4278 611 4343 mutationes
633 4276 708 4343 inde
729 4277 876 4343 inductas
891 4282 1002 4342 notatu
1018 4276 1134 4363 dignus
1148 4282 1197 4343 est
1211 4285 1276 4343 ort.
1289 4276 1345 4343 23

163 4405 288 4489 primae
304 4402 462 4477 editionis,
479 4404 513 4467 in
530 4423 591 4487 quo
607 4402 795 4470 decernitur
807 4403 891 4489 quod
907 4405 1013 4470 victor
1032 4405 1211 4471 sententiae
1234 4423 1342 4470 exem·
