3292 5109
243 282 309 348 116
475 336 477 343 ,
762 300 847 348 runs
871 298 907 345 ιι.

242 424 328 489 catio
345 443 365 488 a
381 424 533 490 tribunali
550 425 581 491 S.
596 396 863 511 congregationis
879 424 919 488 ad
935 422 1022 489 aliud
1039 422 1191 502 tribuual,
1202 420 1255 485 vel
1272 418 1312 484 ad
1326 419 1429 485 aliam

242 547 275 613 8.
297 549 607 635 congregationem
631 554 665 615 et
686 554 810 615 tantum
835 548 1026 614 conceditur
1050 548 1168 615 iterum
1191 545 1263 609 fieri
1284 563 1427 610 examen

242 671 384 736 eiusdem
401 673 604 756 quaestionis,
621 671 737 737 additis
753 673 803 737 vel
830 673 935 737 minus
952 671 1044 735 nouis
1067 667 1323 755 allegationibus,
1339 666 1429 751 quod

242 816 361 861 novum
378 816 517 862 examen
534 798 715 883 appellatur
737 819 755 860 a
772 798 979 883 Beneficium
1001 816 1111 863 novoe
1134 794 1377 861 audientiae».

326 906 364 1004 3)
390 918 571 1002 Aliquando
595 937 675 985 vero
700 916 850 983 Summus
868 919 1022 984 Pontifex
1045 918 1107 983 sibi
1130 921 1278 983 reservat
1300 916 1424 1001 negotii

241 1036 471 1113 definitionem,
490 1042 545 1107 sed
564 1040 695 1106 mandat
717 1041 813 1105 alicui
833 1041 1085 1127 Congregationi
1100 1045 1212 1107 votum
1235 1038 1333 1103 edere
1348 1056 1423 1103 coa·

241 1163 412 1238 cultivam,
438 1185 494 1229 seu
526 1164 613 1230 iubet
645 1164 818 1230 deliberari
847 1183 890 1228 an
915 1164 1067 1249 expediat
1094 1161 1213 1247 aliquid
1243 1160 1431 1226 decernere

241 1292 298 1351 aut
321 1292 473 1354 statuere.
500 1288 714 1365 Quamobrem
746 1294 825 1353 tunc
852 1289 884 1355 S.
909 1288 1177 1374 congregationis
1208 1287 1423 1369 competentia

242 1420 292 1477 est
314 1414 361 1478 ad
384 1415 630 1481 consulendum
655 1414 762 1481 SSmo
786 1414 963 1487 dumtaxat,
988 1417 1120 1498 eiusque
1144 1429 1334 1498 responsum
1357 1429 1428 1474 non

242 1538 328 1603 aliud
353 1542 497 1608 continet
520 1543 580 1607 nisi
604 1542 792 1608 consitium.
811 1542 931 1626 Utputa
954 1522 987 1605 in
1010 1542 1043 1605 S.
1061 1540 1320 1624 congregatione
1344 1536 1425 1602 Gon-

241 1661 307 1725 cilii
335 1660 371 1727 fit
395 1640 531 1729 examen
561 1685 731 1730 causarum
756 1666 1048 1745 matrimonialium,
1073 1684 1156 1749 quae
1177 1663 1310 1732 ,Summo
1334 1660 1428 1724 Pon—

241 1784 318 1851 tifici
343 1794 568 1873 proponuntur
590 1809 649 1875 pro
673 1788 911 1873 dispensatione
934 1808 955 1853 a
977 1789 1182 1854 matrimonio
1205 1792 1277 1850 rato
1301 1790 1334 1850 et
1356 1804 1427 1848 non

241 1918 478 1988 consummato;
514 1932 595 1996 quae
630 1915 874 1978 coutroversiae
909 1912 967 1978 sub
1002 1914 1065 1977 hac
1095 1913 1300 1997 disputantur
1335 1908 1426 1974 dubii

241 2032 398 2099 formula:
425 2035 516 2099 «Aa
538 2036 582 2101 sit
596 2034 841 2101 coarctandum
858 2033 965 2101 SSmo
982 2054 1086 2117 super
1101 2032 1320 2098 matmmoaio
1343 2036 1428 2097 rato

242 2164 272 2222 et
294 2177 364 2223 aon
389 2164 621 2225 consummato
645 2158 682 2224 in
705 2178 786 2224 casu
806 2180 837 2221 a.
857 2159 924 2224 illis
952 2179 1032 2224 vero
1050 2156 1262 2224 decisionibus
1285 2175 1427 2239 quarum
1458 2165 1461 2168 “

241 2285 405 2358 resolutio,
424 2290 458 2351 ut
472 2285 541 2350 aim
564 2284 691 2357 habeat,
710 2286 811 2370 exigit
836 2282 869 2349 S.
888 2282 1054 2352 Pontificis
1077 2286 1323 2371 beneplacitum,
1340 2285 1424 2351 Gar-

241 2406 365 2472 dinales
389 2408 509 2474 addunt
531 2408 744 2474 conditionem
769 2407 893 2492 «facto
917 2407 1018 2474 aerbo
1043 2427 1121 2473 cum
1138 2406 1245 2473 SSmo
1263 2428 1293 2471 a.
1311 2405 1427 2482 Quare

240 2534 275 2599 in
291 2534 453 2600 audientia
465 2534 563 2617 SSriri,
576 2554 670 2619 quam
687 2533 785 2598 habet
800 2539 882 2598 stato
899 2538 1045 2618 tempore
1058 2534 1261 2599 Secretarius
1276 2538 1333 2599 aut
1345 2534 1424 2597 Oar-

240 2659 357 2725 dinalie
382 2661 583 2734 Praefectus,
601 2659 640 2725 de
664 2660 715 2724 his
738 2658 927 2725 atvertum
951 2679 1023 2723 cum
1044 2659 1142 2727 SSmo
1166 2664 1200 2723 ut
1224 2659 1323 2725 Suum
1346 2657 1425 2724 edat

240 2784 390 2850 iudicium
415 2790 447 2850 et
470 2785 652 2861 decretum;
678 2792 710 2850 et
741 2784 822 2849 dein¹
846 2787 878 2848 in
910 2785 1053 2869 apposito
1084 2785 1243 2868 rescripto
1274 2784 1425 2849 innuitur

243 2926 261 2969 «
277 2910 385 2975 Facta
405 2914 519 2975 autem
536 2910 579 2975 de
594 2909 645 2974 bis
660 2909 816 2975 omnibus
828 2928 893 2990 per
909 2906 1172 2990 infrascriptum
1188 2907 1424 2973 secretarium

240 3035 301 3096 cat
314 3080 320 3093 .
331 3081 336 3093 .
346 3078 369 3094 ..
387 3030 532 3097 Domino
547 3030 671 3098 Nostro
757 3031 850 3114 fideti
864 3030 1040 3102 relatione,
1054 3026 1224 3094 Sanctitas
1237 3027 1373 3095 Sua...
1385 3048 1420 3092 ».

330 3154 366 3234 4)
383 3154 564 3236 Antequam
581 3172 660 3218 raro
677 3154 746 3235 quis
763 3153 926 3237 negotium
945 3152 999 3215 uni
1016 3150 1265 3236 congregationi
1281 3149 1420 3222 deferat.

239 3280 345 3361 potest
368 3275 409 3341 ad
432 3297 528 3341 unam
552 3278 605 3341 vel
628 3276 669 3341 ad
692 3276 787 3341 aliam
813 3296 988 3340 recurrere
1011 3276 1050 3340 iis
1073 3276 1107 3339 in
1130 3274 1227 3339 rebus
1249 3275 1428 3359 inquibus

240 3403 295 3465 uni
319 3406 352 3466 et
373 3402 469 3467 alteri
493 3402 644 3467 tribuitur
668 3402 891 3487 competentia,
909 3402 1060 3465 nimirum
1076 3401 1295 3467 cumulatioa.
1314 3400 1357 3465 Et
1380 3420 1429 3466 re

239 3524 366 3611 quidem
381 3546 459 3590 vera
485 3545 579 3591 casus
594 3526 828 3610 competentiae
847 3525 1041 3607 privativae
1056 3529 1133 3590 sunt
1155 3525 1342 3610 pauciores;
1365 3522 1422 3589 ad·

239 3648 366 3713 modum
402 3650 512 3735 plures
545 3655 619 3714 sunt
653 3668 746 3713 casus
780 3650 1014 3734 competentiae
1050 3646 1287 3713 cumulatione.
1324 3644 1421 3721 Quod

239 3794 318 3841 sane
351 3796 416 3841 non
451 3776 581 3841 confert
614 3780 724 3841 rectae
759 3774 1045 3850 administrationi3
1076 3776 1140 3838 imo
1167 3779 1217 3840 est
1246 3772 1421 3839 dolendum

239 3898 333 3963 nimis
356 3892 495 3982 amplam
527 3918 598 3964 esse
621 3897 865 3963 cumulottcam
895 3897 1152 3980 competentiam,
1176 3894 1217 3959 ad
1245 3915 1341 3980 quam
1365 3914 1421 3959 au·

239 4026 407 4091 ferendam
432 4026 560 4089 enixius
582 4022 728 4088 incubuit
746 4022 940 4089 Benedictus
963 4022 1046 4088 XIV
1069 4022 1104 4086 in
1134 4022 1200 4087 suis
1222 4022 1351 4086 statutis
1376 4020 1421 4086 ad

238 4145 451 4213 ordinandam
476 4146 605 4213 Curiam
636 4164 813 4211 romanam.
843 4143 891 4211 cf.
916 4127 1078 4218 Zamboni,
1105 4142 1166 4226 Op.
1190 4143 1243 4209 cit.
1267 4141 1424 4229 Protea,

237 4276 313 4337 tom.
340 4273 364 4345 l,
433 4272 464 4338 9.

331 4273 502 4479 106÷1pse
526 4400 632 4458 autem
656 4392 765 4459 Sixtus
788 4393 821 4459 V
844 4391 884 4457 ad
907 4391 1139 4477 praecidendas
1162 4389 1335 4457 nonnullas
1359 4390 1419 4457 du·
