3292 5109
769 535 950 603 TITULUS
973 536 1067 601 XIV.

478 734 522 781 DE
545 733 736 782 NONNULLIS
759 733 975 781 SPECIALIBUS
999 732 1216 780 PROCEDENDI
1240 733 1370 781 FORMIS

709 856 745 903 IN
767 856 927 904 NEGOTIIS
951 856 1130 903 CIVILIBUS.

328 1068 545 1125 summulam.
560 1097 595 1110 -
611 1068 672 1122 356.
687 1068 771 1123 Ratio
790 1069 974 1123 tractationis.
989 1097 1024 1110 -
1037 1068 1098 1123 357.
1113 1068 1309 1138 Explicantur,
1323 1086 1376 1139 per
1389 1086 1510 1139 suprema
1610 1112 1611 1115 ,

417 1174 596 1236 lineamenta,
608 1176 723 1243 negotia
736 1175 831 1229 civilia
844 1191 915 1247 quae
931 1176 1102 1246 expedienda
1121 1179 1186 1229 sunt
1206 1192 1257 1245 per
1275 1175 1434 1244 specialem
1452 1193 1510 1247 pro-

417 1280 530 1335 cedendi
550 1280 695 1335 rationem.

418 1492 493 1559 356.
519 1494 655 1578 Negotia
677 1494 786 1558 civilia
809 1513 891 1577 quae
915 1494 1055 1577 aliquam
1079 1496 1287 1580 expostulant
1314 1496 1510 1579 procedendi

329 1616 497 1687 rationem.
514 1636 597 1700 pene
620 1615 802 1680 iudicialem
825 1635 881 1680 seu
907 1615 1038 1701 regulas
1054 1636 1227 1700 processus
1245 1616 1411 1682 iudicialis
1427 1638 1511 1703 prae·
1610 1692 1611 1695 Ἴ

329 1738 533 1812 seferentem.
551 1748 698 1825 speciant
713 1741 754 1806 ad
776 1741 1029 1807 iurisdietionem
1054 1741 1298 1809 voluntariam.
1317 1743 1414 1809 Haec
1438 1765 1513 1809 saue
1610 1746 1611 1749 ’

328 1865 513 1929 necessario
536 1864 777 1929 discriminatur
792 1885 813 1929 a
829 1864 1045 1939 contentiosa,
1067 1868 1111 1931 uti
1136 1867 1387 1951 explicavimus,
1406 1869 1470 1934 coi.
1485 1868 1509 1932 l.

328 2011 362 2055 n.
388 1990 458 2073 112;
481 1991 689 2055 nihilominus
718 1989 915 2055 voluntario
945 1990 1123 2055 iurisdictio
1148 1995 1181 2055 et
1204 1992 1419 2059 contentiosa
1442 1998 1511 2057 sunt
1610 1964 1611 2003 ³

328 2114 453 2198 species
471 2114 646 2194 potestatis
668 2114 872 2181 executione.
890 2114 970 2182 Inde
990 2116 1049 2201 ipsi
1072 2115 1194 2181 iudices
1217 2136 1384 2183 exercere
1409 2117 1510 2181 solent

327 2235 579 2301 iurisdictionem
609 2237 843 2309 voluntariam,
875 2237 992 2323 quippe
1026 2238 1137 2323 plures
1173 2238 1419 2321 inquisitiones.
1451 2240 1507 2303 etsi
1610 2224 1611 2235 i

328 2360 620 2436 emireiudiciates,
645 2361 717 2425 sere
746 2380 876 2446 semper
905 2361 1106 2427 adhibendae
1138 2368 1215 2429 suni
1245 2364 1277 2427 in
1311 2363 1507 2451 peragendis
1610 2396 1611 2474 ζ

327 2484 509 2551 huiusmodi
530 2486 684 2569 negotiis3
708 2489 741 2550 et
764 2483 936 2549 facillimus
960 2491 1009 2550 est
1031 2505 1162 2570 gressus
1178 2505 1198 2550 a
1213 2486 1443 2553 iurisdictione
1458 2509 1506 2553 vo·
1610 2520 1611 2529 κ

328 2614 469 2678 luntaria
491 2611 531 2677 ad
554 2613 796 2685 contentiosam,
821 2632 864 2677 ex
887 2614 956 2696 ipsa
978 2612 1122 2678 subiecta
1145 2616 1293 2679 materie.

418 2735 633 2810 Quamobrem
656 2734 696 2799 ad
712 2734 953 2821 praecavendas
969 2736 1084 2800 iurium
1102 2735 1366 2821 perturbationes
1382 2744 1417 2803 et
1433 2740 1509 2803 hinc
1610 2766 1611 2829 i

328 2860 410 2931 lites,
435 2860 469 2925 in
492 2860 560 2924 istis
583 2859 720 2944 negotiis
744 2859 952 2945 expediendis
976 2858 1023 2945 (l)
1046 2863 1248 2947 praescripta
1275 2867 1325 2927 est
1357 2864 1507 2948 specialis
1610 2928 1611 2957 ἶ

328 2987 524 3073 procedendi
548 2989 641 3052 ratio.

418 3113 492 3179 357.
518 3111 646 3175 Etenim
669 3130 767 3195 quum
790 3130 844 3174 res
868 3116 917 3177 est
940 3109 979 3175 de
1002 3110 1201 3193 exequendis
1228 3112 1281 3177 vel
1303 3112 1354 3177 ad
1377 3112 1507 3177 irminn-

330 3236 413 3302 iiam
443 3238 511 3301 eius
542 3238 632 3303 cuius
654 3236 808 3307 interest,
832 3235 884 3301 vel
908 3254 953 3301 eoe
976 3234 1101 3320 officio,
1126 3236 1291 3301 nounidlis
1321 3236 1451 3321 legibus
1477 3242 1508 3300 et

329 3357 478 3431 decretis,
502 3356 642 3421 maxime
665 3354 853 3421 sollecitudo
872 3352 1053 3421 adhibenda
1068 3358 1117 3420 est
1132 3375 1174 3421 ne
1190 3356 1289 3422 laesio
1311 3353 1370 3421 fiet
1391 3358 1509 3421 iurium

418 3634 457 3706 (l)
477 3634 520 3688 lia
537 3635 637 3688 intima
655 3641 698 3689 est
717 3634 853 3691 connexio
878 3636 952 3689 inter
976 3635 1112 3689 rationem
1138 3635 1304 3705 procedendi
1333 3637 1361 3689 in
1388 3638 1508 3705 negotiis

328 3757 394 3795 vere
413 3741 588 3795 contentiosis
606 3744 636 3794 et
654 3741 683 3794 in
695 3739 758 3793 aliis
772 3740 976 3810 pertinentibus
990 3740 1024 3793 ad
1040 3740 1259 3796 iurisdictionem
1272 3742 1466 3796 voluntarium
1478 3746 1508 3795 ut

328 3863 424 3901 omnes
437 3846 546 3899 codices
559 3845 685 3901 hodierni
698 3845 803 3912 civiles,
812 3845 940 3900 ordinato
952 3861 1082 3915 processu
1095 3844 1180 3911 civili,
1193 3852 1282 3917 agant
1293 3848 1328 3902 de
1342 3848 1509 3918 specialibus

328 3952 493 4023 procedendi
511 3953 619 4006 formis:
638 3952 708 4007 item
726 3952 755 4006 in
777 3952 877 4007 Codice
899 3952 1073 4023 Greporiano
1092 3955 1206 4023 saepius
1225 3956 1308 4007 citato
1328 3955 1364 4009 ad
1382 3958 1422 4009 rii.
1438 3954 1511 4009 ΧΠ

328 4059 475 4112 statuitur:
493 4073 511 4110 c
530 4060 571 4113 De
589 4060 681 4113 modis
699 4060 869 4128 specialibus
885 4060 1060 4128 procedendi
1078 4060 1170 4128 quoad
1188 4074 1236 4112 res
1262 4068 1289 4113 et
1310 4061 1446 4113 mater-ius
1466 4078 1509 4111 se-

329 4167 388 4217 rias
400 4179 425 4219 r.
439 4192 453 4205 ·
466 4164 509 4217 Ad
527 4165 565 4218 rit.
584 4164 695 4217 XVIII
708 4164 810 4218 dantur
829 4163 945 4234 regulae
964 4164 1124 4234 generales:
1143 4165 1218 4219 (De
1236 4170 1322 4221 modo
1340 4167 1509 4237 procedam

328 4274 359 4322 in
377 4271 511 4324 exercitio
530 4270 730 4323 iurisdictionis
747 4269 963 4328 volcmarus».
977 4268 1118 4339 Speciales
1131 4269 1303 4339 procedendi
1315 4273 1422 4328 formae
1433 4288 1508 4343 prse-

328 4375 481 4444 cipiuntur:
504 4375 583 4430 «Dc
607 4377 763 4430 caducitate
786 4377 815 4429 in
840 4376 1028 4431 comractibus
1053 4376 1286 4447 emphytheusim
1304 4408 1322 4418 -
1340 4380 1384 4434 De
1406 4384 1506 4433 aerim
