3292 5109
305 275 371 339 434
825 299 908 345 3333
934 298 968 343 33.

303 432 434 478 anacim
458 413 501 479 ab
524 414 631 499 efficio
647 415 714 480 3331
736 416 900 499 campensi.
928 416 1011 482 Pars
1026 436 1106 481 vero
1131 436 1212 500 quae
1233 416 1296 482 hoc
1319 415 1390 483 fieri
1407 438 1486 503 pro-

302 537 446 611 curabit,
481 540 673 603 sententiam
708 539 754 625 (l)
790 542 1130 605 excommunicationis
1167 542 1324 606 incurrat.
1360 542 1483 607 concil.

301 664 389 729 Trid.
413 685 492 731 3333.
516 666 576 747 24,
599 686 674 748 cop.
699 666 722 732 5
746 667 788 732 de
810 667 952 748 reform.
977 667 1132 737 decrerit.
1158 688 1272 733 causas
1296 668 1483 733 criminales

301 792 334 850 et
350 788 466 851 mixtas
489 789 530 853 ad
553 790 698 853 locorum
723 788 915 855 Ordinarios
932 796 964 854 et
981 810 1045 853 non
1069 790 1109 854 ad
1134 791 1387 855 Conservatores
1412 810 1481 875 per·

301 912 424 986 tinere;
448 914 560 978 civiles
583 932 663 977 vero
686 934 706 977 a
729 914 1020 981 Conservatoribus
1051 936 1144 1001 posse
1168 918 1336 1001 cognosci.
1362 938 1434 981 cum
1458 918 1480 980 11

301 1053 437 1117 quorum
460 1037 631 1122 privilegia
646 1044 778 1103 tuentur
800 1040 852 1103 rei
875 1044 959 1111 sunt,
977 1060 1041 1104 non
1065 1046 1171 1105 autem
1196 1042 1222 1105 si
1247 1042 1310 1105 sint
1333 1046 1480 1107 actores:

301 1160 479 1226 Olem.Vll
504 1162 542 1225 ia
563 1168 751 1227 33333331.
777 1154 811 1231 3.
837 1164 969 1229 Butler.
995 1169 1073 1229 tom.
1099 1164 1132 1235 3,
1158 1170 1191 1229 33
1212 1166 1389 1251 Gregorius
1414 1165 1480 1230 XV

300 1283 480 1349 31333331.
507 1286 539 1363 9,
567 1284 730 1368 praefatas
754 1286 833 1350 iuris
865 1288 1047 1351 sanctiones
1078 1294 1275 1353 renovarunt
1306 1308 1479 1371 omnesque

298 1410 439 1476 Litteras
457 1412 666 1495 Apostolicas,
684 1432 762 1496 quas
785 1415 1054 1481 conseruatorias
1070 1420 1197 1489 vocant,
1216 1420 1330 1480 contra
1353 1436 1477 1481 earum-

299 1534 370 1599 denl
394 1538 592 1601 sanctionum
610 1537 745 1601 formam
770 1557 951 1619 concessas,
971 1544 1176 1620 revocarunt,
1194 1546 1226 1606 et
1243 1542 1329 1605 intra
1350 1541 1477 1605 illerum

288 1662 453 1736 ¹termines
478 1649 695 1728 coarctarunt.
714 1662 857 1747 Curiique
883 1664 998 1729 Patres
1022 1664 1189 1729 Societatis
1208 1667 1280 1730 lesu
1304 1665 1479 1731 contende-

296 1789 381 1857 rent,
396 1785 521 1850 litteras
529 1787 739 1870 Apostolicas
753 1786 867 1869 quibus
881 1788 939 1871 ipsi
952 1788 1126 1871 potiuntur,
1142 1787 1288 1853 obtentas
1301 1808 1321 1853 a
1333 1790 1364 1855 S.
1376 1790 1434 1853 Pio
1446 1790 1479 1853 V

292 1914 331 1972 et
352 1910 411 1974 sub
435 1917 588 1976 consueta
619 1912 759 1976 formula
784 1948 801 1959 -
827 1912 967 1979 litationi
995 1915 1153 1999 conparuit
1186 1951 1203 1964 -
1236 1920 1347 2001 postea
1377 1936 1478 2000 expe·

291 2030 379 2097 ditas
402 2054 421 2096 a
446 2035 542 2120 Greg.
560 2036 642 2101 XIII
670 2034 724 2118 (ef.
742 2057 772 2099 n.
790 2035 868 2116 246)
893 2042 1026 2121 propter
1041 2038 1198 2122 speciales
1216 2044 1248 2102 et
1263 2038 1479 2123 amplissimas

300 2156 472 2238 clausulas,
489 2158 601 2242 quibus
624 2166 698 2224 sunt
723 2158 903 2227 roboratae.
923 2179 988 2224 non
1011 2180 1083 2226 esse
1104 2168 1282 2259 revocatas,
1301 2181 1405 2244 neque
1429 2180 1479 2227 re

290 2285 427 2353 *strictas
443 2287 529 2350 intra
544 2286 661 2351 limites
678 2287 900 2371 Gregorianae
926 2289 1169 2358 constitutionis,
1187 2289 1219 2351 in
1240 2288 1360 2353 celebri
1378 2308 1478 2353 causa

295 2411 580 2497 Ampelopoliluae
596 2412 641 2496 (2)
665 2411 914 2491 3333313333333,
933 2414 965 2477 13
983 2414 1191 2497 responsione
1216 2415 1301 2477 enim
1325 2412 1365 2477 ad
1385 2416 1476 2497 quln-

295 2538 362 2598 tum
386 2534 513 2599 dubium
539 2534 680 2598 decisum
704 2534 773 2607 fnit,
800 2535 870 2600 illas
894 2534 1056 2601 clausulas
1081 2538 1210 2599 minIme
1234 2536 1374 2607 obstare,
1395 2555 1478 2619 quo·

295 2660 399 2723 minus
415 2660 668 2744 comprehensae
685 2658 835 2724 dIcantur
851 2660 883 2721 in
901 2661 998 2744 Greg.
1016 2660 1082 2725 XV
1104 2662 1344 2731 OonstItutione.
1366 2682 1479 2745 quem·

286 2782 463 2847 ‚admodum
489 2783 625 2849 babetur
648 2785 680 2847 in
705 2784 799 2847 Bulla
822 2784 866 2849 32
892 2784 961 2847 133.
987 2784 1019 2849 X
1043 2785 1175 2850 Butler.
1201 2789 1278 2850 tom.
1303 2786 1327 2851 5
1351 2807 1380 2849 ›.

384 2904 608 2972 33313331.
635 2908 661 2979 l,
687 2907 732 2971 tit.
758 2908 825 2980 III,
851 2909 974 2993 egImus
1003 2908 1045 2973 de
1069 2906 1267 2977 3313331333,
1292 2909 1357 2972 late
1381 2909 1477 2973 evol·

380 3140 422 3209 (l)
443 3138 516 3192 Haec
537 3136 617 3191 bodie
637 3153 690 3190 non
709 3137 796 3205 riget,
810 3136 876 3205 quia
895 3135 924 3189 in
943 3134 1036 3188 Consi.
1056 3138 1205 3205 ,13833313
1224 3152 1277 3191 nen
1295 3140 1477 3190 memoratur.

382 3251 421 3319 12)
444 3249 518 3302 Haec
537 3246 656 3300 celebris
674 3262 761 3299 causa
776 3246 897 3298 refertur
915 3260 932 3295 a
953 3244 1092 3297 Lndorico
1105 3243 1221 3297 Richter
1240 3243 1268 3296 13
1288 3259 1337 3295 sua
1350 3242 1477 3295 editione

293 3351 411 3419 concilii
431 3354 504 3408 Trid.
525 3383 539 3396 ·
557 3354 671 3423 Lipsiae
692 3353 781 3412 1853,
797 3352 864 3422 pap.
886 3352 935 3404 81).
956 3380 968 3391 -
989 3352 1017 3403 13
1038 3352 1133 3405 eodem
1153 3352 1214 3405 loco
1227 3354 1386 3405 retentatur
1399 3349 1478 3407 aliae

294 3462 376 3515 huius
395 3460 480 3529 Cong.
503 3460 663 3513 decisiones.
685 3459 759 3512 lnter
777 3457 858 3521 aliae,
879 3456 908 3510 in
930 3458 1090 3522 Ferentiue,
1112 3456 1150 3509 17
1171 3458 1244 3525 Sept.
1263 3455 1353 3520 1667,
1374 3456 1480 3509 rescri-

295 3575 373 3638 ptum
386 3569 448 3632 fuit,
463 3567 678 3621 conservatores
691 3566 799 3633 erigere
819 3580 874 3618 non
888 3580 967 3633 posse
988 3565 1109 3618 tribunal
1124 3580 1175 3617 nec
1196 3565 1320 3631 proprios
1333 3580 1480 3620 assumere

295 3678 444 3738 ministros,
466 3679 582 3743 excepto
604 3674 664 3726 solo
689 3674 811 3727 notario:
833 3674 898 3726 Item
919 3672 1041 3725 decisum
1066 3672 1119 3724 fuit
1138 3672 1166 3723 in
1186 3671 1276 3723 dubiis
1296 3671 1479 3739 generalibus

295 3786 332 3838 de
353 3774 510 3837 roasa-rat.
529 3778 811 3835 (113981331679.
832 3806 846 3819 ·
867 3776 967 3832 Bened.
986 3776 1052 3831 XIV
1072 3780 1091 3829 l.
1111 3795 1132 3831 c.
1152 3796 1179 3829 a.
1201 3778 1221 3828 6
1240 3778 1325 3831 refert
1344 3776 1417 3829 hanc
1431 3794 1479 3832 re-

295 3890 477 3953 solutioncmg
497 3905 604 3957 nempe,
623 3888 729 3941 311328
749 3887 818 3939 Iulii
837 3886 923 3938 1657
942 3885 1082 3954 preposito
1101 3885 1199 3937 dubio:
1218 3898 1236 3939 «
1256 3888 1300 3939 An
1324 3886 1479 3954 reputares

296 4001 426 4053 babentes
442 3997 716 4060 coacervatorem
733 3998 778 4049 rei
796 3998 901 4055 313313
920 3994 1010 4047 causis
1031 3995 1238 4062 requirentibus
1257 3994 1421 4047 iudicialem
1435 3995 1481 4047 di-

296 4106 466 4157 scussionem
486 4112 512 4155 ct
531 4102 698 4169 iadapinem,
718 4099 862 4153 conveniri
887 4107 987 4167 queam
1013 4114 1108 4151 coram
1134 4099 1231 4152 eedem
1259 4096 1480 4151 Conservatore:

298 4211 324 4263 S.
338 4210 423 4279 Coug.
444 4208 596 4278 respondit:
610 4208 747 4276 licentiae
766 4220 791 4261 3.
811 4206 887 4266 Quae
906 4204 1067 4271 decisiones,
1087 4204 1272 4259 resolutiones
1290 4208 1319 4258 et
1338 4202 1480 4272 principia

298 4318 420 4371 utillime
438 4317 509 4370 scitu
528 4323 600 4382 sunt,
619 4317 685 4385 quia
704 4315 788 4369 etiam
808 4330 858 4382 pro
877 4312 940 4366 eliis
958 4310 1095 4365 similibus
1114 4311 1214 4379 dubiis,
1234 4310 1384 4381 plurimum
1404 4309 1481 4365 13313

299 4423 438 4477 effundere
457 4424 571 4491 possunt
590 4425 618 4475 et
636 4420 670 4472 ad
689 4419 776 4473 instar
795 4418 909 4487 regulae
929 4418 1051 4471 invocari
1071 4416 1175 4472 valent.
1403 4396 1406 4400 ’
