<?xml version="1.0" encoding="UTF-8"?>
<!DOCTYPE html PUBLIC "-//W3C//DTD XHTML 1.0 Transitional//EN"
    "http://www.w3.org/TR/xhtml1/DTD/xhtml1-transitional.dtd">
<html xmlns="http://www.w3.org/1999/xhtml" xml:lang="en" lang="en">
 <head>
  <title>
</title>
<meta http-equiv="Content-Type" content="text/html;charset=utf-8" />
  <meta name='ocr-system' content='tesseract 3.04.00' />
  <meta name='ocr-capabilities' content='ocr_page ocr_carea ocr_par ocr_line ocrx_word'/>
</head>
<body>
  <div class='ocr_page' id='page_1' title='image "./praelectionesin03legagoog_0030.png"; bbox 0 0 3292 5109; ppageno 0'>
   <div class='ocr_carea' id='block_1_1' title="bbox 291 248 955 313">
    <p class='ocr_par' dir='ltr' id='par_1_1' title="bbox 291 248 955 313">
     <span class='ocr_line' id='line_1_1' title="bbox 291 248 955 313; baseline -0.006 0"><span class='ocrx_word' id='word_1_1' title='bbox 291 248 335 313; x_wconf 80' lang='lat'><strong>26</strong></span> <span class='ocrx_word' id='word_1_2' title='bbox 808 264 894 313; x_wconf 73' lang='lat' dir='ltr'><strong>raas</strong></span> <span class='ocrx_word' id='word_1_3' title='bbox 917 263 955 311; x_wconf 88' lang='lat'><strong>11.</strong></span> 
     </span>
    </p>
   </div>
   <div class='ocr_carea' id='block_1_2' title="bbox 289 376 1473 3960">
    <p class='ocr_par' dir='ltr' id='par_1_2' title="bbox 292 376 1468 594">
     <span class='ocr_line' id='line_1_2' title="bbox 383 376 1468 475; baseline -0.001 -22"><span class='ocrx_word' id='word_1_4' title='bbox 383 387 414 474; x_wconf 88' lang='grc'><strong>1)</strong></span> <span class='ocrx_word' id='word_1_5' title='bbox 437 388 470 454; x_wconf 91' lang='lat' dir='ltr'><strong>in</strong></span> <span class='ocrx_word' id='word_1_6' title='bbox 493 390 549 463; x_wconf 89' lang='lat' dir='ltr'><strong>eis,</strong></span> <span class='ocrx_word' id='word_1_7' title='bbox 574 407 691 475; x_wconf 84' lang='lat' dir='ltr'>nempe</span> <span class='ocrx_word' id='word_1_8' title='bbox 713 388 747 452; x_wconf 93' lang='lat' dir='ltr'><strong>in</strong></span> <span class='ocrx_word' id='word_1_9' title='bbox 771 387 954 467; x_wconf 88' lang='lat' dir='ltr'><strong>ordinariis,</strong></span> <span class='ocrx_word' id='word_1_10' title='bbox 971 376 1159 452; x_wconf 86' lang='lat' dir='ltr'><strong>Cardin&#39;ales</strong></span> <span class='ocrx_word' id='word_1_11' title='bbox 1179 385 1304 471; x_wconf 89' lang='lat' dir='ltr'><strong>pollere</strong></span> <span class='ocrx_word' id='word_1_12' title='bbox 1323 384 1468 452; x_wconf 74' lang='lat' dir='ltr'><strong>auctori·</strong></span> 
     </span>
     <span class='ocr_line' id='line_1_3' title="bbox 292 508 1468 594; baseline -0.003 -17"><span class='ocrx_word' id='word_1_13' title='bbox 292 515 358 578; x_wconf 86' lang='lat' dir='ltr'><strong>tale</strong></span> <span class='ocrx_word' id='word_1_14' title='bbox 374 512 564 594; x_wconf 78' lang='lat' dir='ltr'><strong>ordinaria,</strong></span> <span class='ocrx_word' id='word_1_15' title='bbox 581 512 710 577; x_wconf 88' lang='lat' dir='ltr'><strong>minimo</strong></span> <span class='ocrx_word' id='word_1_16' title='bbox 727 530 806 577; x_wconf 89' lang='lat' dir='ltr'><strong>vero</strong></span> <span class='ocrx_word' id='word_1_17' title='bbox 830 512 863 576; x_wconf 93' lang='lat' dir='ltr'><strong>in</strong></span> <span class='ocrx_word' id='word_1_18' title='bbox 887 508 1187 585; x_wconf 78' lang='lat' dir='ltr'><strong>eutraordiaariis,</strong></span> <span class='ocrx_word' id='word_1_19' title='bbox 1205 513 1239 575; x_wconf 91' lang='lat' dir='ltr'><strong>et</strong></span> <span class='ocrx_word' id='word_1_20' title='bbox 1252 510 1378 575; x_wconf 90' lang='lat' dir='ltr'><strong>clarum</strong></span> <span class='ocrx_word' id='word_1_21' title='bbox 1401 513 1468 585; x_wconf 85' lang='lat' dir='ltr'><strong>est;</strong></span> 
     </span>
    </p>

    <p class='ocr_par' dir='ltr' id='par_1_3' title="bbox 289 631 1472 3457">
     <span class='ocr_line' id='line_1_4' title="bbox 381 631 1470 722; baseline -0.003 -21"><span class='ocrx_word' id='word_1_22' title='bbox 381 635 413 722; x_wconf 80' lang='lat'><strong>2)</strong></span> <span class='ocrx_word' id='word_1_23' title='bbox 439 636 732 721; x_wconf 88' lang='lat' dir='ltr'><strong>congregationum</strong></span> <span class='ocrx_word' id='word_1_24' title='bbox 751 634 991 699; x_wconf 81' lang='lat' dir='ltr'><strong>ordinariorum</strong></span> <span class='ocrx_word' id='word_1_25' title='bbox 1013 631 1185 698; x_wconf 78' lang='lat' dir='ltr'><strong>facultates</strong></span> <span class='ocrx_word' id='word_1_26' title='bbox 1209 651 1280 698; x_wconf 88' lang='lat' dir='ltr'><strong>esse</strong></span> <span class='ocrx_word' id='word_1_27' title='bbox 1295 636 1470 717; x_wconf 89' lang='lat' dir='ltr'><strong>perpetuas</strong></span> 
     </span>
     <span class='ocr_line' id='line_1_5' title="bbox 291 759 1470 851; baseline 0 -24"><span class='ocrx_word' id='word_1_28' title='bbox 291 784 352 829; x_wconf 91' lang='lat' dir='ltr'><strong>nec</strong></span> <span class='ocrx_word' id='word_1_29' title='bbox 376 764 529 851; x_wconf 78' lang='lat' dir='ltr'>expirare</span> <span class='ocrx_word' id='word_1_30' title='bbox 552 782 612 848; x_wconf 91' lang='lat' dir='ltr'><strong>per</strong></span> <span class='ocrx_word' id='word_1_31' title='bbox 634 762 754 827; x_wconf 90' lang='lat' dir='ltr'><strong>obitum</strong></span> <span class='ocrx_word' id='word_1_32' title='bbox 778 762 899 847; x_wconf 84' lang='lat' dir='ltr'><strong>Papae,</strong></span> <span class='ocrx_word' id='word_1_33' title='bbox 923 759 980 827; x_wconf 90' lang='lat' dir='ltr'><strong>sed</strong></span> <span class='ocrx_word' id='word_1_34' title='bbox 1010 759 1139 826; x_wconf 91' lang='lat' dir='ltr'><strong>easdem</strong></span> <span class='ocrx_word' id='word_1_35' title='bbox 1165 780 1382 847; x_wconf 85' lang='lat' dir='ltr'><strong>perseverare</strong></span> <span class='ocrx_word' id='word_1_36' title='bbox 1411 760 1470 827; x_wconf 91' lang='lat' dir='ltr'><strong>sub</strong></span> 
     </span>
     <span class='ocr_line' id='line_1_6' title="bbox 292 884 1471 973; baseline 0 -22"><span class='ocrx_word' id='word_1_37' title='bbox 292 885 449 952; x_wconf 85' lang='lat' dir='ltr'><strong>Pontifice</strong></span> <span class='ocrx_word' id='word_1_38' title='bbox 473 906 676 967; x_wconf 80' lang='lat' dir='ltr'><strong>successore,</strong></span> <span class='ocrx_word' id='word_1_39' title='bbox 701 887 761 951; x_wconf 89' lang='lat' dir='ltr'><strong>nisi</strong></span> <span class='ocrx_word' id='word_1_40' title='bbox 785 906 941 971; x_wconf 84' lang='lat' dir='ltr'><strong>expresse</strong></span> <span class='ocrx_word' id='word_1_41' title='bbox 964 884 1180 971; x_wconf 77' lang='lat' dir='ltr'><strong>abrogentur:</strong></span> <span class='ocrx_word' id='word_1_42' title='bbox 1204 885 1267 951; x_wconf 90' lang='lat' dir='ltr'><strong>hoc</strong></span> <span class='ocrx_word' id='word_1_43' title='bbox 1290 887 1376 952; x_wconf 90' lang='lat' dir='ltr'><strong>enim</strong></span> <span class='ocrx_word' id='word_1_44' title='bbox 1399 906 1471 973; x_wconf 83' lang='lat' dir='ltr'><strong>pro</strong></span> 
     </span>
     <span class='ocr_line' id='line_1_7' title="bbox 291 1009 1469 1099; baseline 0.001 -23"><span class='ocrx_word' id='word_1_45' title='bbox 291 1014 397 1099; x_wconf 89' lang='lat' dir='ltr'><strong>prium</strong></span> <span class='ocrx_word' id='word_1_46' title='bbox 413 1016 463 1078; x_wconf 92' lang='lat' dir='ltr'><strong>est</strong></span> <span class='ocrx_word' id='word_1_47' title='bbox 484 1012 669 1077; x_wconf 89' lang='lat' dir='ltr'><strong>ordinariae</strong></span> <span class='ocrx_word' id='word_1_48' title='bbox 692 1011 931 1077; x_wconf 89' lang='lat' dir='ltr'><strong>iurisdictionis.</strong></span> <span class='ocrx_word' id='word_1_49' title='bbox 958 1009 1046 1076; x_wconf 86' lang='lat' dir='ltr'><strong>Hinc</strong></span> <span class='ocrx_word' id='word_1_50' title='bbox 1069 1014 1181 1075; x_wconf 85' lang='lat' dir='ltr'><strong>creato</strong></span> <span class='ocrx_word' id='word_1_51' title='bbox 1197 1030 1282 1077; x_wconf 89' lang='lat' dir='ltr'><strong>novo</strong></span> <span class='ocrx_word' id='word_1_52' title='bbox 1299 1009 1469 1087; x_wconf 86' lang='lat' dir='ltr'><strong>Pontifice,</strong></span> 
     </span>
     <span class='ocr_line' id='line_1_8' title="bbox 291 1136 1469 1223; baseline -0.001 -21"><span class='ocrx_word' id='word_1_53' title='bbox 291 1138 463 1205; x_wconf 76' lang='lat' dir='ltr'><strong>facultates</strong></span> <span class='ocrx_word' id='word_1_54' title='bbox 497 1136 790 1223; x_wconf 74' lang='lat' dir='ltr'><strong>congregationum</strong></span> <span class='ocrx_word' id='word_1_55' title='bbox 825 1156 989 1221; x_wconf 89' lang='lat' dir='ltr'><strong>nunquam</strong></span> <span class='ocrx_word' id='word_1_56' title='bbox 1025 1142 1266 1202; x_wconf 81' lang='lat' dir='ltr'><strong>consueverunt</strong></span> <span class='ocrx_word' id='word_1_57' title='bbox 1295 1138 1469 1214; x_wconf 88' lang='lat' dir='ltr'><strong>renovari;</strong></span> 
     </span>
     <span class='ocr_line' id='line_1_9' title="bbox 292 1260 1470 1343; baseline -0.003 -16"><span class='ocrx_word' id='word_1_58' title='bbox 292 1261 450 1327; x_wconf 90' lang='lat' dir='ltr'><strong>deberent</strong></span> <span class='ocrx_word' id='word_1_59' title='bbox 464 1281 543 1327; x_wconf 86' lang='lat' dir='ltr'><strong>rero</strong></span> <span class='ocrx_word' id='word_1_60' title='bbox 560 1260 721 1335; x_wconf 86' lang='lat' dir='ltr'><strong>renovari,</strong></span> <span class='ocrx_word' id='word_1_61' title='bbox 739 1260 765 1326; x_wconf 90' lang='lat' dir='ltr'><strong>si</strong></span> <span class='ocrx_word' id='word_1_62' title='bbox 780 1262 924 1325; x_wconf 81' lang='lat' dir='ltr'><strong>extincta</strong></span> <span class='ocrx_word' id='word_1_63' title='bbox 939 1264 1026 1327; x_wconf 88' lang='lat' dir='ltr'><strong>esset</strong></span> <span class='ocrx_word' id='word_1_64' title='bbox 1039 1279 1152 1325; x_wconf 90' lang='lat' dir='ltr'><strong>earum</strong></span> <span class='ocrx_word' id='word_1_65' title='bbox 1168 1260 1354 1341; x_wconf 85' lang='lat' dir='ltr'><strong>auctoritas,</strong></span> <span class='ocrx_word' id='word_1_66' title='bbox 1372 1278 1470 1343; x_wconf 90' lang='lat' dir='ltr'><strong>quum</strong></span> 
     </span>
     <span class='ocr_line' id='line_1_10' title="bbox 291 1362 1469 1467; baseline -0.003 -17"><span class='ocrx_word' id='word_1_67' title='bbox 291 1384 469 1453; x_wconf 89' lang='lat' dir='ltr'><strong>iurisdictio</strong></span> <span class='ocrx_word' id='word_1_68' title='bbox 492 1385 591 1451; x_wconf 89' lang='lat' dir='ltr'><strong>semel</strong></span> <span class='ocrx_word' id='word_1_69' title='bbox 608 1362 762 1467; x_wconf 84' lang='lat' dir='ltr'><strong>extincta,</strong></span> <span class='ocrx_word' id='word_1_70' title='bbox 780 1386 875 1450; x_wconf 86' lang='lat' dir='ltr'><strong>etiam</strong></span> <span class='ocrx_word' id='word_1_71' title='bbox 893 1404 991 1449; x_wconf 89' lang='lat' dir='ltr'><strong>causa</strong></span> <span class='ocrx_word' id='word_1_72' title='bbox 1006 1384 1214 1449; x_wconf 85' lang='lat' dir='ltr'><strong>extinctionis</strong></span> <span class='ocrx_word' id='word_1_73' title='bbox 1229 1388 1386 1455; x_wconf 86' lang='lat' dir='ltr'><strong>cessante,</strong></span> <span class='ocrx_word' id='word_1_74' title='bbox 1403 1401 1469 1447; x_wconf 91' lang='lat' dir='ltr'><strong>uon</strong></span> 
     </span>
     <span class='ocr_line' id='line_1_11' title="bbox 293 1506 1469 1593; baseline -0.003 -19"><span class='ocrx_word' id='word_1_75' title='bbox 293 1510 474 1577; x_wconf 84' lang='lat' dir='ltr'><strong>reviviscat.</strong></span> <span class='ocrx_word' id='word_1_76' title='bbox 503 1544 520 1557; x_wconf 94' lang='lat'>·</span> <span class='ocrx_word' id='word_1_77' title='bbox 545 1508 636 1575; x_wconf 90' lang='lat' dir='ltr'><strong>Licet</strong></span> <span class='ocrx_word' id='word_1_78' title='bbox 658 1513 765 1575; x_wconf 88' lang='lat' dir='ltr'><strong>autem</strong></span> <span class='ocrx_word' id='word_1_79' title='bbox 789 1507 1065 1593; x_wconf 76' lang='lat' dir='ltr'><strong>congregationes</strong></span> <span class='ocrx_word' id='word_1_80' title='bbox 1087 1506 1308 1575; x_wconf 75' lang='lat' dir='ltr'><strong>cardinalium</strong></span> <span class='ocrx_word' id='word_1_81' title='bbox 1327 1506 1469 1591; x_wconf 84' lang='lat' dir='ltr'><strong>vigeant,</strong></span> 
     </span>
     <span class='ocr_line' id='line_1_12' title="bbox 292 1628 1471 1711; baseline -0.003 -13"><span class='ocrx_word' id='word_1_82' title='bbox 292 1631 375 1698; x_wconf 89' lang='lat' dir='ltr'><strong>Sede</strong></span> <span class='ocrx_word' id='word_1_83' title='bbox 398 1636 543 1711; x_wconf 89' lang='lat' dir='ltr'><strong>vacante,</strong></span> <span class='ocrx_word' id='word_1_84' title='bbox 567 1636 686 1706; x_wconf 66' lang='lat' dir='ltr'><strong>umen,</strong></span> <span class='ocrx_word' id='word_1_85' title='bbox 711 1629 935 1697; x_wconf 80' lang='lat' dir='ltr'><strong>Cardinalibus</strong></span> <span class='ocrx_word' id='word_1_86' title='bbox 957 1631 992 1694; x_wconf 91' lang='lat' dir='ltr'><strong>iu</strong></span> <span class='ocrx_word' id='word_1_87' title='bbox 1012 1629 1168 1695; x_wconf 86' lang='lat' dir='ltr'><strong>Conclavi</strong></span> <span class='ocrx_word' id='word_1_88' title='bbox 1190 1628 1388 1701; x_wconf 86' lang='lat' dir='ltr'><strong>coadunatis,</strong></span> <span class='ocrx_word' id='word_1_89' title='bbox 1405 1648 1471 1694; x_wconf 90' lang='lat' dir='ltr'><strong>uon</strong></span> 
     </span>
     <span class='ocr_line' id='line_1_13' title="bbox 293 1754 1472 1843; baseline 0.001 -20"><span class='ocrx_word' id='word_1_90' title='bbox 293 1757 508 1843; x_wconf 87' lang='lat' dir='ltr'><strong>expediuntur</strong></span> <span class='ocrx_word' id='word_1_91' title='bbox 532 1757 661 1843; x_wconf 88' lang='lat' dir='ltr'><strong>negotia</strong></span> <span class='ocrx_word' id='word_1_92' title='bbox 683 1756 950 1842; x_wconf 87' lang='lat' dir='ltr'><strong>subscriptionem</strong></span> <span class='ocrx_word' id='word_1_93' title='bbox 974 1754 1156 1823; x_wconf 85' lang='lat' dir='ltr'><strong>cardinalis</strong></span> <span class='ocrx_word' id='word_1_94' title='bbox 1175 1755 1342 1822; x_wconf 81' lang='lat' dir='ltr'><strong>Praefecti</strong></span> <span class='ocrx_word' id='word_1_95' title='bbox 1365 1758 1472 1842; x_wconf 89' lang='lat' dir='ltr'><strong>requi·</strong></span> 
     </span>
     <span class='ocr_line' id='line_1_14' title="bbox 292 1881 1470 1968; baseline -0.002 -20"><span class='ocrx_word' id='word_1_96' title='bbox 292 1882 408 1953; x_wconf 83' lang='lat' dir='ltr'><strong>nentia,</strong></span> <span class='ocrx_word' id='word_1_97' title='bbox 432 1882 499 1947; x_wconf 85' lang='lat' dir='ltr'><strong>uisi</strong></span> <span class='ocrx_word' id='word_1_98' title='bbox 522 1900 627 1947; x_wconf 87' lang='lat' dir='ltr'><strong>eausa</strong></span> <span class='ocrx_word' id='word_1_99' title='bbox 656 1881 798 1968; x_wconf 78' lang='lat' dir='ltr'><strong>grauior</strong></span> <span class='ocrx_word' id='word_1_100' title='bbox 822 1882 922 1946; x_wconf 87' lang='lat' dir='ltr'><strong>aliter</strong></span> <span class='ocrx_word' id='word_1_101' title='bbox 949 1882 1103 1963; x_wconf 79' lang='lat' dir='ltr'><strong>postulet,</strong></span> <span class='ocrx_word' id='word_1_102' title='bbox 1128 1885 1164 1946; x_wconf 92' lang='lat' dir='ltr'><strong>ut</strong></span> <span class='ocrx_word' id='word_1_103' title='bbox 1186 1886 1277 1947; x_wconf 89' lang='lat' dir='ltr'><strong>notat</strong></span> <span class='ocrx_word' id='word_1_104' title='bbox 1301 1881 1397 1948; x_wconf 88' lang='lat' dir='ltr'><strong>card.</strong></span> <span class='ocrx_word' id='word_1_105' title='bbox 1424 1882 1470 1946; x_wconf 87' lang='lat' dir='ltr'><strong>De</strong></span> 
     </span>
     <span class='ocr_line' id='line_1_15' title="bbox 292 2001 1469 2093; baseline 0 -20"><span class='ocrx_word' id='word_1_106' title='bbox 292 2008 381 2074; x_wconf 87' lang='lat' dir='ltr'><strong>Luca</strong></span> <span class='ocrx_word' id='word_1_107' title='bbox 404 2009 436 2074; x_wconf 91' lang='lat' dir='ltr'><strong>in</strong></span> <span class='ocrx_word' id='word_1_108' title='bbox 460 2028 514 2093; x_wconf 84' lang='lat' dir='ltr'><strong>op.</strong></span> <span class='ocrx_word' id='word_1_109' title='bbox 539 2007 603 2082; x_wconf 79' lang='lat' dir='ltr'><strong>eit,</strong></span> <span class='ocrx_word' id='word_1_110' title='bbox 627 2007 715 2073; x_wconf 74' lang='lat' dir='ltr'><strong>Dirc.</strong></span> <span class='ocrx_word' id='word_1_111' title='bbox 736 2004 783 2089; x_wconf 82' lang='grc'><strong>3,·</strong></span> <span class='ocrx_word' id='word_1_112' title='bbox 805 2011 848 2079; x_wconf 88' lang='lat' dir='ltr'><strong>et,</strong></span> <span class='ocrx_word' id='word_1_113' title='bbox 872 2005 965 2071; x_wconf 85' lang='lat' dir='ltr'><strong>verbi</strong></span> <span class='ocrx_word' id='word_1_114' title='bbox 989 2008 1104 2092; x_wconf 82' lang='lat' dir='ltr'><strong>gratia.</strong></span> <span class='ocrx_word' id='word_1_115' title='bbox 1130 2008 1162 2071; x_wconf 88' lang='lat' dir='ltr'><strong>in</strong></span> <span class='ocrx_word' id='word_1_116' title='bbox 1180 2001 1323 2093; x_wconf 57' lang='lat' dir='ltr'><strong>&#39;regestis</strong></span> <span class='ocrx_word' id='word_1_117' title='bbox 1346 2007 1469 2074; x_wconf 87' lang='lat' dir='ltr'><strong>Sacrae</strong></span> 
     </span>
     <span class='ocr_line' id='line_1_16' title="bbox 294 2130 1472 2216; baseline 0 -20"><span class='ocrx_word' id='word_1_118' title='bbox 294 2131 392 2216; x_wconf 83' lang='lat' dir='ltr'><strong>Gong.</strong></span> <span class='ocrx_word' id='word_1_119' title='bbox 422 2132 653 2215; x_wconf 86' lang='lat' dir='ltr'><strong>Episcoporum</strong></span> <span class='ocrx_word' id='word_1_120' title='bbox 684 2134 717 2195; x_wconf 90' lang='lat' dir='ltr'><strong>et</strong></span> <span class='ocrx_word' id='word_1_121' title='bbox 748 2130 959 2215; x_wconf 90' lang='lat' dir='ltr'><strong>Regularium</strong></span> <span class='ocrx_word' id='word_1_122' title='bbox 983 2130 1030 2195; x_wconf 90' lang='lat' dir='ltr'><strong>sic</strong></span> <span class='ocrx_word' id='word_1_123' title='bbox 1053 2130 1186 2215; x_wconf 88' lang='lat' dir='ltr'><strong>legitur:</strong></span> <span class='ocrx_word' id='word_1_124' title='bbox 1212 2130 1299 2197; x_wconf 85' lang='lat' dir='ltr'><strong>Sede</strong></span> <span class='ocrx_word' id='word_1_125' title='bbox 1327 2135 1472 2196; x_wconf 82' lang='lat' dir='ltr'><strong>vacante</strong></span> 
     </span>
     <span class='ocr_line' id='line_1_17' title="bbox 289 2252 1469 2338; baseline -0.002 -17"><span class='ocrx_word' id='word_1_126' title='bbox 289 2274 355 2338; x_wconf 82' lang='lat' dir='ltr'><strong>per</strong></span> <span class='ocrx_word' id='word_1_127' title='bbox 389 2253 517 2321; x_wconf 85' lang='lat' dir='ltr'><strong>obitum</strong></span> <span class='ocrx_word' id='word_1_128' title='bbox 546 2252 679 2320; x_wconf 83' lang='lat' dir='ltr'><strong>Summi</strong></span> <span class='ocrx_word' id='word_1_129' title='bbox 707 2253 882 2337; x_wconf 74' lang='lat' dir='ltr'><strong>Pontificis</strong></span> <span class='ocrx_word' id='word_1_130' title='bbox 911 2252 970 2317; x_wconf 87' lang='lat' dir='ltr'><strong>Pii</strong></span> <span class='ocrx_word' id='word_1_131' title='bbox 1002 2252 1068 2317; x_wconf 87' lang='lat' dir='ltr'><strong>Vll</strong></span> <span class='ocrx_word' id='word_1_132' title='bbox 1095 2258 1234 2319; x_wconf 83' lang='lat' dir='ltr'><strong>sauctae</strong></span> <span class='ocrx_word' id='word_1_133' title='bbox 1264 2252 1469 2328; x_wconf 64' lang='lat' dir='ltr'><strong>memoriae,</strong></span> 
     </span>
     <span class='ocr_line' id='line_1_18' title="bbox 294 2376 1470 2465; baseline -0.003 -19"><span class='ocrx_word' id='word_1_134' title='bbox 294 2380 348 2446; x_wconf 87' lang='lat' dir='ltr'><strong>die</strong></span> <span class='ocrx_word' id='word_1_135' title='bbox 374 2379 426 2444; x_wconf 80' lang='lat'><strong>20</strong></span> <span class='ocrx_word' id='word_1_136' title='bbox 448 2380 594 2465; x_wconf 76' lang='lat' dir='ltr'><strong>Augusti</strong></span> <span class='ocrx_word' id='word_1_137' title='bbox 615 2377 717 2453; x_wconf 77' lang='lat'><strong>1823,</strong></span> <span class='ocrx_word' id='word_1_138' title='bbox 743 2378 830 2445; x_wconf 76' lang='lat' dir='ltr'><strong>liora</strong></span> <span class='ocrx_word' id='word_1_139' title='bbox 854 2378 988 2445; x_wconf 75' lang='lat' dir='ltr'><strong>decim</strong></span> <span class='ocrx_word' id='word_1_140' title='bbox 1011 2397 1089 2443; x_wconf 85' lang='lat' dir='ltr'><strong>cum</strong></span> <span class='ocrx_word' id='word_1_141' title='bbox 1113 2376 1265 2444; x_wconf 86' lang='lat' dir='ltr'><strong>dimidio.</strong></span> <span class='ocrx_word' id='word_1_142' title='bbox 1290 2376 1470 2461; x_wconf 75' lang='lat' dir='ltr'><strong>Rescripta</strong></span> 
     </span>
     <span class='ocr_line' id='line_1_19' title="bbox 293 2502 1470 2590; baseline -0.003 -17"><span class='ocrx_word' id='word_1_143' title='bbox 293 2524 338 2573; x_wconf 77' lang='lat' dir='ltr'><strong>eu·</strong></span> <span class='ocrx_word' id='word_1_144' title='bbox 363 2504 583 2586; x_wconf 76' lang='lat' dir='ltr'><strong>facultalibus</strong></span> <span class='ocrx_word' id='word_1_145' title='bbox 612 2503 800 2570; x_wconf 76' lang='lat' dir='ltr'><strong>ordinariis</strong></span> <span class='ocrx_word' id='word_1_146' title='bbox 835 2502 965 2569; x_wconf 81' lang='lat' dir='ltr'><strong>Sacrae</strong></span> <span class='ocrx_word' id='word_1_147' title='bbox 997 2502 1279 2590; x_wconf 75' lang='lat' dir='ltr'><strong>Conprepatiouis</strong></span> <span class='ocrx_word' id='word_1_148' title='bbox 1310 2508 1343 2570; x_wconf 89' lang='lat' dir='ltr'><strong>et</strong></span> <span class='ocrx_word' id='word_1_149' title='bbox 1376 2502 1470 2569; x_wconf 85' lang='lat' dir='ltr'><strong>Emi·</strong></span> 
     </span>
     <span class='ocr_line' id='line_1_20' title="bbox 292 2625 1471 2713; baseline 0.001 -20"><span class='ocrx_word' id='word_1_150' title='bbox 292 2627 480 2695; x_wconf 79' lang='lat' dir='ltr'><strong>acutissimi</strong></span> <span class='ocrx_word' id='word_1_151' title='bbox 502 2626 672 2710; x_wconf 79' lang='lat' dir='ltr'><strong>Praefecti</strong></span> <span class='ocrx_word' id='word_1_152' title='bbox 702 2626 840 2713; x_wconf 73' lang='lat' dir='ltr'><strong>signata</strong></span> <span class='ocrx_word' id='word_1_153' title='bbox 865 2644 926 2691; x_wconf 91' lang='lat' dir='ltr'><strong>seu</strong></span> <span class='ocrx_word' id='word_1_154' title='bbox 954 2625 1145 2708; x_wconf 74' lang='lat' dir='ltr'><strong>subscripta</strong></span> <span class='ocrx_word' id='word_1_155' title='bbox 1172 2626 1209 2691; x_wconf 86' lang='lat' dir='ltr'><strong>iu</strong></span> <span class='ocrx_word' id='word_1_156' title='bbox 1235 2626 1402 2693; x_wconf 78' lang='lat' dir='ltr'><strong>conclaue</strong></span> <span class='ocrx_word' id='word_1_157' title='bbox 1426 2626 1471 2694; x_wconf 90' lang='lat' dir='ltr'><strong>ab</strong></span> 
     </span>
     <span class='ocr_line' id='line_1_21' title="bbox 292 2750 1470 2834; baseline 0 -15"><span class='ocrx_word' id='word_1_158' title='bbox 292 2754 410 2819; x_wconf 85' lang='lat' dir='ltr'><strong>eodem</strong></span> <span class='ocrx_word' id='word_1_159' title='bbox 437 2752 710 2818; x_wconf 77' lang='lat' dir='ltr'><strong>Eminentirsimo</strong></span> <span class='ocrx_word' id='word_1_160' title='bbox 735 2750 923 2834; x_wconf 77' lang='lat' dir='ltr'><strong>Praefecto.</strong></span> <span class='ocrx_word' id='word_1_161' title='bbox 949 2786 968 2797; x_wconf 96' lang='lat'>-</span> <span class='ocrx_word' id='word_1_162' title='bbox 993 2751 1139 2826; x_wconf 82' lang='lat' dir='ltr'><strong>Notatur,</strong></span> <span class='ocrx_word' id='word_1_163' title='bbox 1167 2750 1254 2818; x_wconf 90' lang='lat' dir='ltr'><strong>hanc</strong></span> <span class='ocrx_word' id='word_1_164' title='bbox 1281 2752 1470 2819; x_wconf 88' lang='lat' dir='ltr'><strong>iurisdictio·</strong></span> 
     </span>
     <span class='ocr_line' id='line_1_22' title="bbox 292 2873 1469 2960; baseline 0.003 -21"><span class='ocrx_word' id='word_1_165' title='bbox 292 2894 367 2939; x_wconf 91' lang='lat' dir='ltr'><strong>uem</strong></span> <span class='ocrx_word' id='word_1_166' title='bbox 391 2873 693 2960; x_wconf 85' lang='lat' dir='ltr'><strong>congregationibus</strong></span> <span class='ocrx_word' id='word_1_167' title='bbox 717 2874 935 2940; x_wconf 83' lang='lat' dir='ltr'><strong>Cardinalitiis</strong></span> <span class='ocrx_word' id='word_1_168' title='bbox 966 2880 1161 2959; x_wconf 87' lang='lat' dir='ltr'><strong>competere,</strong></span> <span class='ocrx_word' id='word_1_169' title='bbox 1186 2877 1284 2941; x_wconf 91' lang='lat' dir='ltr'><strong>etiam</strong></span> <span class='ocrx_word' id='word_1_170' title='bbox 1307 2876 1390 2942; x_wconf 88' lang='lat' dir='ltr'><strong>Sede</strong></span> <span class='ocrx_word' id='word_1_171' title='bbox 1413 2897 1469 2942; x_wconf 88' lang='lat' dir='ltr'><strong>va-</strong></span> 
     </span>
     <span class='ocr_line' id='line_1_23' title="bbox 294 2999 1471 3089; baseline 0.001 -23"><span class='ocrx_word' id='word_1_172' title='bbox 294 3006 398 3073; x_wconf 90' lang='lat' dir='ltr'><strong>cante,</strong></span> <span class='ocrx_word' id='word_1_173' title='bbox 423 2999 677 3085; x_wconf 87' lang='lat' dir='ltr'><strong>independenter</strong></span> <span class='ocrx_word' id='word_1_174' title='bbox 704 3000 833 3065; x_wconf 92' lang='lat' dir='ltr'><strong>omnino</strong></span> <span class='ocrx_word' id='word_1_175' title='bbox 856 3020 877 3065; x_wconf 91' lang='lat' dir='ltr'><strong>a</strong></span> <span class='ocrx_word' id='word_1_176' title='bbox 903 2999 1133 3072; x_wconf 88' lang='lat' dir='ltr'><strong>iurisdictione,</strong></span> <span class='ocrx_word' id='word_1_177' title='bbox 1159 3020 1222 3083; x_wconf 93' lang='lat' dir='ltr'><strong>qua</strong></span> <span class='ocrx_word' id='word_1_178' title='bbox 1247 3006 1325 3066; x_wconf 92' lang='lat' dir='ltr'><strong>tunc</strong></span> <span class='ocrx_word' id='word_1_179' title='bbox 1348 3003 1471 3089; x_wconf 92' lang='lat' dir='ltr'><strong>pollent</strong></span> 
     </span>
     <span class='ocr_line' id='line_1_24' title="bbox 293 3123 1469 3211; baseline -0.002 -19"><span class='ocrx_word' id='word_1_180' title='bbox 293 3123 490 3199; x_wconf 79' lang='lat' dir='ltr'><strong>Cardinales</strong></span> <span class='ocrx_word' id='word_1_181' title='bbox 508 3124 594 3188; x_wconf 93' lang='lat' dir='ltr'><strong>intra</strong></span> <span class='ocrx_word' id='word_1_182' title='bbox 612 3128 719 3189; x_wconf 89' lang='lat' dir='ltr'><strong>certos</strong></span> <span class='ocrx_word' id='word_1_183' title='bbox 734 3124 861 3205; x_wconf 87' lang='lat' dir='ltr'><strong>limites,</strong></span> <span class='ocrx_word' id='word_1_184' title='bbox 878 3126 912 3189; x_wconf 95' lang='lat' dir='ltr'><strong>in</strong></span> <span class='ocrx_word' id='word_1_185' title='bbox 927 3126 1112 3190; x_wconf 85' lang='lat' dir='ltr'><strong>universale</strong></span> <span class='ocrx_word' id='word_1_186' title='bbox 1127 3124 1296 3191; x_wconf 87' lang='lat' dir='ltr'><strong>Ecclesiae</strong></span> <span class='ocrx_word' id='word_1_187' title='bbox 1313 3127 1469 3211; x_wconf 86' lang='lat' dir='ltr'><strong>regimen.</strong></span> 
     </span>
     <span class='ocr_line' id='line_1_25' title="bbox 294 3247 1471 3335; baseline 0 -20"><span class='ocrx_word' id='word_1_188' title='bbox 294 3250 339 3315; x_wconf 83' lang='lat' dir='ltr'><strong>At</strong></span> <span class='ocrx_word' id='word_1_189' title='bbox 361 3249 490 3333; x_wconf 88' lang='lat' dir='ltr'><strong>negotia</strong></span> <span class='ocrx_word' id='word_1_190' title='bbox 512 3268 593 3333; x_wconf 91' lang='lat' dir='ltr'><strong>quae</strong></span> <span class='ocrx_word' id='word_1_191' title='bbox 618 3250 651 3313; x_wconf 92' lang='lat' dir='ltr'><strong>in</strong></span> <span class='ocrx_word' id='word_1_192' title='bbox 674 3250 833 3314; x_wconf 86' lang='lat' dir='ltr'><strong>communi</strong></span> <span class='ocrx_word' id='word_1_193' title='bbox 857 3247 964 3314; x_wconf 80' lang='lat' dir='ltr'><strong>forma</strong></span> <span class='ocrx_word' id='word_1_194' title='bbox 984 3267 1006 3314; x_wconf 89' lang='lat' dir='ltr'><strong>a</strong></span> <span class='ocrx_word' id='word_1_195' title='bbox 1027 3248 1095 3313; x_wconf 88' lang='lat' dir='ltr'><strong>solo</strong></span> <span class='ocrx_word' id='word_1_196' title='bbox 1115 3249 1300 3316; x_wconf 89' lang='lat' dir='ltr'><strong>Secretario</strong></span> <span class='ocrx_word' id='word_1_197' title='bbox 1323 3249 1471 3335; x_wconf 86' lang='lat' dir='ltr'><strong>expediri</strong></span> 
     </span>
     <span class='ocr_line' id='line_1_26' title="bbox 293 3370 1280 3457; baseline 0.001 -20"><span class='ocrx_word' id='word_1_198' title='bbox 293 3372 407 3441; x_wconf 85' lang='lat' dir='ltr'><strong>solent,</strong></span> <span class='ocrx_word' id='word_1_199' title='bbox 432 3370 611 3457; x_wconf 84' lang='lat' dir='ltr'><strong>generatim</strong></span> <span class='ocrx_word' id='word_1_200' title='bbox 635 3370 851 3456; x_wconf 85' lang='lat' dir='ltr'><strong>expediuntur</strong></span> <span class='ocrx_word' id='word_1_201' title='bbox 874 3370 957 3436; x_wconf 90' lang='lat' dir='ltr'><strong>Sede</strong></span> <span class='ocrx_word' id='word_1_202' title='bbox 979 3390 1105 3456; x_wconf 91' lang='lat' dir='ltr'><strong>quoque</strong></span> <span class='ocrx_word' id='word_1_203' title='bbox 1128 3378 1280 3438; x_wconf 87' lang='lat' dir='ltr'><strong>vacante.</strong></span> 
     </span>
    </p>

    <p class='ocr_par' dir='ltr' id='par_1_4' title="bbox 292 3496 1473 3960">
     <span class='ocr_line' id='line_1_27' title="bbox 384 3496 1473 3583; baseline 0 -20"><span class='ocrx_word' id='word_1_204' title='bbox 384 3497 437 3563; x_wconf 84' lang='lat'><strong>29.</strong></span> <span class='ocrx_word' id='word_1_205' title='bbox 462 3496 534 3572; x_wconf 89' lang='lat' dir='ltr'><strong>Qua</strong></span> <span class='ocrx_word' id='word_1_206' title='bbox 555 3517 636 3563; x_wconf 86' lang='lat' dir='ltr'><strong>vero</strong></span> <span class='ocrx_word' id='word_1_207' title='bbox 659 3498 795 3563; x_wconf 90' lang='lat' dir='ltr'><strong>utilitate</strong></span> <span class='ocrx_word' id='word_1_208' title='bbox 822 3497 1009 3564; x_wconf 88' lang='lat' dir='ltr'><strong>constitutio</strong></span> <span class='ocrx_word' id='word_1_209' title='bbox 1032 3500 1320 3583; x_wconf 87' lang='lat' dir='ltr'><strong>congregationum</strong></span> <span class='ocrx_word' id='word_1_210' title='bbox 1342 3496 1473 3564; x_wconf 89' lang='lat' dir='ltr'><strong>ordina·</strong></span> 
     </span>
     <span class='ocr_line' id='line_1_28' title="bbox 293 3621 1471 3709; baseline 0 -20"><span class='ocrx_word' id='word_1_211' title='bbox 293 3626 416 3690; x_wconf 87' lang='lat' dir='ltr'><strong>riarum</strong></span> <span class='ocrx_word' id='word_1_212' title='bbox 431 3624 519 3689; x_wconf 84' lang='lat' dir='ltr'><strong>facta</strong></span> <span class='ocrx_word' id='word_1_213' title='bbox 534 3623 584 3695; x_wconf 86' lang='lat' dir='ltr'><strong>sit,</strong></span> <span class='ocrx_word' id='word_1_214' title='bbox 600 3626 712 3708; x_wconf 82' lang='lat' dir='ltr'><strong>aperte</strong></span> <span class='ocrx_word' id='word_1_215' title='bbox 733 3621 852 3689; x_wconf 91' lang='lat' dir='ltr'><strong>docent</strong></span> <span class='ocrx_word' id='word_1_216' title='bbox 872 3627 940 3688; x_wconf 87' lang='lat' dir='ltr'><strong>tum</strong></span> <span class='ocrx_word' id='word_1_217' title='bbox 964 3623 1151 3707; x_wconf 87' lang='lat' dir='ltr'><strong>quotidiana</strong></span> <span class='ocrx_word' id='word_1_218' title='bbox 1173 3624 1385 3709; x_wconf 78' lang='lat' dir='ltr'><strong>experientia</strong></span> <span class='ocrx_word' id='word_1_219' title='bbox 1400 3628 1471 3689; x_wconf 84' lang='lat' dir='ltr'><strong>tum</strong></span> 
     </span>
     <span class='ocr_line' id='line_1_29' title="bbox 294 3743 1471 3843; baseline 0.001 -29"><span class='ocrx_word' id='word_1_220' title='bbox 294 3748 551 3834; x_wconf 87' lang='lat' dir='ltr'><strong>lurisprudentia</strong></span> <span class='ocrx_word' id='word_1_221' title='bbox 572 3768 633 3834; x_wconf 86' lang='lat' dir='ltr'><strong>per</strong></span> <span class='ocrx_word' id='word_1_222' title='bbox 655 3747 783 3813; x_wconf 88' lang='lat' dir='ltr'><strong>easdem</strong></span> <span class='ocrx_word' id='word_1_223' title='bbox 803 3743 981 3843; x_wconf 63' lang='lat' dir='ltr'><strong>efformata</strong></span> <span class='ocrx_word' id='word_1_224' title='bbox 999 3750 1044 3816; x_wconf 89' lang='lat' dir='ltr'><strong>ita</strong></span> <span class='ocrx_word' id='word_1_225' title='bbox 1066 3752 1103 3815; x_wconf 97' lang='lat' dir='ltr'><strong>ut</strong></span> <span class='ocrx_word' id='word_1_226' title='bbox 1124 3748 1272 3813; x_wconf 88' lang='lat' dir='ltr'><strong>homines</strong></span> <span class='ocrx_word' id='word_1_227' title='bbox 1295 3748 1393 3815; x_wconf 90' lang='lat' dir='ltr'><strong>etiam</strong></span> <span class='ocrx_word' id='word_1_228' title='bbox 1410 3750 1471 3815; x_wconf 84' lang='lat' dir='ltr'><strong>Re</strong></span> 
     </span>
     <span class='ocr_line' id='line_1_30' title="bbox 292 3870 1471 3960; baseline -0.001 -22"><span class='ocrx_word' id='word_1_229' title='bbox 292 3873 404 3960; x_wconf 89' lang='lat' dir='ltr'><strong>ligioni</strong></span> <span class='ocrx_word' id='word_1_230' title='bbox 420 3873 605 3941; x_wconf 87' lang='lat' dir='ltr'><strong>catholicae</strong></span> <span class='ocrx_word' id='word_1_231' title='bbox 628 3870 756 3953; x_wconf 81' lang='lat' dir='ltr'><strong>infensi,</strong></span> <span class='ocrx_word' id='word_1_232' title='bbox 776 3877 812 3938; x_wconf 90' lang='lat' dir='ltr'><strong>ut</strong></span> <span class='ocrx_word' id='word_1_233' title='bbox 828 3872 1013 3943; x_wconf 79' lang='lat' dir='ltr'><strong>Leibnitius</strong></span> <span class='ocrx_word' id='word_1_234' title='bbox 1033 3872 1172 3957; x_wconf 81' lang='lat' dir='ltr'><strong>professi</strong></span> <span class='ocrx_word' id='word_1_235' title='bbox 1195 3872 1268 3945; x_wconf 91' lang='lat' dir='ltr'><strong>sint,</strong></span> <span class='ocrx_word' id='word_1_236' title='bbox 1294 3892 1329 3939; x_wconf 92' lang='lat' dir='ltr'><strong>se</strong></span> <span class='ocrx_word' id='word_1_237' title='bbox 1352 3892 1471 3959; x_wconf 88' lang='lat' dir='ltr'><strong>magna</strong></span> 
     </span>
    </p>
   </div>
   <div class='ocr_carea' id='block_1_3' title="bbox 292 3990 1471 4450">
    <p class='ocr_par' dir='ltr' id='par_1_5' title="bbox 292 3990 1471 4450">
     <span class='ocr_line' id='line_1_31' title="bbox 292 3990 1468 4082; baseline 0.001 -19"><span class='ocrx_word' id='word_1_238' title='bbox 292 3998 502 4063; x_wconf 83' lang='lat' dir='ltr'><strong>veneratione</strong></span> <span class='ocrx_word' id='word_1_239' title='bbox 533 3998 686 4082; x_wconf 86' lang='lat' dir='ltr'><strong>excipere</strong></span> <span class='ocrx_word' id='word_1_240' title='bbox 717 4015 924 4062; x_wconf 84' lang='lat' dir='ltr'><strong>romanarum</strong></span> <span class='ocrx_word' id='word_1_241' title='bbox 954 3996 1248 4081; x_wconf 89' lang='lat' dir='ltr'><strong>congregationum</strong></span> <span class='ocrx_word' id='word_1_242' title='bbox 1279 3990 1468 4064; x_wconf 85' lang='lat' dir='ltr'><strong>decisiones.</strong></span> 
     </span>
     <span class='ocr_line' id='line_1_32' title="bbox 293 4114 1470 4202; baseline -0.002 -17"><span class='ocrx_word' id='word_1_243' title='bbox 293 4118 433 4185; x_wconf 83' lang='lat' dir='ltr'><strong>Aliunde</strong></span> <span class='ocrx_word' id='word_1_244' title='bbox 455 4122 578 4183; x_wconf 88' lang='lat' dir='ltr'><strong>attenta</strong></span> <span class='ocrx_word' id='word_1_245' title='bbox 601 4138 713 4183; x_wconf 85' lang='lat' dir='ltr'><strong>aarum</strong></span> <span class='ocrx_word' id='word_1_246' title='bbox 729 4119 956 4185; x_wconf 88' lang='lat' dir='ltr'><strong>constitutione</strong></span> <span class='ocrx_word' id='word_1_247' title='bbox 972 4121 1005 4182; x_wconf 92' lang='lat' dir='ltr'><strong>et</strong></span> <span class='ocrx_word' id='word_1_248' title='bbox 1019 4114 1215 4202; x_wconf 90' lang='lat' dir='ltr'><strong>procedendi</strong></span> <span class='ocrx_word' id='word_1_249' title='bbox 1232 4119 1358 4183; x_wconf 87' lang='lat' dir='ltr'><strong>rationo</strong></span> <span class='ocrx_word' id='word_1_250' title='bbox 1374 4137 1470 4202; x_wconf 90' lang='lat' dir='ltr'><strong>quam</strong></span> 
     </span>
     <span class='ocr_line' id='line_1_33' title="bbox 294 4240 1471 4327; baseline 0.002 -20"><span class='ocrx_word' id='word_1_251' title='bbox 294 4243 459 4327; x_wconf 83' lang='lat' dir='ltr'><strong>explicare</strong></span> <span class='ocrx_word' id='word_1_252' title='bbox 482 4241 700 4327; x_wconf 86' lang='lat' dir='ltr'><strong>aggredimur,</strong></span> <span class='ocrx_word' id='word_1_253' title='bbox 717 4260 771 4307; x_wconf 88' lang='lat' dir='ltr'><strong>res</strong></span> <span class='ocrx_word' id='word_1_254' title='bbox 786 4241 883 4305; x_wconf 86' lang='lat' dir='ltr'><strong>aliter</strong></span> <span class='ocrx_word' id='word_1_255' title='bbox 905 4260 941 4307; x_wconf 90' lang='lat' dir='ltr'><strong>se</strong></span> <span class='ocrx_word' id='word_1_256' title='bbox 963 4240 1087 4306; x_wconf 88' lang='lat' dir='ltr'><strong>habere</strong></span> <span class='ocrx_word' id='word_1_257' title='bbox 1102 4260 1166 4306; x_wconf 90' lang='lat' dir='ltr'><strong>non</strong></span> <span class='ocrx_word' id='word_1_258' title='bbox 1182 4245 1295 4327; x_wconf 90' lang='lat' dir='ltr'><strong>potest.</strong></span> <span class='ocrx_word' id='word_1_259' title='bbox 1314 4242 1362 4310; x_wconf 80' lang='lat' dir='ltr'><strong>ct.</strong></span> <span class='ocrx_word' id='word_1_260' title='bbox 1380 4244 1471 4311; x_wconf 86' lang='lat' dir='ltr'><strong>Wal-</strong></span> 
     </span>
     <span class='ocr_line' id='line_1_34' title="bbox 293 4364 1267 4450; baseline 0.001 -18"><span class='ocrx_word' id='word_1_261' title='bbox 293 4373 353 4441; x_wconf 87' lang='lat' dir='ltr'><strong>ter,</strong></span> <span class='ocrx_word' id='word_1_262' title='bbox 373 4366 536 4431; x_wconf 77' lang='lat' dir='ltr'><strong>Manuale</strong></span> <span class='ocrx_word' id='word_1_263' title='bbox 551 4364 606 4431; x_wconf 86' lang='lat' dir='ltr'><strong>del</strong></span> <span class='ocrx_word' id='word_1_264' title='bbox 622 4366 743 4434; x_wconf 87' lang='lat' dir='ltr'><strong>Diritto</strong></span> <span class='ocrx_word' id='word_1_265' title='bbox 759 4366 1002 4440; x_wconf 83' lang='lat' dir='ltr'><strong>Ecclesiastico,</strong></span> <span class='ocrx_word' id='word_1_266' title='bbox 1026 4365 1080 4431; x_wconf 89' lang='lat' dir='ltr'><strong>lib.</strong></span> <span class='ocrx_word' id='word_1_267' title='bbox 1098 4366 1129 4440; x_wconf 84' lang='lat'><strong>3,</strong></span> <span class='ocrx_word' id='word_1_268' title='bbox 1153 4366 1176 4450; x_wconf 70' lang='grc' dir='ltr'><strong>ἓ,</strong></span> <span class='ocrx_word' id='word_1_269' title='bbox 1193 4366 1267 4433; x_wconf 87' lang='grc'><strong>133.</strong></span> 
     </span>
    </p>
   </div>
   <div class='ocr_carea' id='block_1_4' title="bbox 0 0 1651 5109">
    <p class='ocr_par' dir='ltr' id='par_1_6' title="bbox 0 0 1651 5109">
     <span class='ocr_line' id='line_1_35' title="bbox 0 0 1651 5109; baseline 0 0"><span class='ocrx_word' id='word_1_270' title='bbox 0 0 1651 5109; x_wconf 95' lang='lat' dir='ltr'><strong> </strong></span> 
     </span>
    </p>
   </div>
  </div>
 </body>
</html>
