3292 5109
520 302 565 349 ns
589 300 729 349 11116111
753 300 1020 349 accusarusrrors
1293 280 1359 347 397

179 424 326 491 struendi
349 431 425 493 sunt
447 427 481 491 in
502 426 584 491 locis
606 425 660 491 ubi
683 426 763 491 facti
786 426 990 492 controversi
1013 423 1219 512 probationes
1248 430 1282 491 et
1310 444 1360 491 ar·

181 554 335 635 gumenta
357 549 465 635 colligi
488 548 585 615 facile
607 555 750 636 possunt.
766 582 787 597 ·
803 549 884 617 Sunt
907 551 1029 617 iudices
1045 550 1184 636 delegati
1199 551 1246 616 ad
1262 568 1362 617 casua

176 674 424 757 particulares,
449 675 495 740 uti
526 672 705 741 declaravit
734 674 765 740 S.
796 673 897 759 Gong.
922 672 1042 741 concil.
1067 676 1099 740 in
1128 674 1281 756 tanuen,
1306 673 1362 741 die

181 796 231 863 25
254 797 372 862 martii
400 796 492 863 1605
516 794 582 881 (tib.
607 797 737 863 Deeret.
756 796 809 872 Vl,
830 794 1027 885 666131).
1055 832 1072 846 -
1097 799 1142 863 At
1164 797 1259 863 bodie
1283 816 1361 863 con-

182 922 268 987 stitui
285 941 350 986 non
373 922 479 986 solent
494 918 676 987 huiusmodi
691 920 814 986 iudices
829 918 1020 1008 Synodales,
1037 921 1112 1005 quia
1128 940 1245 987 causae
1265 919 1363 985 bodie

182 1044 380 1133 delegandae
402 1048 436 1111 in
459 1043 604 1132 partibus
627 1045 871 1111 committuntur
894 1046 1139 1133 cognoscendae
1161 1045 1260 1111 iudici
1281 1043 1362 1110 ordi·

183 1176 276 1239 nario
298 1192 416 1258 nempe
445 1172 499 1237 vel
530 1192 687 1258 expresse
709 1173 870 1259 Episcopo
893 1174 948 1239 vel
971 1174 1106 1240 Vicario
1131 1172 1283 1240 Generali
1306 1176 1363 1239 aut

184 1299 370 1385 Gapitulari‚
394 1298 448 1363 vel
472 1300 506 1364 in
528 1318 651 1385 genere
675 1297 850 1365 Ordinario
881 1300 958 1377 loci;
982 1301 1028 1366 ita
1055 1298 1196 1386 quotidie
1218 1320 1253 1365 se
1276 1298 1364 1385 gerit

183 1425 215 1492 S.
233 1426 331 1490 Gonc.
348 1424 484 1490 Goncilii
505 1424 540 1489 in
563 1422 750 1509 ablegandis
765 1423 974 1511 processibus
985 1422 1193 1490 conficiendis
1207 1424 1242 1488 in
1258 1422 1363 1488 causis

182 1550 432 1636 dispensationis
453 1554 530 1615 mat.
555 1551 618 1614 rati
641 1558 675 1613 et
699 1569 764 1615 non
787 1550 1011 1617 consummati.

272 1678 325 1742 Ex
348 1676 504 1742 iudicibus
527 1676 741 1763 synodalibus
764 1676 904 1763 eligendi
927 1681 1003 1743 sunt
1028 1675 1157 1743 iudices
1175 1675 1362 1742 Conserue-

183 1788 282 1876 torec,
306 1801 398 1865 iuxta
423 1801 661 1886 praescriptum
688 1798 796 1867 const
828 1800 978 1885 Gregorii
1001 1798 1078 1879 XV,
1103 1796 1362 1873 Sanctissimae,

183 1924 236 1991 20
257 1922 347 2007 Sept.
371 1924 467 1990 1621.
487 1925 569 1991 Sunt
590 1926 717 2010 species
739 1923 879 1989 iudicum
903 1923 1125 2009 delegatorum
1147 1920 1186 1987 ia
1203 1919 1364 2005 partibus

184 2067 205 2112 a
228 2047 259 2115 S.
277 2047 368 2114 Sede.
384 2084 402 2094 -
419 2046 582 2131 Siquidem
602 2048 812 2133 Regularium
831 2046 987 2121 Ordines,
1003 2046 1179 2133 pleraeque
1202 2044 1363 2111 universi-

184 2177 267 2237 tates
289 2192 330 2237 ac
352 2171 510 2236 nonnulla
538 2189 664 2256 quoque
692 2171 923 2236 canonicorum
946 2169 1093 2256 collegia,
1117 2168 1206 2233 inter
1232 2170 1364 2233 caetera

184 2296 357 2381 privilegia
379 2294 493 2379 quibus
516 2293 643 2359 a'Sede
666 2294 854 2380 Apostolica
885 2296 960 2357 sunt
989 2297 1150 2357 exornata
1179 2292 1242 2357 hoe
1266 2292 1363 2357 etiam

185 2420 335 2507 gaudent,
353 2426 388 2487 ut
410 2419 532 2486 iudices
554 2420 676 2506 eligant
698 2420 885 2485 eorumdem
909 2419 1155 2505 privilegiorum
1179 2418 1362 2485 Conserva-

184 2552 284 2612 tores.
305 2546 354 2611 cf.
371 2545 565 2611 Benedictus
588 2545 681 2619 XIV,
698 2546 749 2610 De
763 2543 846 2630 Syn.
864 2545 1016 2621 dioeces„
1034 2544 1089 2611 lib.
1106 2543 1169 2618 IV,
1187 2564 1214 2610 c.
1233 2544 1266 2619 6,
1283 2564 1316 2609 a.
1334 2544 1361 2609 1.

186 2672 246 2737 Ubi
269 2672 432 2737 constituti
448 2691 512 2735 non
528 2672 593 2739 sint
614 2670 736 2737 iudices
753 2669 942 2757 Synodales,
958 2670 991 2734 in
1009 2670 1263 2735 Conservatores
1287 2668 1364 2753 eligi

185 2799 318 2881 possunt
333 2794 484 2879 Episcopi
500 2794 553 2859 vel
568 2794 813 2879 Archiepiscopi
830 2792 1024 2859 dioeceseos.
1044 2774 1069 2842 -’
1079 2794 1125 2858 De
1142 2793 1259 2859 barum
1276 2812 1364 2858 com-

185 2921 330 3007 petentia
352 2939 484 3005 agemus
507 2918 597 2985 infra
618 2920 651 2983 in
675 2939 750 3003 cop.
775 2919 842 2984 111.

275 3044 350 3110 315.
376 3045 535 3109 Institutio
554 3044 681 3110 Vicarii
705 3043 875 3111 Generalis
898 3043 1057 3129 Episcopo
1073 3063 1138 3108 non
1154 3042 1285 3108 abstulit
1306 3062 1364 3129 po-

185 3175 334 3235 testatem
358 3168 528 3255 delagandi
551 3167 647 3234 iudici
670 3169 861 3254 particulari
884 3188 998 3233 causas
1021 3187 1104 3253 quae
1126 3167 1256 3233 aliunde
1286 3186 1365 3233 con·

185 3295 331 3358 tinentur
347 3294 380 3356 in
395 3290 546 3358 mandato
561 3293 687 3358 Vicarii
703 3292 884 3358 Generalis.
899 3327 917 3341 ·
932 3288 1074 3358 Effectus
1089 3290 1300 3376 delegationis
1316 3294 1367 3359 611

187 3423 224 3485 ut
240 3437 301 3504 pro
324 3417 379 3482 1116
395 3438 473 3482 casu
488 3422 630 3503 potestas
644 3417 837 3502 impediatur
853 3417 979 3483 Vicarii
995 3416 1174 3488 Generalis,
1192 3417 1252 3481 etsi
1267 3415 1366 3480 iudex

187 3542 354 3628 delegatus
376 3544 417 3607 sit
439 3544 508 3628 ipse
532 3543 702 3610 Generalis
718 3543 881 3608 Vicarius.
905 3542 955 3607 Re
977 3562 1056 3606 sane
1075 3543 1153 3627 ipsa,
1170 3544 1198 3606 si
1214 3541 1267 3606 hic
1282 3540 1365 3606 dele-

187 3673 292 3754 361111,
312 3672 390 3732 tunc
413 3688 472 3752 pro
494 3668 551 3734 illo
574 3688 652 3733 casu
674 3688 740 3732 non
762 3668 831 3753 agit
853 3687 915 3752 qua
938 3667 1091 3734 Viearius
1112 3668 1292 3743 Generalis,
1309 3666 1366 3732 sod

188 3811 251 3875 qua
272 3792 372 3857 iudex
395 3791 561 3879 delegatus
583 3797 617 3860 61
638 3792 770 3857 hincab
794 3812 833 3857 eo
857 3793 953 3859 datur
976 3792 1148 3878 appellatio
1172 3793 1213 3857 ad
1236 3792 1366 3878 Episco

187 3937 263 4003 pum
285 3917 500 4003 delegantem.

278 4044 428 4130 Delegari
445 4065 524 4109 vero
541 4049 646 4131 potest
660 4044 713 4109 vel
736 4064 830 4109 casus
853 4043 1035 4129 peculiaris,
1053 4046 1106 4110 vel
1122 4045 1277 4129 quaedam
1295 4044 1367 4108 uni·

187 4166 328 4231 versitas
352 4186 533 4232 causarum.

278 4290 409 4375 Species
431 4291 567 4357 alicuius
589 4290 729 4377 delegati
751 4290 791 4355 ad
814 4290 973 4376 quandam
997 4293 1242 4358 universitatem
1258 4310 1368 4359 causa·

187 4434 261 4481 rum
284 4424 334 4482 est
348 4416 502 4483 Vicarius
517 4417 694 4498 Foraneus,
718 4418 771 4483 cui
793 4416 962 4504 delegatur
978 4418 1031 4483 vel
1047 4423 1170 4485 tantum
1189 4417 1368 4485 iurisdictio
