3292 5109
294 264 361 331 296
821 285 906 333 anas
929 285 966 332 u.

294 406 392 475 habet
408 410 529 475 Paulus
546 410 594 475 111
613 408 655 498 (†
673 408 946 498 imminuunt.
965 409 1053 476 Cam
1073 409 1315 497 pravissimae:
1337 429 1379 473 en
1402 409 1475 475 eius

293 532 409 599 verba:
430 554 448 597 a
462 534 511 599 Ab
528 534 773 601 immemorabili
787 541 931 621 tempora
946 534 1038 608 citra,
1052 536 1085 599 in
1102 534 1358 621 expeditionibus
1374 534 1475 600 Litte-

294 676 407 723 rarum
424 657 685 743 Apostolicarum
708 678 790 743 quae
813 679 873 744 per
888 660 1124 725 Cancellariam
1143 658 1363 744 Apostolicam
1378 654 1471 738 flunt,

293 781 465 865 quaedam
479 778 596 864 forma
610 782 763 868 riporum
785 782 961 849 contineas
975 801 1018 848 ac
1032 787 1144 849 carme
1165 783 1273 867 stylus
1286 781 1363 847 iure
1377 799 1471 847 com-

291 906 390 971 mum‘
405 905 561 982 immitens,
577 906 675 993 longe
697 906 845 973 diversus
860 906 900 973 ab
916 908 1031 992 eisqui
1047 908 1081 971 iu
1101 904 1358 993 expeditionibus
1375 904 1474 971 Litte-

294 1052 405 1099 rarum
422 1035 679 1119 Apostolicorum
704 1034 889 1101 earumdem
912 1055 972 1121 per
988 1034 1158 1100 Gameram
1175 1034 1403 1119 Apostolicam,
1426 1032 1473 1097 la·

292 1162 409 1226 tiorem
425 1160 612 1227 facultatem
629 1163 718 1227 circa
732 1160 764 1225 id
781 1161 964 1243 habentem,
976 1167 1160 1234 servantur,
1173 1163 1281 1227 teneri
1295 1167 1328 1227 at
1343 1160 1474 1227 servari

293 1290 533 1351 consueverunt
553 1305 583 1350 ›.

381 1409 457 1475 243.
491 1410 565 1475 Huc
594 1415 784 1485 revocetur,
813 1410 847 1475 in
877 1408 1015 1476 Camere
1045 1409 1233 1494 Apostolica
1264 1400 1317 1493 (cf.
1351 1429 1383 1473 n.
1414 1408 1472 1494 81)

292 1534 522 1619 comprehendi
538 1535 611 1600 iura
623 1531 745 1600 fiscalia
760 1538 794 1601 et
809 1555 881 1599 cum
897 1535 1009 1620 primis
1024 1533 1334 1599 administrationem
1349 1536 1472 1599 aerarii

292 1658 384 1725 Sedis
408 1660 622 1743 Apostolicae.
657 1659 819 1734 Quocirca
853 1680 935 1745 pene
969 1659 1110 1744 quotidie
1134 1658 1318 1725 incidebant
1340 1662 1473 1746 negotia

291 1801 375 1867 quae
391 1782 624 1869 expedirentur
638 1804 698 1870 per
714 1784 839 1849 litteras
855 1784 1057 1871 Apostolicas
1076 1782 1220 1850 redditas
1234 1804 1308 1881 cum
1323 1785 1477 1849 solemni·

292 1906 411 1975 tatibus
446 1908 624 1975 Bullarum.
660 1910 786 1976 Verum
815 1910 890 1993 quia
919 1928 984 1974 non
1014 1909 1173 1995 agebatur
1195 1909 1236 1974 de
1262 1910 1302 1974 iis
1333 1911 1474 1996 negotiis

292 2052 375 2119 quae
397 2034 438 2101 ad
461 2036 697 2102 cancellariam
720 2042 885 2120 spectant,
908 2036 941 2100 vi
966 2036 1165 2121 Regularum
1188 2035 1303 2119 quibus
1323 2036 1395 2122 ipsa
1417 2056 1473 2101 re·

291 2158 388 2244 gitur,
413 2158 491 2223 hinc
514 2160 547 2224 in
570 2159 656 2245 stylo
679 2158 917 2245 expeditionum
937 2159 978 2224 ab
993 2158 1085 2225 hisce
1109 2159 1230 2245 regulis
1252 2158 1473 2225 recedendum

291 2286 373 2347 erat.
391 2281 580 2348 Alexander
596 2282 655 2355 Vl,
680 2302 731 2347 an.
750 2282 838 2348 1500
853 2283 990 2347 instituit
1009 2288 1197 2367 perpetuum
1217 2279 1367 2348 Officium
1383 2282 1473 2349 Sum·

291 2408 406 2472 mistae
429 2409 483 2491 qui
509 2411 640 2493 praeest
669 2407 741 2473 aliis
772 2406 962 2473 officialibus
984 2408 1038 2491 qui
1061 2406 1251 2473 incumbunt
1272 2405 1473 2493 expeditioni

291 2526 487 2595 Litterarum
503 2528 762 2613 Apostolicarum
774 2548 842 2611 per
861 2528 958 2594 Viam
972 2528 1015 2594 de
1034 2526 1189 2593 Gomara.
1208 2528 1358 2593 Habetur
1374 2531 1472 2594 etiam

292 2650 543 2718 Pr0mmmirta
581 2656 614 2715 et
648 2650 764 2715 adsunt
797 2652 851 2716 alii
890 2654 1032 2718 minores
1067 2649 1230 2717 officiales.
1271 2653 1365 2717 Nunc
1400 2658 1473 2738 post

290 2775 514 2841 Alexandrum
531 2776 627 2859 Vlll,
651 2798 702 2843 an.
723 2776 808 2842 1690
832 2778 988 2842 uniuntur
1003 2779 1036 2842 in
1052 2776 1163 2841 eodem
1181 2776 1346 2844 cardinali
1371 2776 1473 2842 Prae·

290 2901 375 2967 fecto
391 2901 614 2968 cancellariae
630 2922 745 2969 munus
770 2901 1044 2969 Vicecaacetlarii
1058 2907 1090 2968 ct
1105 2901 1312 2967 summistae
1319 2921 1334 2985 ,·
1357 2922 1472 2967 eorum

290 3028 376 3091 anim
406 3026 519 3093 divisio
544 3027 685 3093 faciliter
709 3028 942 3093 controversiis
976 3030 1180 3092 occasionem
1211 3026 1405 3113 praebebat,
1430 3028 1470 3093 ob

290 3152 510 3234 quaestionem
544 3151 640 3216 facila
675 3152 850 3216 excitatam
884 3152 918 3215 in
952 3170 1028 3215 casu
1063 3152 1253 3237 particulari
1287 3172 1406 3239 nempe
1428 3172 1470 3219 an

292 3276 406 3340 Bullae
429 3275 466 3341 m
491 3275 552 3341 Via
575 3276 618 3342 de
637 3276 851 3343 Cancellam'a
873 3275 927 3342 vel
942 3276 980 3341 im
1003 3276 1065 3343 Via
1088 3278 1132 3343 de
1150 3277 1298 3345 Cumara
1320 3278 1470 3365 expediri

290 3397 456 3463 deberent.
493 3399 636 3465 Proinde
669 3400 791 3465 factum
822 3404 934 3467 estut
963 3400 1116 3467 officiales
1145 3400 1259 3485 quibus
1282 3401 1471 3469 Summista

290 3526 492 3613 praepositus
510 3526 581 3608 fuit,
599 3532 833 3592 recenseantur
854 3528 941 3593 inter
963 3528 1044 3592 alios
1063 3528 1287 3594 Cancellariae
1303 3527 1470 3595 Officiales

291 3652 423 3735 eiusque
447 3649 554 3718 Officii
577 3652 677 3717 veluti
700 3652 879 3720 ordinarie
900 3656 1026 3738 partem
1049 3652 1183 3720 faciunt.

379 3775 456 3841 244.
480 3774 555 3841 Alia
576 3776 634 3840 oia
657 3774 871 3861 expeditionis
901 3775 1014 3841 Bullae
1037 3784 1087 3843 est
1108 3777 1166 3842 oia
1187 3783 1327 3844 secreta.
1361 3778 1469 3843 Etiam

290 3897 344 3963 hic
366 3898 478 3963 modus
501 3889 714 3983 expeditionis
738 3904 787 3965 est
810 3904 925 3964 contra
949 3900 1091 3985 Regulas
1115 3900 1357 3975 cancellariae.
1382 3902 1468 3969 uude

288 4024 460 4107 opponitur
475 4023 551 4089 aiae
569 4022 811 4089 Caracallariae.
837 4023 929 4089 Haec
945 4025 998 4090 via
1013 4044 1092 4089 vero
1108 4024 1227 4091 dicitur
1249 4034 1379 4091 secreta
1401 4046 1468 4092 non

289 4146 329 4213 ob
346 4148 514 4213 materiam
532 4148 698 4212 Bullarum
722 4167 804 4232 quae
820 4149 862 4213 sit
876 4153 1013 4230 secreta,
1030 4150 1086 4216 sed
1109 4152 1185 4235 quia
1205 4152 1316 4237 pratis
1338 4154 1468 4217 omnino

289 4274 367 4336 tunc
396 4270 619 4338 conceduntur
650 4270 764 4336 Bullae
794 4290 853 4335 seu
883 4275 972 4356 quasi
1004 4274 1217 4341 oeconomice
1246 4294 1314 4340 uon
1343 4276 1469 4340 exactis

288 4398 373 4461 taxis
389 4397 523 4483 aliisque
538 4396 683 4483 pluribus
698 4415 763 4461 non
779 4398 916 4461 servatis
931 4398 1187 4465 solemnitatibus
1201 4420 1221 4465 a
1238 4400 1372 4487 Regalis
1384 4398 1468 4467 Gan·
