<?xml version="1.0" encoding="UTF-8"?>
<!DOCTYPE html PUBLIC "-//W3C//DTD XHTML 1.0 Transitional//EN"
    "http://www.w3.org/TR/xhtml1/DTD/xhtml1-transitional.dtd">
<html xmlns="http://www.w3.org/1999/xhtml" xml:lang="en" lang="en">
 <head>
  <title>
</title>
<meta http-equiv="Content-Type" content="text/html;charset=utf-8" />
  <meta name='ocr-system' content='tesseract 3.04.00' />
  <meta name='ocr-capabilities' content='ocr_page ocr_carea ocr_par ocr_line ocrx_word'/>
</head>
<body>
  <div class='ocr_page' id='page_1' title='image "./praelectionesin03legagoog_0289.png"; bbox 0 0 3292 5109; ppageno 0'>
   <div class='ocr_carea' id='block_1_1' title="bbox 503 280 997 329">
    <p class='ocr_par' dir='ltr' id='par_1_1' title="bbox 503 280 997 329">
     <span class='ocr_line' id='line_1_1' title="bbox 503 280 997 329; baseline -0.002 0"><span class='ocrx_word' id='word_1_1' title='bbox 503 282 547 329; x_wconf 81' lang='lat' dir='ltr'>DE</span> <span class='ocrx_word' id='word_1_2' title='bbox 570 280 709 329; x_wconf 84' lang='lat' dir='ltr'>IUDlCllS</span> <span class='ocrx_word' id='word_1_3' title='bbox 732 280 997 328; x_wconf 78' lang='lat' dir='ltr'>ECCLESIASTICIS</span> 
     </span>
    </p>
   </div>
   <div class='ocr_carea' id='block_1_2' title="bbox 450 527 1075 611">
    <p class='ocr_par' dir='ltr' id='par_1_2' title="bbox 450 527 1075 611">
     <span class='ocr_line' id='line_1_2' title="bbox 450 527 1075 611; baseline 0.003 -20"><span class='ocrx_word' id='word_1_4' title='bbox 450 527 473 609; x_wconf 63' lang='grc' dir='ltr'><strong>ἓ</strong></span> <span class='ocrx_word' id='word_1_5' title='bbox 498 528 527 591; x_wconf 90' lang='lat' dir='ltr'>l.</span> <span class='ocrx_word' id='word_1_6' title='bbox 558 527 610 593; x_wconf 87' lang='lat' dir='ltr'>De</span> <span class='ocrx_word' id='word_1_7' title='bbox 635 527 849 595; x_wconf 80' lang='lat' dir='ltr'>Cancetlam&#39;a</span> <span class='ocrx_word' id='word_1_8' title='bbox 870 528 1075 611; x_wconf 82' lang='lat' dir='ltr'>Apostolica.</span> 
     </span>
    </p>
   </div>
   <div class='ocr_carea' id='block_1_3' title="bbox 178 768 1357 1255">
    <p class='ocr_par' dir='ltr' id='par_1_3' title="bbox 178 768 1357 1255">
     <span class='ocr_line' id='line_1_3' title="bbox 178 768 1356 843; baseline -0.001 -16"><span class='ocrx_word' id='word_1_9' title='bbox 178 768 394 827; x_wconf 71' lang='lat' dir='ltr'>Summanum.</span> <span class='ocrx_word' id='word_1_10' title='bbox 411 801 448 813; x_wconf 96' lang='lat'><em>-</em></span> <span class='ocrx_word' id='word_1_11' title='bbox 466 772 526 827; x_wconf 89' lang='grc'><strong>235.</strong></span> <span class='ocrx_word' id='word_1_12' title='bbox 547 773 586 828; x_wconf 88' lang='lat' dir='ltr'>lle</span> <span class='ocrx_word' id='word_1_13' title='bbox 598 790 713 828; x_wconf 87' lang='lat' dir='ltr'>munere</span> <span class='ocrx_word' id='word_1_14' title='bbox 726 773 804 827; x_wconf 87' lang='lat' dir='ltr'>Card.</span> <span class='ocrx_word' id='word_1_15' title='bbox 820 773 1079 829; x_wconf 85' lang='lat' dir='ltr'>llice-Cancellarii.</span> <span class='ocrx_word' id='word_1_16' title='bbox 1097 800 1134 815; x_wconf 90' lang='lat'><em>-</em></span> <span class='ocrx_word' id='word_1_17' title='bbox 1152 774 1213 829; x_wconf 87' lang='grc'><strong>236.</strong></span> <span class='ocrx_word' id='word_1_18' title='bbox 1227 771 1356 843; x_wconf 85' lang='lat' dir='ltr'>Regulae</span> 
     </span>
     <span class='ocr_line' id='line_1_4' title="bbox 266 875 1354 950; baseline 0.003 -21"><span class='ocrx_word' id='word_1_19' title='bbox 266 875 472 943; x_wconf 81' lang='lat' dir='ltr'>Cancellariae3</span> <span class='ocrx_word' id='word_1_20' title='bbox 498 895 593 933; x_wconf 86' lang='lat' dir='ltr'>aarum</span> <span class='ocrx_word' id='word_1_21' title='bbox 618 880 768 935; x_wconf 87' lang='lat' dir='ltr'>obiectum.</span> <span class='ocrx_word' id='word_1_22' title='bbox 794 880 881 949; x_wconf 85' lang='lat' dir='ltr'>Origo</span> <span class='ocrx_word' id='word_1_23' title='bbox 899 878 1029 934; x_wconf 84' lang='lat' dir='ltr'>Deteriae</span> <span class='ocrx_word' id='word_1_24' title='bbox 1054 880 1168 950; x_wconf 85' lang='lat' dir='ltr'>eiusque</span> <span class='ocrx_word' id='word_1_25' title='bbox 1190 896 1299 933; x_wconf 89' lang='lat' dir='ltr'>munus.</span> <span class='ocrx_word' id='word_1_26' title='bbox 1317 907 1354 919; x_wconf 92' lang='lat'>—</span> 
     </span>
     <span class='ocr_line' id='line_1_5' title="bbox 266 983 1356 1055; baseline 0.002 -18"><span class='ocrx_word' id='word_1_27' title='bbox 266 983 327 1037; x_wconf 85' lang='grc'><strong>237.</strong></span> <span class='ocrx_word' id='word_1_28' title='bbox 349 986 387 1039; x_wconf 85' lang='grc'>06</span> <span class='ocrx_word' id='word_1_29' title='bbox 405 986 502 1039; x_wconf 87' lang='lat' dir='ltr'>Officio</span> <span class='ocrx_word' id='word_1_30' title='bbox 523 986 651 1041; x_wconf 81' lang='lat' dir='ltr'>Gereatis</span> <span class='ocrx_word' id='word_1_31' title='bbox 676 986 868 1042; x_wconf 77' lang='lat' dir='ltr'>cancellariae</span> <span class='ocrx_word' id='word_1_32' title='bbox 893 987 922 1040; x_wconf 91' lang='lat' dir='ltr'>in</span> <span class='ocrx_word' id='word_1_33' title='bbox 946 986 1123 1055; x_wconf 76' lang='lat' dir='ltr'>expeditione</span> <span class='ocrx_word' id='word_1_34' title='bbox 1148 985 1301 1041; x_wconf 84' lang='lat' dir='ltr'>Bullarum.</span> <span class='ocrx_word' id='word_1_35' title='bbox 1319 1014 1356 1027; x_wconf 96' lang='lat'><em>-</em></span> 
     </span>
     <span class='ocr_line' id='line_1_6' title="bbox 267 1089 1357 1163; baseline 0.002 -20"><span class='ocrx_word' id='word_1_36' title='bbox 267 1089 328 1143; x_wconf 97' lang='grc'><strong>238.</strong></span> <span class='ocrx_word' id='word_1_37' title='bbox 348 1090 504 1162; x_wconf 80' lang='lat' dir='ltr'>Collegium</span> <span class='ocrx_word' id='word_1_38' title='bbox 530 1092 763 1147; x_wconf 82' lang='lat' dir='ltr'>Abbreviatornm</span> <span class='ocrx_word' id='word_1_39' title='bbox 789 1093 825 1146; x_wconf 84' lang='lat' dir='ltr'>de</span> <span class='ocrx_word' id='word_1_40' title='bbox 847 1109 935 1163; x_wconf 84' lang='lat' dir='ltr'>parco</span> <span class='ocrx_word' id='word_1_41' title='bbox 959 1093 1074 1146; x_wconf 72' lang='lat' dir='ltr'>aratore.</span> <span class='ocrx_word' id='word_1_42' title='bbox 1100 1120 1134 1133; x_wconf 94' lang='lat'><em>-</em></span> <span class='ocrx_word' id='word_1_43' title='bbox 1159 1090 1219 1145; x_wconf 83' lang='grc'><strong>239.</strong></span> <span class='ocrx_word' id='word_1_44' title='bbox 1242 1091 1357 1162; x_wconf 85' lang='lat' dir='ltr'>Deposi-</span> 
     </span>
     <span class='ocr_line' id='line_1_7' title="bbox 268 1191 1354 1255; baseline 0.004 -5"><span class='ocrx_word' id='word_1_45' title='bbox 268 1197 356 1251; x_wconf 88' lang='lat' dir='ltr'>tarius</span> <span class='ocrx_word' id='word_1_46' title='bbox 375 1191 519 1254; x_wconf 81' lang='lat' dir='ltr'>Generalis</span> <span class='ocrx_word' id='word_1_47' title='bbox 538 1199 649 1253; x_wconf 90' lang='lat' dir='ltr'>Plumbi</span> <span class='ocrx_word' id='word_1_48' title='bbox 668 1203 698 1254; x_wconf 88' lang='lat' dir='ltr'>et</span> <span class='ocrx_word' id='word_1_49' title='bbox 717 1200 919 1255; x_wconf 85' lang='lat' dir='ltr'>Plumbalores.</span> <span class='ocrx_word' id='word_1_50' title='bbox 944 1230 978 1243; x_wconf 93' lang='lat'><em>-</em></span> <span class='ocrx_word' id='word_1_51' title='bbox 1003 1202 1064 1255; x_wconf 88' lang='grc'><strong>240.</strong></span> <span class='ocrx_word' id='word_1_52' title='bbox 1085 1200 1125 1255; x_wconf 89' lang='lat' dir='ltr'>De</span> <span class='ocrx_word' id='word_1_53' title='bbox 1143 1200 1246 1254; x_wconf 89' lang='lat' dir='ltr'>Officiis</span> <span class='ocrx_word' id='word_1_54' title='bbox 1264 1201 1354 1254; x_wconf 83' lang='lat' dir='ltr'>Vena·</span> 
     </span>
    </p>
   </div>
   <div class='ocr_carea' id='block_1_4' title="bbox 269 1304 1407 1481">
    <p class='ocr_par' dir='ltr' id='par_1_4' title="bbox 269 1304 1407 1481">
     <span class='ocr_line' id='line_1_8' title="bbox 271 1304 1355 1376; baseline 0.002 -19"><span class='ocrx_word' id='word_1_55' title='bbox 271 1304 344 1358; x_wconf 84' lang='lat' dir='ltr'>libus</span> <span class='ocrx_word' id='word_1_56' title='bbox 364 1306 548 1360; x_wconf 73' lang='lat' dir='ltr'>Vacabrtibas.</span> <span class='ocrx_word' id='word_1_57' title='bbox 560 1335 597 1347; x_wconf 90' lang='lat'>-</span> <span class='ocrx_word' id='word_1_58' title='bbox 609 1306 669 1360; x_wconf 88' lang='grc'><strong>241.</strong></span> <span class='ocrx_word' id='word_1_59' title='bbox 690 1306 747 1361; x_wconf 91' lang='lat' dir='ltr'>Leo</span> <span class='ocrx_word' id='word_1_60' title='bbox 760 1306 825 1360; x_wconf 86' lang='lat' dir='ltr'>Xlll</span> <span class='ocrx_word' id='word_1_61' title='bbox 843 1307 991 1376; x_wconf 82' lang='lat' dir='ltr'>abrogavit</span> <span class='ocrx_word' id='word_1_62' title='bbox 1010 1308 1038 1361; x_wconf 94' lang='lat' dir='ltr'>in</span> <span class='ocrx_word' id='word_1_63' title='bbox 1057 1307 1146 1361; x_wconf 89' lang='lat' dir='ltr'>Bullis</span> <span class='ocrx_word' id='word_1_64' title='bbox 1164 1306 1355 1361; x_wconf 82' lang='lat' dir='ltr'>characterem</span> 
     </span>
     <span class='ocr_line' id='line_1_9' title="bbox 269 1408 1407 1481; baseline -0.001 -19"><span class='ocrx_word' id='word_1_65' title='bbox 269 1408 450 1463; x_wconf 87' lang='lat' dir='ltr'>teutonicum.</span> <span class='ocrx_word' id='word_1_66' title='bbox 475 1408 606 1479; x_wconf 78' lang='lat' dir='ltr'>Sigillum</span> <span class='ocrx_word' id='word_1_67' title='bbox 632 1411 708 1465; x_wconf 89' lang='lat' dir='ltr'>rubri</span> <span class='ocrx_word' id='word_1_68' title='bbox 734 1410 835 1464; x_wconf 86' lang='lat' dir='ltr'>coloris</span> <span class='ocrx_word' id='word_1_69' title='bbox 859 1410 1005 1465; x_wconf 80' lang='lat' dir='ltr'>substituit</span> <span class='ocrx_word' id='word_1_70' title='bbox 1028 1409 1159 1481; x_wconf 90' lang='lat' dir='ltr'>plumbeo</span> <span class='ocrx_word' id='word_1_71' title='bbox 1177 1412 1205 1464; x_wconf 95' lang='lat' dir='ltr'>in</span> <span class='ocrx_word' id='word_1_72' title='bbox 1227 1410 1359 1464; x_wconf 82' lang='lat' dir='ltr'>omnibus</span> <span class='ocrx_word' id='word_1_73' title='bbox 1401 1428 1407 1440; x_wconf 86' lang='lat'><strong>·</strong></span> 
     </span>
    </p>
   </div>
   <div class='ocr_carea' id='block_1_5' title="bbox 269 1514 1423 2859">
    <p class='ocr_par' dir='ltr' id='par_1_5' title="bbox 269 1514 1423 2859">
     <span class='ocr_line' id='line_1_10' title="bbox 270 1514 1358 1589; baseline 0 -20"><span class='ocrx_word' id='word_1_74' title='bbox 270 1514 365 1582; x_wconf 82' lang='lat' dir='ltr'>Bullia,</span> <span class='ocrx_word' id='word_1_75' title='bbox 375 1516 411 1570; x_wconf 88' lang='lat' dir='ltr'>iis</span> <span class='ocrx_word' id='word_1_76' title='bbox 423 1517 547 1587; x_wconf 85' lang='lat' dir='ltr'>exceptis</span> <span class='ocrx_word' id='word_1_77' title='bbox 557 1518 657 1589; x_wconf 82' lang='lat' dir='ltr'>quibus</span> <span class='ocrx_word' id='word_1_78' title='bbox 669 1519 850 1573; x_wconf 83' lang='lat' dir='ltr'>conteruntur</span> <span class='ocrx_word' id='word_1_79' title='bbox 862 1517 999 1572; x_wconf 87' lang='lat' dir='ltr'>beneficia</span> <span class='ocrx_word' id='word_1_80' title='bbox 1011 1518 1124 1571; x_wconf 87' lang='lat' dir='ltr'>maiora.</span> <span class='ocrx_word' id='word_1_81' title='bbox 1137 1546 1174 1558; x_wconf 90' lang='lat'>-</span> <span class='ocrx_word' id='word_1_82' title='bbox 1186 1518 1247 1571; x_wconf 90' lang='grc'><strong>242.</strong></span> <span class='ocrx_word' id='word_1_83' title='bbox 1257 1514 1358 1571; x_wconf 90' lang='lat' dir='ltr'>Bullae</span> 
     </span>
     <span class='ocr_line' id='line_1_11' title="bbox 269 1621 1356 1695; baseline -0.001 -18"><span class='ocrx_word' id='word_1_84' title='bbox 269 1621 455 1691; x_wconf 84' lang='lat' dir='ltr'>expediuntur</span> <span class='ocrx_word' id='word_1_85' title='bbox 468 1622 540 1679; x_wconf 88' lang='lat' dir='ltr'>aliae</span> <span class='ocrx_word' id='word_1_86' title='bbox 550 1640 606 1695; x_wconf 89' lang='lat' dir='ltr'>per</span> <span class='ocrx_word' id='word_1_87' title='bbox 618 1626 693 1678; x_wconf 83' lang='lat' dir='ltr'>eiam</span> <span class='ocrx_word' id='word_1_88' title='bbox 709 1624 912 1690; x_wconf 60' lang='lat' dir='ltr'>&amp;mellariae</span> <span class='ocrx_word' id='word_1_89' title='bbox 928 1624 1001 1679; x_wconf 88' lang='lat' dir='ltr'>aliae</span> <span class='ocrx_word' id='word_1_90' title='bbox 1016 1642 1072 1695; x_wconf 82' lang='lat' dir='ltr'>per</span> <span class='ocrx_word' id='word_1_91' title='bbox 1089 1626 1164 1678; x_wconf 83' lang='lat' dir='ltr'>viam</span> <span class='ocrx_word' id='word_1_92' title='bbox 1182 1626 1218 1679; x_wconf 86' lang='lat' dir='ltr'>de</span> <span class='ocrx_word' id='word_1_93' title='bbox 1231 1625 1356 1679; x_wconf 60' lang='lat' dir='ltr'>cancere</span> 
     </span>
     <span class='ocr_line' id='line_1_12' title="bbox 271 1726 1359 1799; baseline 0.004 -20"><span class='ocrx_word' id='word_1_94' title='bbox 271 1756 305 1769; x_wconf 92' lang='lat'>-</span> <span class='ocrx_word' id='word_1_95' title='bbox 324 1726 384 1781; x_wconf 91' lang='grc'><strong>243.</strong></span> <span class='ocrx_word' id='word_1_96' title='bbox 405 1726 635 1797; x_wconf 84' lang='lat' dir='ltr'>Expeditionibas</span> <span class='ocrx_word' id='word_1_97' title='bbox 654 1728 798 1783; x_wconf 88' lang='lat' dir='ltr'>Bullarum</span> <span class='ocrx_word' id='word_1_98' title='bbox 807 1746 864 1799; x_wconf 86' lang='lat' dir='ltr'>per</span> <span class='ocrx_word' id='word_1_99' title='bbox 876 1731 950 1783; x_wconf 82' lang='lat' dir='ltr'>aiam</span> <span class='ocrx_word' id='word_1_100' title='bbox 968 1733 1004 1784; x_wconf 88' lang='lat' dir='ltr'>de</span> <span class='ocrx_word' id='word_1_101' title='bbox 1020 1729 1137 1783; x_wconf 81' lang='lat' dir='ltr'>Camere</span> <span class='ocrx_word' id='word_1_102' title='bbox 1153 1733 1264 1798; x_wconf 89' lang='lat' dir='ltr'>praeest</span> <span class='ocrx_word' id='word_1_103' title='bbox 1276 1728 1359 1783; x_wconf 88' lang='lat' dir='ltr'>Vice-</span> 
     </span>
     <span class='ocr_line' id='line_1_13' title="bbox 272 1834 1360 1908; baseline 0 -19"><span class='ocrx_word' id='word_1_104' title='bbox 272 1834 457 1891; x_wconf 84' lang='lat' dir='ltr'>cancellarius</span> <span class='ocrx_word' id='word_1_105' title='bbox 481 1854 536 1908; x_wconf 90' lang='lat' dir='ltr'>qua</span> <span class='ocrx_word' id='word_1_106' title='bbox 555 1838 714 1891; x_wconf 79' lang='lat' dir='ltr'>Summista.</span> <span class='ocrx_word' id='word_1_107' title='bbox 737 1865 773 1879; x_wconf 91' lang='lat'><em>-</em></span> <span class='ocrx_word' id='word_1_108' title='bbox 797 1837 859 1891; x_wconf 93' lang='grc'><strong>244.</strong></span> <span class='ocrx_word' id='word_1_109' title='bbox 885 1836 1026 1897; x_wconf 86' lang='lat' dir='ltr'>Quaenam</span> <span class='ocrx_word' id='word_1_110' title='bbox 1044 1835 1143 1892; x_wconf 90' lang='lat' dir='ltr'>Bullae</span> <span class='ocrx_word' id='word_1_111' title='bbox 1168 1841 1197 1891; x_wconf 87' lang='lat' dir='ltr'>et</span> <span class='ocrx_word' id='word_1_112' title='bbox 1221 1835 1360 1907; x_wconf 90' lang='lat' dir='ltr'>quomodo</span> 
     </span>
     <span class='ocr_line' id='line_1_14' title="bbox 272 1942 1358 2015; baseline 0.001 -18"><span class='ocrx_word' id='word_1_113' title='bbox 272 1942 455 2011; x_wconf 85' lang='lat' dir='ltr'>expediantur</span> <span class='ocrx_word' id='word_1_114' title='bbox 471 1962 525 2015; x_wconf 85' lang='lat' dir='ltr'>per</span> <span class='ocrx_word' id='word_1_115' title='bbox 543 1946 618 1997; x_wconf 85' lang='lat' dir='ltr'>viam</span> <span class='ocrx_word' id='word_1_116' title='bbox 636 1954 781 1999; x_wconf 84' lang='lat' dir='ltr'>secretam.</span> <span class='ocrx_word' id='word_1_117' title='bbox 807 1972 842 1984; x_wconf 92' lang='lat'><em>-</em></span> <span class='ocrx_word' id='word_1_118' title='bbox 865 1943 926 1997; x_wconf 91' lang='grc'><strong>245.</strong></span> <span class='ocrx_word' id='word_1_119' title='bbox 952 1943 1052 1998; x_wconf 87' lang='lat' dir='ltr'>Bullae</span> <span class='ocrx_word' id='word_1_120' title='bbox 1071 1944 1254 2014; x_wconf 88' lang='lat' dir='ltr'>expediuntur</span> <span class='ocrx_word' id='word_1_121' title='bbox 1273 1944 1358 1998; x_wconf 89' lang='lat' dir='ltr'>etiam</span> 
     </span>
     <span class='ocr_line' id='line_1_15' title="bbox 270 2052 1359 2123; baseline 0.002 -18"><span class='ocrx_word' id='word_1_122' title='bbox 270 2068 323 2121; x_wconf 82' lang='lat' dir='ltr'>per</span> <span class='ocrx_word' id='word_1_123' title='bbox 341 2054 416 2105; x_wconf 84' lang='lat' dir='ltr'>aiam</span> <span class='ocrx_word' id='word_1_124' title='bbox 434 2056 470 2107; x_wconf 87' lang='lat' dir='ltr'>de</span> <span class='ocrx_word' id='word_1_125' title='bbox 486 2053 629 2107; x_wconf 83' lang='lat' dir='ltr'>Curia-</span> <span class='ocrx_word' id='word_1_126' title='bbox 645 2053 705 2107; x_wconf 93' lang='grc'><strong>246.</strong></span> <span class='ocrx_word' id='word_1_127' title='bbox 727 2053 843 2107; x_wconf 86' lang='lat' dir='ltr'>Praeter</span> <span class='ocrx_word' id='word_1_128' title='bbox 861 2053 972 2108; x_wconf 88' lang='lat' dir='ltr'>modurn</span> <span class='ocrx_word' id='word_1_129' title='bbox 991 2052 1183 2123; x_wconf 77' lang='lat' dir='ltr'>expeditionis,</span> <span class='ocrx_word' id='word_1_130' title='bbox 1203 2052 1301 2107; x_wconf 88' lang='lat' dir='ltr'>Bullae</span> <span class='ocrx_word' id='word_1_131' title='bbox 1319 2053 1359 2107; x_wconf 93' lang='lat' dir='ltr'>di·</span> 
     </span>
     <span class='ocr_line' id='line_1_16' title="bbox 273 2131 1423 2234; baseline 0.001 -19"><span class='ocrx_word' id='word_1_132' title='bbox 273 2161 472 2216; x_wconf 76' lang='lat' dir='ltr'>acriminantur</span> <span class='ocrx_word' id='word_1_133' title='bbox 491 2162 575 2216; x_wconf 89' lang='lat' dir='ltr'>etiam</span> <span class='ocrx_word' id='word_1_134' title='bbox 595 2166 704 2217; x_wconf 81' lang='lat' dir='ltr'>ratione</span> <span class='ocrx_word' id='word_1_135' title='bbox 718 2166 830 2234; x_wconf 77' lang='lat' dir='ltr'>formae</span> <span class='ocrx_word' id='word_1_136' title='bbox 842 2179 897 2233; x_wconf 91' lang='lat' dir='ltr'>qua</span> <span class='ocrx_word' id='word_1_137' title='bbox 910 2162 1113 2231; x_wconf 90' lang='lat' dir='ltr'>concipiuntur.</span> <span class='ocrx_word' id='word_1_138' title='bbox 1133 2190 1167 2203; x_wconf 92' lang='lat'><em>-</em></span> <span class='ocrx_word' id='word_1_139' title='bbox 1185 2161 1246 2214; x_wconf 83' lang='grc'><strong>247.</strong></span> <span class='ocrx_word' id='word_1_140' title='bbox 1260 2161 1361 2217; x_wconf 89' lang='lat' dir='ltr'>Bullae</span> <span class='ocrx_word' id='word_1_141' title='bbox 1420 2131 1423 2138; x_wconf 32' lang='lat'><strong>⁴</strong></span> 
     </span>
     <span class='ocr_line' id='line_1_17' title="bbox 271 2266 1359 2337; baseline -0.002 -16"><span class='ocrx_word' id='word_1_142' title='bbox 271 2267 482 2337; x_wconf 78' lang='lat' dir='ltr'>distinguuntur</span> <span class='ocrx_word' id='word_1_143' title='bbox 502 2285 519 2323; x_wconf 90' lang='lat' dir='ltr'>a</span> <span class='ocrx_word' id='word_1_144' title='bbox 538 2269 680 2324; x_wconf 83' lang='lat' dir='ltr'>Breribus.</span> <span class='ocrx_word' id='word_1_145' title='bbox 706 2298 740 2311; x_wconf 93' lang='lat'><em>-</em></span> <span class='ocrx_word' id='word_1_146' title='bbox 765 2268 826 2321; x_wconf 89' lang='grc'><strong>248.</strong></span> <span class='ocrx_word' id='word_1_147' title='bbox 846 2267 912 2321; x_wconf 89' lang='lat' dir='ltr'>Tria</span> <span class='ocrx_word' id='word_1_148' title='bbox 929 2267 1069 2324; x_wconf 87' lang='lat' dir='ltr'>habentur</span> <span class='ocrx_word' id='word_1_149' title='bbox 1093 2267 1189 2322; x_wconf 89' lang='lat' dir='ltr'>Officia</span> <span class='ocrx_word' id='word_1_150' title='bbox 1214 2266 1359 2321; x_wconf 82' lang='lat' dir='ltr'>Brevium:</span> 
     </span>
     <span class='ocr_line' id='line_1_18' title="bbox 275 2372 1363 2443; baseline 0.001 -18"><span class='ocrx_word' id='word_1_151' title='bbox 275 2373 301 2440; x_wconf 90' lang='grc'>1)</span> <span class='ocrx_word' id='word_1_152' title='bbox 326 2372 483 2428; x_wconf 78' lang='lat' dir='ltr'>secretaria</span> <span class='ocrx_word' id='word_1_153' title='bbox 510 2374 639 2429; x_wconf 86' lang='lat' dir='ltr'>Brevium</span> <span class='ocrx_word' id='word_1_154' title='bbox 665 2373 856 2439; x_wconf 89' lang='lat' dir='ltr'>Secretorum;</span> <span class='ocrx_word' id='word_1_155' title='bbox 885 2374 913 2443; x_wconf 90' lang='grc'><strong>2)</strong></span> <span class='ocrx_word' id='word_1_156' title='bbox 938 2374 1064 2427; x_wconf 88' lang='lat' dir='ltr'>Officium</span> <span class='ocrx_word' id='word_1_157' title='bbox 1084 2378 1112 2427; x_wconf 90' lang='lat' dir='ltr'>et</span> <span class='ocrx_word' id='word_1_158' title='bbox 1137 2372 1203 2427; x_wconf 88' lang='lat' dir='ltr'>hinc</span> <span class='ocrx_word' id='word_1_159' title='bbox 1227 2372 1363 2427; x_wconf 80' lang='grc'><strong>0414646146</strong></span> 
     </span>
     <span class='ocr_line' id='line_1_19' title="bbox 273 2480 1363 2551; baseline 0.001 -18"><span class='ocrx_word' id='word_1_160' title='bbox 273 2480 403 2535; x_wconf 82' lang='lat' dir='ltr'>Brevium</span> <span class='ocrx_word' id='word_1_161' title='bbox 417 2482 446 2535; x_wconf 91' lang='lat' dir='ltr'>in</span> <span class='ocrx_word' id='word_1_162' title='bbox 460 2481 587 2547; x_wconf 79' lang='lat' dir='ltr'>Deteria3</span> <span class='ocrx_word' id='word_1_163' title='bbox 606 2482 635 2551; x_wconf 89' lang='lat'>3)</span> <span class='ocrx_word' id='word_1_164' title='bbox 655 2482 811 2539; x_wconf 85' lang='lat' dir='ltr'>Secretaria</span> <span class='ocrx_word' id='word_1_165' title='bbox 824 2482 954 2538; x_wconf 87' lang='lat' dir='ltr'>Brevium</span> <span class='ocrx_word' id='word_1_166' title='bbox 967 2481 1002 2535; x_wconf 90' lang='lat' dir='ltr'>ad</span> <span class='ocrx_word' id='word_1_167' title='bbox 1018 2482 1169 2551; x_wconf 84' lang='lat' dir='ltr'>Principes.</span> <span class='ocrx_word' id='word_1_168' title='bbox 1187 2510 1224 2523; x_wconf 93' lang='lat'>-</span> <span class='ocrx_word' id='word_1_169' title='bbox 1242 2482 1304 2535; x_wconf 87' lang='grc'><strong>249.</strong></span> <span class='ocrx_word' id='word_1_170' title='bbox 1320 2481 1363 2535; x_wconf 90' lang='lat' dir='ltr'>De</span> 
     </span>
     <span class='ocr_line' id='line_1_20' title="bbox 275 2589 1361 2661; baseline 0 -17"><span class='ocrx_word' id='word_1_171' title='bbox 275 2592 462 2661; x_wconf 89' lang='lat' dir='ltr'>competentia</span> <span class='ocrx_word' id='word_1_172' title='bbox 487 2596 546 2645; x_wconf 89' lang='lat' dir='ltr'>tum</span> <span class='ocrx_word' id='word_1_173' title='bbox 570 2590 743 2646; x_wconf 87' lang='lat' dir='ltr'>Secretariae</span> <span class='ocrx_word' id='word_1_174' title='bbox 763 2591 892 2645; x_wconf 88' lang='lat' dir='ltr'>Brevium</span> <span class='ocrx_word' id='word_1_175' title='bbox 912 2591 1087 2646; x_wconf 79' lang='lat' dir='ltr'>Secretonnn</span> <span class='ocrx_word' id='word_1_176' title='bbox 1108 2596 1168 2643; x_wconf 92' lang='lat' dir='ltr'>tum</span> <span class='ocrx_word' id='word_1_177' title='bbox 1186 2589 1275 2643; x_wconf 90' lang='lat' dir='ltr'>Officii</span> <span class='ocrx_word' id='word_1_178' title='bbox 1294 2591 1361 2644; x_wconf 91' lang='lat' dir='ltr'>Bre-</span> 
     </span>
     <span class='ocr_line' id='line_1_21' title="bbox 273 2694 1361 2753; baseline -0.002 -3"><span class='ocrx_word' id='word_1_179' title='bbox 273 2698 350 2751; x_wconf 86' lang='lat' dir='ltr'>vium</span> <span class='ocrx_word' id='word_1_180' title='bbox 363 2698 391 2750; x_wconf 91' lang='lat' dir='ltr'>in</span> <span class='ocrx_word' id='word_1_181' title='bbox 406 2696 520 2751; x_wconf 88' lang='lat' dir='ltr'>Dataria</span> <span class='ocrx_word' id='word_1_182' title='bbox 532 2714 567 2753; x_wconf 89' lang='lat' dir='ltr'>ex</span> <span class='ocrx_word' id='word_1_183' title='bbox 581 2697 674 2752; x_wconf 86' lang='lat' dir='ltr'>const.</span> <span class='ocrx_word' id='word_1_184' title='bbox 685 2710 703 2753; x_wconf 73' lang='lat' dir='ltr'>t&lt;</span> <span class='ocrx_word' id='word_1_185' title='bbox 719 2698 922 2753; x_wconf 82' lang='lat' dir='ltr'>Gravissimum</span> <span class='ocrx_word' id='word_1_186' title='bbox 934 2698 1109 2752; x_wconf 79' lang='lat' dir='ltr'>Ecclesiae»</span> <span class='ocrx_word' id='word_1_187' title='bbox 1122 2696 1222 2752; x_wconf 88' lang='lat' dir='ltr'>Bened.</span> <span class='ocrx_word' id='word_1_188' title='bbox 1237 2694 1311 2750; x_wconf 86' lang='lat' dir='ltr'>XIV.</span> <span class='ocrx_word' id='word_1_189' title='bbox 1326 2724 1361 2739; x_wconf 88' lang='lat'>-</span> 
     </span>
     <span class='ocr_line' id='line_1_22' title="bbox 275 2800 1363 2859; baseline -0.001 -2"><span class='ocrx_word' id='word_1_190' title='bbox 275 2803 337 2857; x_wconf 88' lang='grc'><strong>250.</strong></span> <span class='ocrx_word' id='word_1_191' title='bbox 358 2803 397 2856; x_wconf 83' lang='grc'>06</span> <span class='ocrx_word' id='word_1_192' title='bbox 416 2800 573 2857; x_wconf 85' lang='grc'><strong>8664646446</strong></span> <span class='ocrx_word' id='word_1_193' title='bbox 592 2802 722 2857; x_wconf 86' lang='lat' dir='ltr'>Brevium</span> <span class='ocrx_word' id='word_1_194' title='bbox 742 2803 926 2859; x_wconf 89' lang='lat' dir='ltr'>Secretorum.</span> <span class='ocrx_word' id='word_1_195' title='bbox 952 2830 986 2843; x_wconf 93' lang='lat'><em>-</em></span> <span class='ocrx_word' id='word_1_196' title='bbox 1011 2802 1072 2855; x_wconf 87' lang='grc'><strong>251.</strong></span> <span class='ocrx_word' id='word_1_197' title='bbox 1094 2800 1270 2855; x_wconf 73' lang='grc'><strong>6604446614</strong></span> <span class='ocrx_word' id='word_1_198' title='bbox 1292 2802 1363 2856; x_wconf 90' lang='lat' dir='ltr'>Bre-</span> 
     </span>
    </p>
   </div>
   <div class='ocr_carea' id='block_1_6' title="bbox 276 2910 1281 2980">
    <p class='ocr_par' dir='ltr' id='par_1_6' title="bbox 276 2910 1281 2980">
     <span class='ocr_line' id='line_1_23' title="bbox 276 2910 1281 2980; baseline -0.002 -13"><span class='ocrx_word' id='word_1_199' title='bbox 276 2913 351 2967; x_wconf 87' lang='lat' dir='ltr'>vium</span> <span class='ocrx_word' id='word_1_200' title='bbox 370 2912 399 2965; x_wconf 90' lang='lat' dir='ltr'>in</span> <span class='ocrx_word' id='word_1_201' title='bbox 420 2910 541 2965; x_wconf 86' lang='lat' dir='ltr'>Dataria.</span> <span class='ocrx_word' id='word_1_202' title='bbox 561 2940 594 2953; x_wconf 95' lang='lat'><em>-</em></span> <span class='ocrx_word' id='word_1_203' title='bbox 613 2912 674 2965; x_wconf 88' lang='grc'><strong>252.</strong></span> <span class='ocrx_word' id='word_1_204' title='bbox 695 2911 734 2966; x_wconf 89' lang='lat' dir='ltr'>De</span> <span class='ocrx_word' id='word_1_205' title='bbox 753 2912 910 2966; x_wconf 87' lang='lat' dir='ltr'>Secretario</span> <span class='ocrx_word' id='word_1_206' title='bbox 929 2911 1057 2965; x_wconf 85' lang='lat' dir='ltr'>Brevium</span> <span class='ocrx_word' id='word_1_207' title='bbox 1077 2910 1111 2962; x_wconf 98' lang='grc'>64</span> <span class='ocrx_word' id='word_1_208' title='bbox 1131 2910 1281 2980; x_wconf 81' lang='lat' dir='ltr'>Principes</span> 
     </span>
    </p>
   </div>
   <div class='ocr_carea' id='block_1_7' title="bbox 186 3142 1368 4347">
    <p class='ocr_par' dir='ltr' id='par_1_7' title="bbox 186 3142 1368 4347">
     <span class='ocr_line' id='line_1_24' title="bbox 276 3142 1364 3228; baseline -0.003 -20"><span class='ocrx_word' id='word_1_209' title='bbox 276 3144 352 3209; x_wconf 81' lang='grc'><strong>235.</strong></span> <span class='ocrx_word' id='word_1_210' title='bbox 377 3144 419 3209; x_wconf 91' lang='lat' dir='ltr'>Ut</span> <span class='ocrx_word' id='word_1_211' title='bbox 435 3144 728 3228; x_wconf 85' lang='lat' dir='ltr'>praetermittamus</span> <span class='ocrx_word' id='word_1_212' title='bbox 751 3144 922 3208; x_wconf 89' lang='lat' dir='ltr'>historicas</span> <span class='ocrx_word' id='word_1_213' title='bbox 946 3142 1181 3227; x_wconf 86' lang='lat' dir='ltr'>disquisitiones</span> <span class='ocrx_word' id='word_1_214' title='bbox 1196 3144 1229 3206; x_wconf 92' lang='lat' dir='ltr'>in</span> <span class='ocrx_word' id='word_1_215' title='bbox 1245 3161 1364 3206; x_wconf 89' lang='lat' dir='ltr'>nomen</span> 
     </span>
     <span class='ocr_line' id='line_1_25' title="bbox 188 3266 1363 3360; baseline -0.004 -24"><span class='ocrx_word' id='word_1_216' title='bbox 188 3270 383 3337; x_wconf 82' lang='lat' dir='ltr'>Cancellarii</span> <span class='ocrx_word' id='word_1_217' title='bbox 408 3270 495 3360; x_wconf 86' lang='lat' dir='ltr'>etin</span> <span class='ocrx_word' id='word_1_218' title='bbox 519 3273 662 3333; x_wconf 85' lang='lat' dir='ltr'>veterem</span> <span class='ocrx_word' id='word_1_219' title='bbox 687 3270 873 3352; x_wconf 85' lang='lat' dir='ltr'>qualitatem</span> <span class='ocrx_word' id='word_1_220' title='bbox 896 3269 992 3334; x_wconf 90' lang='lat' dir='ltr'>huius</span> <span class='ocrx_word' id='word_1_221' title='bbox 1015 3267 1128 3341; x_wconf 85' lang='lat' dir='ltr'>officii,</span> <span class='ocrx_word' id='word_1_222' title='bbox 1153 3266 1290 3332; x_wconf 86' lang='lat' dir='ltr'>sufficiat</span> <span class='ocrx_word' id='word_1_223' title='bbox 1313 3268 1363 3331; x_wconf 92' lang='lat' dir='ltr'>in-</span> 
     </span>
     <span class='ocr_line' id='line_1_26' title="bbox 186 3394 1366 3479; baseline -0.004 -17"><span class='ocrx_word' id='word_1_224' title='bbox 186 3416 290 3462; x_wconf 89' lang='lat' dir='ltr'>nuere</span> <span class='ocrx_word' id='word_1_225' title='bbox 314 3396 505 3461; x_wconf 85' lang='lat' dir='ltr'>hodiernum</span> <span class='ocrx_word' id='word_1_226' title='bbox 530 3396 709 3462; x_wconf 87' lang='lat' dir='ltr'>Cardinalis</span> <span class='ocrx_word' id='word_1_227' title='bbox 730 3396 1019 3462; x_wconf 83' lang='lat' dir='ltr'>Viae-Cancellarii</span> <span class='ocrx_word' id='word_1_228' title='bbox 1042 3414 1156 3459; x_wconf 88' lang='lat' dir='ltr'>munus</span> <span class='ocrx_word' id='word_1_229' title='bbox 1178 3394 1366 3479; x_wconf 85' lang='lat' dir='ltr'>longissime</span> 
     </span>
     <span class='ocr_line' id='line_1_27' title="bbox 189 3515 1366 3603; baseline -0.003 -20"><span class='ocrx_word' id='word_1_230' title='bbox 189 3518 310 3585; x_wconf 86' lang='lat' dir='ltr'>distare</span> <span class='ocrx_word' id='word_1_231' title='bbox 332 3539 352 3582; x_wconf 89' lang='lat' dir='ltr'>a</span> <span class='ocrx_word' id='word_1_232' title='bbox 375 3522 561 3603; x_wconf 84' lang='lat' dir='ltr'>pervetusto</span> <span class='ocrx_word' id='word_1_233' title='bbox 584 3515 688 3583; x_wconf 86' lang='lat' dir='ltr'>officio</span> <span class='ocrx_word' id='word_1_234' title='bbox 706 3518 900 3582; x_wconf 72' lang='lat' dir='ltr'>cancellarii</span> <span class='ocrx_word' id='word_1_235' title='bbox 917 3518 1083 3581; x_wconf 83' lang='lat' dir='ltr'>Romanae</span> <span class='ocrx_word' id='word_1_236' title='bbox 1106 3515 1206 3582; x_wconf 89' lang='lat' dir='ltr'>Sedis.</span> <span class='ocrx_word' id='word_1_237' title='bbox 1231 3516 1366 3581; x_wconf 85' lang='lat' dir='ltr'>Etenim</span> 
     </span>
     <span class='ocr_line' id='line_1_28' title="bbox 189 3638 1365 3725; baseline -0.005 -18"><span class='ocrx_word' id='word_1_238' title='bbox 189 3644 221 3707; x_wconf 93' lang='lat' dir='ltr'>in</span> <span class='ocrx_word' id='word_1_239' title='bbox 238 3643 331 3707; x_wconf 89' lang='grc'><strong>66446</strong></span> <span class='ocrx_word' id='word_1_240' title='bbox 348 3642 494 3705; x_wconf 82' lang='lat' dir='ltr'>Romana</span> <span class='ocrx_word' id='word_1_241' title='bbox 509 3641 603 3705; x_wconf 88' lang='lat' dir='ltr'>huius</span> <span class='ocrx_word' id='word_1_242' title='bbox 627 3639 723 3705; x_wconf 88' lang='lat' dir='ltr'>officii</span> <span class='ocrx_word' id='word_1_243' title='bbox 746 3646 909 3706; x_wconf 88' lang='lat' dir='ltr'>structura</span> <span class='ocrx_word' id='word_1_244' title='bbox 929 3646 961 3707; x_wconf 88' lang='grc'>64</span> <span class='ocrx_word' id='word_1_245' title='bbox 980 3641 1166 3725; x_wconf 84' lang='lat' dir='ltr'>compositio</span> <span class='ocrx_word' id='word_1_246' title='bbox 1190 3638 1270 3703; x_wconf 89' lang='lat' dir='ltr'>adeo</span> <span class='ocrx_word' id='word_1_247' title='bbox 1294 3640 1365 3703; x_wconf 88' lang='lat' dir='ltr'>sim·</span> 
     </span>
     <span class='ocr_line' id='line_1_29' title="bbox 189 3745 1367 3850; baseline -0.003 -21"><span class='ocrx_word' id='word_1_248' title='bbox 189 3764 305 3849; x_wconf 88' lang='lat' dir='ltr'>plicior</span> <span class='ocrx_word' id='word_1_249' title='bbox 329 3768 458 3828; x_wconf 88' lang='grc'><strong>646464</strong></span> <span class='ocrx_word' id='word_1_250' title='bbox 482 3762 764 3829; x_wconf 84' lang='lat' dir='ltr'>Cancellariusea</span> <span class='ocrx_word' id='word_1_251' title='bbox 791 3764 898 3828; x_wconf 91' lang='lat' dir='ltr'>omnia</span> <span class='ocrx_word' id='word_1_252' title='bbox 925 3765 1054 3850; x_wconf 84' lang='lat' dir='ltr'>negotia</span> <span class='ocrx_word' id='word_1_253' title='bbox 1084 3745 1253 3847; x_wconf 80' lang='lat' dir='ltr'>expediret</span> <span class='ocrx_word' id='word_1_254' title='bbox 1284 3782 1367 3846; x_wconf 86' lang='lat' dir='ltr'>quae</span> 
     </span>
     <span class='ocr_line' id='line_1_30' title="bbox 191 3878 1367 3964; baseline -0.001 -10"><span class='ocrx_word' id='word_1_255' title='bbox 191 3910 278 3956; x_wconf 91' lang='lat' dir='ltr'>nunc</span> <span class='ocrx_word' id='word_1_256' title='bbox 301 3888 488 3956; x_wconf 85' lang='lat' dir='ltr'>dividuntur·</span> <span class='ocrx_word' id='word_1_257' title='bbox 512 3890 597 3954; x_wconf 90' lang='lat' dir='ltr'>inter</span> <span class='ocrx_word' id='word_1_258' title='bbox 620 3888 820 3955; x_wconf 86' lang='lat' dir='ltr'>Secretarias</span> <span class='ocrx_word' id='word_1_259' title='bbox 836 3895 868 3953; x_wconf 89' lang='lat' dir='ltr'>et</span> <span class='ocrx_word' id='word_1_260' title='bbox 891 3887 1015 3955; x_wconf 87' lang='lat' dir='ltr'>Officia.</span> <span class='ocrx_word' id='word_1_261' title='bbox 1041 3878 1202 3964; x_wconf 75' lang='lat' dir='ltr'>Quocirca</span> <span class='ocrx_word' id='word_1_262' title='bbox 1225 3890 1367 3953; x_wconf 89' lang='lat' dir='ltr'>omnium</span> 
     </span>
     <span class='ocr_line' id='line_1_31' title="bbox 192 4012 1368 4099; baseline 0.001 -22"><span class='ocrx_word' id='word_1_263' title='bbox 192 4013 262 4078; x_wconf 86' lang='lat' dir='ltr'>fere</span> <span class='ocrx_word' id='word_1_264' title='bbox 291 4014 546 4097; x_wconf 89' lang='lat' dir='ltr'>antiquissimum</span> <span class='ocrx_word' id='word_1_265' title='bbox 576 4034 691 4079; x_wconf 89' lang='lat' dir='ltr'>munus</span> <span class='ocrx_word' id='word_1_266' title='bbox 723 4013 916 4079; x_wconf 75' lang='lat' dir='ltr'>cancellarii</span> <span class='ocrx_word' id='word_1_267' title='bbox 948 4018 1010 4085; x_wconf 88' lang='lat' dir='ltr'>est,</span> <span class='ocrx_word' id='word_1_268' title='bbox 1043 4013 1134 4077; x_wconf 82' lang='lat' dir='ltr'>cuius</span> <span class='ocrx_word' id='word_1_269' title='bbox 1167 4012 1307 4099; x_wconf 81' lang='lat' dir='ltr'>dignitas</span> <span class='ocrx_word' id='word_1_270' title='bbox 1335 4018 1368 4078; x_wconf 89' lang='lat' dir='ltr'>et</span> 
     </span>
     <span class='ocr_line' id='line_1_32' title="bbox 192 4137 1368 4223; baseline -0.002 -20"><span class='ocrx_word' id='word_1_271' title='bbox 192 4141 333 4223; x_wconf 81' lang='lat' dir='ltr'>potestas</span> <span class='ocrx_word' id='word_1_272' title='bbox 357 4156 532 4222; x_wconf 87' lang='lat' dir='ltr'>progressu</span> <span class='ocrx_word' id='word_1_273' title='bbox 555 4142 693 4203; x_wconf 89' lang='lat' dir='ltr'>aetatum</span> <span class='ocrx_word' id='word_1_274' title='bbox 716 4156 914 4223; x_wconf 81' lang='lat' dir='ltr'>magnopere</span> <span class='ocrx_word' id='word_1_275' title='bbox 937 4142 1051 4202; x_wconf 89' lang='lat' dir='ltr'>auctae</span> <span class='ocrx_word' id='word_1_276' title='bbox 1075 4137 1270 4221; x_wconf 88' lang='lat' dir='ltr'>repetendae</span> <span class='ocrx_word' id='word_1_277' title='bbox 1293 4143 1368 4202; x_wconf 89' lang='lat' dir='ltr'>sunt</span> 
     </span>
     <span class='ocr_line' id='line_1_33' title="bbox 193 4261 1368 4347; baseline 0 -22"><span class='ocrx_word' id='word_1_278' title='bbox 193 4280 256 4325; x_wconf 91' lang='lat' dir='ltr'>non</span> <span class='ocrx_word' id='word_1_279' title='bbox 281 4261 383 4325; x_wconf 86' lang='lat' dir='ltr'>solum</span> <span class='ocrx_word' id='word_1_280' title='bbox 407 4281 427 4325; x_wconf 87' lang='lat' dir='ltr'>a</span> <span class='ocrx_word' id='word_1_281' title='bbox 450 4262 558 4346; x_wconf 87' lang='lat' dir='ltr'>Papae</span> <span class='ocrx_word' id='word_1_282' title='bbox 581 4262 772 4327; x_wconf 88' lang='lat' dir='ltr'>auctoritate</span> <span class='ocrx_word' id='word_1_283' title='bbox 797 4281 880 4344; x_wconf 89' lang='lat' dir='ltr'>quae</span> <span class='ocrx_word' id='word_1_284' title='bbox 903 4263 1056 4347; x_wconf 85' lang='lat' dir='ltr'>temporis</span> <span class='ocrx_word' id='word_1_285' title='bbox 1080 4283 1235 4347; x_wconf 85' lang='lat' dir='ltr'>processu</span> <span class='ocrx_word' id='word_1_286' title='bbox 1266 4262 1368 4346; x_wconf 89' lang='lat' dir='ltr'>splen·</span> 
     </span>
    </p>
   </div>
   <div class='ocr_carea' id='block_1_8' title="bbox 194 4385 1369 4475">
    <p class='ocr_par' dir='ltr' id='par_1_8' title="bbox 194 4385 1369 4475">
     <span class='ocr_line' id='line_1_34' title="bbox 194 4385 1369 4475; baseline 0.003 -24"><span class='ocrx_word' id='word_1_287' title='bbox 194 4385 298 4452; x_wconf 91' lang='lat' dir='ltr'>didior</span> <span class='ocrx_word' id='word_1_288' title='bbox 314 4392 346 4452; x_wconf 89' lang='lat' dir='ltr'>et</span> <span class='ocrx_word' id='word_1_289' title='bbox 362 4389 493 4471; x_wconf 83' lang='lat' dir='ltr'>gravior</span> <span class='ocrx_word' id='word_1_290' title='bbox 517 4390 549 4452; x_wconf 93' lang='lat' dir='ltr'>in</span> <span class='ocrx_word' id='word_1_291' title='bbox 573 4388 725 4453; x_wconf 89' lang='lat' dir='ltr'>universo</span> <span class='ocrx_word' id='word_1_292' title='bbox 749 4388 839 4455; x_wconf 87' lang='lat' dir='ltr'>Orbe</span> <span class='ocrx_word' id='word_1_293' title='bbox 862 4386 977 4454; x_wconf 84' lang='lat' dir='ltr'>effecta</span> <span class='ocrx_word' id='word_1_294' title='bbox 1000 4397 1048 4456; x_wconf 86' lang='lat' dir='ltr'>est</span> <span class='ocrx_word' id='word_1_295' title='bbox 1071 4390 1126 4456; x_wconf 91' lang='lat' dir='ltr'>sed</span> <span class='ocrx_word' id='word_1_296' title='bbox 1149 4393 1245 4456; x_wconf 85' lang='lat' dir='ltr'>etiam</span> <span class='ocrx_word' id='word_1_297' title='bbox 1261 4410 1281 4456; x_wconf 89' lang='grc'>6</span> <span class='ocrx_word' id='word_1_298' title='bbox 1295 4410 1369 4475; x_wconf 89' lang='lat' dir='ltr'>qua·</span> 
     </span>
    </p>
   </div>
   <div class='ocr_carea' id='block_1_9' title="bbox 0 0 1671 5109">
    <p class='ocr_par' dir='ltr' id='par_1_9' title="bbox 0 0 1671 5109">
     <span class='ocr_line' id='line_1_35' title="bbox 0 0 1671 5109; baseline 0 0"><span class='ocrx_word' id='word_1_299' title='bbox 0 0 1671 5109; x_wconf 95' lang='lat' dir='ltr'> </span> 
     </span>
    </p>
   </div>
  </div>
 </body>
</html>
