3292 5109
504 338 548 385 DE
577 336 716 385 lonicus
739 334 1004 386 ncctnsmarlcls
1299 319 1345 386 55

166 466 241 526 sunt
273 460 453 527 huiusmodi
479 461 627 527 advocati
657 482 714 529 seu
745 469 975 548 procuratores
1005 461 1148 538 tisrales;
1180 464 1344 528 mentione

166 583 253 671 digni
276 591 350 651 sunt
374 586 575 653 Procurator
590 586 678 652 Fisoi
700 586 871 653 tribunalis
894 587 926 653 S.
943 592 977 652 et
1000 587 1037 653 U.
1064 589 1144 672 loq,
1170 587 1345 652 Promotor

165 710 271 792 Fidei,
296 708 453 777 Officialis
476 710 507 777 S.
533 711 567 777 G.
594 712 723 777 Rituum
747 732 807 798 pro
832 713 937 777 causis
961 713 1135 779 Beatorum
1159 714 1193 775 et
1214 711 1345 777 Sancto

164 852 247 905 rum,
273 832 433 897 Defensor
448 833 645 898 Matrimonii
663 852 705 897 ex
722 830 837 904 officio.
854 832 974 898 vindex
997 832 1122 898 scilicet
1144 832 1265 898 vinculi
1281 851 1345 897 ma·

162 958 356 1025 trimonialis
372 960 405 1024 in
422 958 548 1024 iudiciis
562 957 603 1025 de
619 958 708 1025 hisce
724 960 830 1025 causis
852 960 981 1045 agitatis
995 957 1080 1045 apud
1096 958 1128 1023 S.
1145 957 1179 1025 C.
1197 956 1343 1025 Concilii.

164 1088 346 1153 Praeterea
361 1087 436 1170 quia
451 1104 628 1172 pauperum
645 1091 678 1151 et
693 1085 924 1152 miserabilium
941 1103 1152 1171 personarum
1170 1102 1282 1149 causas
1298 1084 1345 1148 uti

162 1232 237 1278 suas
261 1216 294 1277 et
316 1210 376 1276 sibi
395 1210 581 1297 specialiter
596 1214 814 1296 competentes
830 1229 930 1295 usque
946 1208 1123 1276 vindicavit
1137 1210 1229 1273 forus
1244 1207 1345 1273 eccle

162 1336 324 1415 siasticus,
337 1334 416 1399 hinc
428 1333 461 1398 in
473 1332 565 1398 curia
580 1334 625 1400 uti
641 1338 811 1419 praestans
828 1330 968 1400 officium
980 1337 1014 1397 et
1027 1331 1237 1398 libentissime
1249 1330 1345 1395 susci·

161 1460 314 1547 piendum
332 1459 474 1526 habitum
492 1465 542 1525 est
556 1479 671 1525 munus
687 1459 846 1526 Advocati
863 1466 896 1525 et
912 1458 1140 1525 Procuratoris
1154 1476 1343 1543 pauperum.

163 1585 201 1649 ln
218 1582 374 1648 tribunali
390 1582 422 1648 S.
439 1581 476 1647 U.
494 1580 721 1665 inquisitionis,
739 1601 779 1645 ne
795 1580 836 1646 ob
850 1586 1010 1646 secretam
1026 1577 1262 1665 inquisitionem
1278 1579 1345 1643 reis

163 1708 354 1772 necessaria
376 1704 460 1771 desit
482 1704 636 1777 defensio,
654 1706 846 1770 constitutus
862 1711 912 1771 est
927 1704 1113 1770 Advocatus
1135 1722 1279 1768 reorum.

252 1830 307 1897 59.
332 1830 386 1895 Ex
408 1829 494 1915 stylo
517 1830 638 1911 curiae,
662 1826 892 1894 advocatorum
909 1835 943 1894 et
958 1835 1205 1914 procuratorum
1229 1846 1344 1891 munus

162 1954 361 2039 potissimum
387 1954 538 2040 expletur
560 1973 621 2039 per
642 1954 780 2039 scriptas
802 1952 1024 2041 allegationes,
1037 1954 1070 2017 in
1094 1951 1209 2038 quibus
1229 1950 1270 2017 ad
1293 1949 1345 2016 de

164 2078 342 2145 sensionem
375 2079 528 2145 clientum
559 2078 643 2163 sacti
666 2082 698 2144 et
719 2078 807 2144 iuris
838 2080 1042 2163 quaestiones
1072 2076 1286 2143 enucleantur
1312 2080 1346 2140 et

164 2204 382 2290 explicantur.
401 2204 438 2269 ln
456 2204 651 2289 propositum
668 2204 751 2269 haec
767 2202 866 2269 babet
883 2203 930 2269 De
946 2203 1043 2275 Luca,
1060 2222 1115 2286 op.
1132 2203 1185 2269 cit.
1202 2200 1273 2267 Dis.
1285 2200 1343 2284 tu,

161 2350 196 2397 n.
212 2331 284 2397 24:
307 2330 452 2395 «Maior
474 2334 581 2395 autem
615 2350 762 2416 peneque
796 2336 865 2395 tota
898 2329 1046 2395 doctrina
1069 2349 1126 2395 seu
1150 2329 1345 2395 excellentia

162 2454 314 2521 advocati
335 2454 369 2519 in
393 2455 485 2521 curia
507 2454 653 2519 consistit
683 2455 716 2519 in
747 2453 831 2520 bene
861 2452 1034 2520 scribendo
1056 2455 1161 2539 potius
1191 2472 1286 2539 quam
1309 2454 1343 2517 in

162 2577 248 2645 bene
271 2577 405 2650 orando,
423 2576 463 2642 ob
486 2575 607 2662 pluries
631 2578 826 2644 insinuatum
850 2576 980 2664 stylum,
997 2577 1051 2662 qui
1074 2582 1123 2641 est
1145 2594 1228 2660 pene
1250 2593 1345 2660 gene·

161 2702 243 2768 ralis
258 2702 503 2787 collegiatorum
519 2700 728 2765 tribunalium
741 2706 774 2765 et
786 2720 952 2765 sacrarum
969 2703 1266 2787 congregationum,
1278 2720 1343 2765 non

162 2826 314 2893 audiendi
339 2825 463 2891 scilicet
485 2830 594 2911 partes
617 2825 650 2889 in
674 2824 936 2897 contradictorio,
949 2824 1005 2891 sed
1028 2826 1172 2911 privatas
1187 2830 1220 2891 et
1239 2827 1344 2910 singu·

162 2951 253 3018 lares
275 2950 536 3033 informationes
558 2952 591 3015 in
615 2970 755 3016 camera.
780 2951 889 3034 Atque
916 2949 1037 3014 inillis
1066 2948 1289 3021 tribunalibus,
1310 2952 1344 3014 in

164 3074 280 3161 quibus
312 3074 636 3140 contradictoriorum
660 3094 735 3141 usus
759 3072 907 3147 habetur,
921 3078 957 3140 ut
979 3078 1029 3139 est
1050 3074 1243 3159 praesertim
1265 3071 1344 3138 illud

165 3200 334 3267 Auditoris
356 3198 522 3272 Gamerae,
543 3200 740 3266 damnabiles
770 3202 876 3285 potius
905 3203 938 3265 et
961 3198 1217 3284 contemptibiles
1247 3220 1343 3285 repu-

167 3329 281 3392 tantur
296 3324 343 3389 illi
359 3322 512 3409 superflui
529 3344 570 3391 ac
584 3326 713 3389 inutiles
728 3322 855 3389 verbosi
872 3329 1057 3410 apparatus,
1070 3326 1123 3408 qui
1135 3323 1175 3389 ab
1187 3323 1345 3409 aliquibus

167 3451 200 3514 in
218 3450 457 3515 existimatione
479 3448 651 3524 habentur,
667 3448 742 3515 dum
768 3467 831 3532 quo
854 3446 984 3513 brevius
1001 3454 1034 3515 et
1048 3450 1191 3514 strictius
1207 3470 1245 3515 eo
1261 3468 1345 3515 com·

166 3570 380 3637 mendabilius
395 3592 426 3635 ».
451 3570 512 3637 Sed
537 3590 579 3635 ex
603 3570 696 3636 dictis
720 3572 867 3654 sequitur
889 3570 1024 3655 duplicis
1046 3572 1163 3655 speciei
1180 3569 1346 3654 informa·

166 3696 293 3763 nonem
317 3695 358 3761 ab
381 3694 544 3760 advocatis
579 3695 730 3782 praeberi
766 3693 933 3768 iudicibus,
958 3693 1061 3779 quoad
1088 3695 1175 3762 iuris
1205 3702 1238 3764 et
1262 3697 1346 3782 sacti

167 3822 398 3906 quaestionem.
422 3819 570 3885 Alteram
594 3840 709 3905 nempe
733 3822 863 3905 scriptis
886 3825 1053 3885 exaratam
1074 3839 1156 3904 quae
1171 3820 1267 3886 hodie
1281 3820 1345 3886 ire

165 3946 315 4028 quentius
349 3964 416 4009 non
449 3944 648 4028 informatio
685 3944 885 4029 appellatur,
912 3942 969 4009 sed
992 3946 1166 4011 restrictus
1198 3944 1283 4028 facti
1312 3949 1346 4012 et

165 4064 252 4133 iuris
267 4066 324 4154 (1),
349 4067 486 4134 alteram
508 4086 589 4132 vero
612 4073 766 4132 oretenus
790 4067 984 4153 explicatam
1000 4068 1033 4131 in
1049 4087 1235 4154 congressu,
1249 4088 1343 4153 quem

252 4350 292 4418 (l)
312 4350 342 4405 ln
355 4352 484 4405 restricto
493 4349 567 4403 facta
578 4348 701 4404 citantur
711 4353 739 4404 et
750 4348 912 4420 allegantur
925 4367 940 4404 e
952 4351 1115 4418 summaria
1125 4350 1197 4421 quod
1213 4350 1344 4422 diximus,

167 4452 310 4508 continere
329 4463 455 4507 actorum
469 4468 620 4523 processus
640 4468 786 4521 smmum,
800 4452 939 4508 ordinarie
952 4469 969 4506 a
981 4459 1162 4524 procuratore
1179 4455 1356 4512 confectum.⁴
