3292 5109
457 306 501 353 na
524 304 664 353 runicus
688 306 953 353 accitasrasrrcrs
1249 288 1289 353 91

204 428 260 493 91.
278 428 493 495 Nihilominus
508 428 567 495 sub
584 431 643 495 Pio
655 429 704 495 VI
718 434 794 495 ante
809 431 1012 494 eversionem
1028 448 1136 493 rerum
1151 428 1295 514 publica-

127 568 190 613 rum
212 549 297 615 haec
319 552 594 619 enumerabantur
610 551 793 617 tribunalia.
812 588 830 600 -
848 552 988 619 Praeter
1002 550 1177 618 tribunalia
1192 552 1296 617 Rotae

126 676 154 735 et
169 673 323 739 Camerae
340 675 556 761 Apostolicae‚
573 676 776 763 signaturam
794 678 927 741 Gratiae
943 683 976 741 et
992 678 1145 747 Iustitiae,
1158 674 1297 741 habeba·

125 806 172 865 tur
194 802 411 887 Congregatio
428 801 645 869 cardinalium
662 810 847 887 nuncupata
866 802 1049 885 Consultn3
1065 807 1098 869 et
1111 802 1176 867 alia
1190 803 1295 887 appel-

124 925 182 989 lata
203 926 294 992 Boni
309 927 497 1013 repiminis
512 928 598 992 Istae
616 928 890 1014 Congregatlones
906 927 1043 1012 negotiis
1058 926 1297 1012 prospiciebant

125 1054 317 1137 principatus
334 1056 521 1121 saecularis.
541 1090 557 1103 -
579 1055 693 1121 Altera
712 1076 828 1141 nempe
847 1054 1007 1123 Consulto
1022 1055 1160 1141 negotiis
1174 1054 1297 1120 ordinis

127 1178 238 1261 politici
262 1177 450 1244 intendebat
474 1185 505 1243 et
528 1181 668 1245 maxime
691 1179 875 1263 inquirebat
898 1185 931 1244 et
952 1177 1238 1249 animadvertebat,
1262 1179 1295 1243 in

124 1301 234 1383 prima
259 1320 385 1387 quoque
409 1304 571 1369 instantia.
590 1303 621 1365 in
639 1304 793 1389 graviora
816 1304 954 1367 crimina
968 1301 1086 1387 publici
1103 1300 1224 1367 ordinis
1239 1300 1296 1367 de-

127 1424 291 1497 turbatira,
310 1445 391 1509 qnae
415 1424 629 1510 patrabantur
644 1428 675 1490 in
693 1426 878 1511 provinciis.
896 1426 977 1490 Nam
1001 1443 1058 1509 pro
1082 1422 1170 1489 Urbe
1193 1424 1297 1489 Roma

129 1550 257 1614 cumina
272 1548 499 1615 indicabantur
510 1551 629 1633 prima
648 1550 800 1614 instantia
823 1549 876 1612 vel
899 1547 983 1634 apud
1005 1546 1148 1613 tribunal
1171 1545 1296 1612 Guber-

128 1673 241 1736 natoris
257 1690 315 1736 seu
332 1671 621 1741 vice-Camerarii
638 1671 690 1735 vel
714 1670 798 1755 apud
819 1668 1006 1735 Auditorem
1022 1668 1178 1733 Carnerae
1194 1668 1245 1733 vel
1262 1668 1296 1731 in

129 1772 274 1859 tribunali
293 1792 441 1879 Capitolii
456 1800 512 1859 aut
526 1794 725 1860 vicariatus.
744 1829 761 1842 ·
781 1794 959 1859 Praeterea
977 1792 1192 1878 congregatio
1210 1790 1297 1857 Con-

126 1918 208 1982 sulto
226 1918 481 1984 iurisdictionem
499 1917 675 1983 exercebat
694 1919 937 1992 contentiosam,
955 1917 1002 1981 nti
1020 1915 1162 1983 tribunal
1182 1934 1296 2001 supre-

130 2059 208 2105 mum
223 2042 456 2127 appellationis.
472 2044 502 2106 in
521 2044 626 2107 causis
642 2042 863 2107 criminalibus
878 2045 947 2107 sive
964 2042 1086 2107 Romae
1100 2042 1168 2106 sire
1180 2040 1213 2104 in
1226 2059 1296 2125 pro-

127 2164 234 2231 vinciis
257 2168 289 2230 iu
316 2170 420 2252 primo
443 2167 588 2233 alterove
612 2167 715 2255 gradu
739 2166 896 2232 iudicatis.
915 2202 932 2215 -
957 2168 1010 2231 Ex
1032 2164 1169 2230 adverso
1193 2164 1297 2230 altera

128 2289 335 2377 Congregatio
364 2292 448 2358 Boni
469 2291 647 2378 repiminis
669 2292 886 2377 prospiciebat
908 2290 1045 2375 negotiis
1075 2289 1298 2355 oeconomicis

127 2415 364 2500 municipiorum
389 2424 420 2482 et
444 2410 632 2502 oppidorum
655 2418 762 2483 Status
784 2414 947 2502 pontificii.
973 2414 1116 2481 curando
1133 2421 1296 2482 uteorum

129 2534 207 2601 bona
220 2546 252 2604 et
268 2541 340 2603 iura
356 2541 593 2625 patrimonialia
608 2544 763 2607 iacturam
780 2554 844 2605 nort
857 2547 1056 2626 paterentur,
1069 2539 1124 2604 sed
1138 2538 1297 2605 haberent

130 2660 260 2748 legitima
273 2668 485 2733 incrementa.
503 2666 594 2733 Haec
607 2669 751 2735 instituta
763 2674 812 2732 est
826 2688 847 2731 a
861 2668 1026 2732 Clemente
1039 2666 1120 2733 VIIl
1138 2666 1296 2753 (†1605)

132 2790 160 2849 et
174 2786 338 2853 admodum
363 2788 474 2855 felices
497 2790 570 2855 tulit
593 2789 741 2867 effectus;
768 2791 930 2857 Consulto
945 2809 1024 2853 vero
1048 2790 1109 2854 fuit
1124 2791 1297 2854 constituta

132 2909 245 2977 aSixto
261 2912 293 2977 V
317 2912 474 2978 inconst.
493 2914 674 2981 Immensae.
694 2950 711 2963 -
731 2915 801 2980 Una
826 2926 858 2978 et
873 2913 978 2978 altera
993 2912 1149 2977 satisfacit
1171 2912 1294 2976 cuidam

134 3038 246 3101 muneri
270 3035 382 3120 fiscali,
406 3037 490 3122 quod
513 3046 609 3104 antea
633 3040 666 3104 in
689 3040 826 3107 camera
842 3038 1029 3125 Apostolica
1053 3036 1295 3122 expediebatur.

212 3162 290 3227 Item
307 3162 544 3229 Thesanrarins
561 3185 650 3231 suam
667 3164 802 3251 regebat
816 3165 950 3231 curiam.
970 3166 1150 3229 Praeterea
1165 3163 1295 3229 totidem

134 3281 186 3346 alia
207 3286 378 3352 tribunalia
400 3286 602 3353 habebantur
629 3308 649 3353 a
674 3288 802 3354 clericis
827 3290 983 3356 Gamerae
1009 3287 1215 3353 praesidibus
1240 3288 1295 3351 Ri-

135 3424 243 3489 parum‚
260 3410 407 3481 Viarnm.
426 3410 590 3491 Graeciae,
606 3410 782 3477 Armorum
800 3414 892 3477 etita
907 3432 1016 3496 porro.
1037 3446 1054 3459 -
1073 3412 1140 3476 Pro
1158 3410 1295 3475 dioecesi

135 3550 253 3597 romana
276 3533 529 3600 iurisdictionem
553 3540 689 3601 exercet
715 3536 895 3601 Cardinalis
910 3536 1062 3602 Vicarius
1085 3538 1118 3600 in
1142 3535 1296 3601 tribunali

135 3648 314 3721 vicariatus.
348 3690 365 3703 ·
398 3656 436 3719 ln
468 3654 623 3720 familiam
647 3653 852 3720 Pontificiam
875 3662 909 3721 et
938 3658 971 3720 in
998 3656 1113 3741 oppida
1136 3654 1296 3720 destinata

134 3780 361 3845 commorationi
387 3779 419 3845 S.
445 3777 620 3853 Pontificis‚
639 3780 684 3845 uti
710 3778 858 3845 Castrum
884 3779 1071 3865 (landulphi
1095 3784 1128 3845 et
1151 3778 1226 3842 olim
1250 3779 1296 3843 ci-

134 3904 203 3970 ritas
224 3907 415 3979 Tusculana.
436 3907 689 3973 iurisdictionem
714 3909 946 3971 contentiosam
970 3907 1196 3993 interponebat
1218 3909 1295 3974 Μα-

134 4024 179 4091 ior
192 4028 327 4099 Domus,
345 4030 499 4095 Familiae
516 4028 688 4097 Pontificio
703 4032 931 4115 Preaepositus
947 4028 1003 4117 (l).
1022 4066 1039 4078 ·
1057 4031 1096 4097 Iu
1120 4034 1212 4097 curia
1236 4032 1297 4098 Ca·

209 4313 247 4384 (l)
270 4313 424 4385 Postquam
442 4314 590 4385 postremis
609 4313 686 4369 bisce
705 4314 785 4367 annis
804 4312 881 4367 civili
900 4314 1056 4383 principatu
1075 4314 1225 4370 destitutus
1242 4316 1297 4370 fnit

136 4407 203 4467 Item.
217 4416 356 4484 Pontifex,
368 4434 404 4472 ne
422 4419 628 4473 controversiae
646 4419 675 4471 in
694 4417 801 4473 familia
815 4418 963 4472 Pontificia
976 4424 1090 4475 exortae
1102 4419 1212 4474 ratione
1229 4435 1297 4473 con·
