3292 5109
279 203 347 272 506
732 218 942 268 nnnuonruu
965 219 999 269 v.

280 344 404 415 recipere
424 345 648 416 praesumpseris,
667 345 835 399 auctoritate
854 345 957 399 Nostra
976 343 1131 414 dispenses:
1149 343 1311 399 distantiam
1330 360 1401 399 uero
1419 360 1466 399 se-

280 451 361 506 cundi
380 452 482 522 gradus
507 451 624 521 praefati
645 451 685 506 eis
704 467 758 506 non
778 453 890 506 obstare
908 448 1042 515 declares,
1062 448 1168 519 prolem
1186 448 1392 519 suscipiendam
1412 465 1468 504 ex·

279 560 343 615 inde
362 559 518 630 legitimam
537 558 700 614 nuntiando.

369 667 470 721 Datum
490 665 604 730 Romae,
623 669 676 720 etc.

280 897 305 970 c)
326 897 360 951 In
378 902 472 969 forma
491 898 637 952 ordirmriu
655 898 689 950 ab
708 913 821 950 cansam
841 896 1027 966 insanientem
1046 895 1212 966 amnaprius
1230 896 1383 949 ineundas:

371 1093 495 1148 Interius
506 1112 515 1150 .·

320 1247 323 1256 .
371 1200 428 1254 Leo
447 1201 499 1254 PP.
520 1199 591 1255 Xlll.

371 1305 477 1361 Dilecta
496 1306 545 1374 iili,
565 1267 686 1362 satutem
705 1311 734 1360 et
754 1306 945 1376 apostolicam
964 1305 1195 1360 benedictionem.

370 1413 471 1468 Oblata
490 1415 576 1468 Nobis
595 1431 683 1484 nuper
701 1431 751 1483 pro
770 1420 850 1484 parte
868 1414 1033 1470 dilectorum
1057 1415 1179 1468 tiliorum
1204 1413 1314 1467 loannis
1333 1413 1367 1466 N.
1386 1413 1467 1478 laici,

281 1522 310 1573 et
329 1518 492 1572 Mariamme
512 1521 550 1573 M.
570 1520 694 1574 mulieris
708 1521 739 1573 N.
754 1521 890 1576 dioecesis
909 1521 1008 1590 petitio
1027 1520 1202 1574 continebat:
1215 1518 1295 1589 quod,
1309 1519 1378 1588 ipsis
1390 1518 1466 1572 alias

281 1626 434 1680 scientibus
453 1643 482 1680 se
502 1627 586 1682 tertio
605 1628 749 1682 affinitatis
775 1629 863 1698 gradu
882 1629 1002 1683 inuicem
1021 1629 1151 1693 attinere,
1173 1628 1290 1680 loannes
1309 1626 1468 1695 praetatus,

281 1749 384 1788 vesana
404 1732 517 1788 libidine
536 1733 636 1800 victus,
655 1734 825 1803 praedictam
845 1735 1019 1788 Mariannam
1033 1735 1172 1804 coguovit.
1186 1733 1256 1786 Cium
1272 1737 1377 1797 autem,
1389 1733 1464 1786 sicut

281 1840 378 1896 eadem
397 1841 495 1910 petitio
514 1841 708 1912 subiungebat,
728 1842 781 1895 nisi
800 1842 1006 1896 matrimonium
1020 1842 1093 1896 inter
1105 1841 1194 1895 dictos
1212 1840 1342 1894 loannem
1356 1843 1387 1893 et
1399 1839 1465 1892 Ma-

282 1943 407 1998 riannam
422 1943 612 2010 contrahatur,
625 1945 730 1998 oratrix
745 1944 888 1998 diffamata
899 1949 929 2000 et
942 1945 1060 2014 innupta
1072 1949 1238 2011 remaneret,
1251 1945 1349 2014 gravia
1361 1944 1465 1998 exinde

282 2049 412 2104 scandala
432 2053 542 2119 possent
561 2049 758 2104 verosimiliter·
776 2051 887 2116 exoriri,
906 2051 1022 2119 cupiunt
1034 2051 1150 2105 loannes
1169 2055 1199 2105 et
1216 2050 1365 2104 Marianus
1384 2067 1464 2119 prae·

282 2156 364 2210 dictis
384 2157 501 2210 invicem
520 2156 764 2210 matrimonialiter
778 2157 918 2226 copulari,·
930 2156 979 2210 sed
991 2157 1130 2212 stantibus
1143 2157 1351 2225 impedimentis
1363 2155 1464 2210 huius·

283 2261 364 2325 modi,
383 2261 549 2315 desiderium
569 2277 663 2316 eorum
683 2261 711 2314 in
730 2261 783 2316 hac
797 2267 876 2332 parte
890 2261 1041 2332 adimplere
1054 2279 1109 2318 non
1130 2267 1244 2333 possunt
1261 2264 1368 2333 absque
1384 2262 1466 2317 Sedis

282 2367 441 2436 praedictae
454 2368 665 2438 dispensatione.
680 2367 771 2429 Quare
785 2367 868 2423 iidem
888 2369 1004 2424 loannes
1016 2376 1045 2424 et
1058 2347 1205 2424 lilariafrna
1217 2370 1304 2424 Nobis
1317 2369 1464 2424 humiliter

283 2471 433 2541 supplicari
458 2473 592 2539 fecerunt,
610 2477 747 2543 quatenus
765 2472 805 2526 eis
825 2474 853 2526 in
872 2472 1039 2541 praemissis,
1058 2473 1091 2528 de
1110 2473 1294 2528 absolutionis
1316 2475 1464 2540 beneficio,

283 2583 312 2632 et
330 2584 502 2648 opportunae
519 2578 731 2648 dispensationis
744 2581 837 2648 gratia
856 2579 1001 2649 providere
1013 2579 1046 2634 de
1060 2580 1234 2649 benignitate
1249 2579 1411 2648 Apostolica
1422 2580 1465 2632 di·

283 2697 441 2750 gnaremur.
466 2681 523 2736 Nos
547 2682 634 2751 igitur
658 2682 706 2752 qui
731 2681 851 2736 salutem
877 2683 1037 2753 quaerimus
1060 2682 1249 2753 singulorum,
1271 2688 1301 2737 et
1323 2681 1466 2736 scandalis

282 2788 463 2858 quibuslibet,
482 2804 516 2842 ne
536 2789 674 2857 eveniant,
694 2796 830 2860 quantum
849 2806 911 2843 eum
931 2789 988 2844 Deo
1008 2807 1159 2859 possumus,
1178 2789 1300 2845 libenter
1316 2789 1466 2843 obviamus

283 2895 393 2950 eosdem
412 2896 541 2951 loannem
555 2903 584 2951 et
603 2897 785 2966 Memnonem,
806 2902 835 2953 et
853 2913 948 2952 eorum
967 2898 1121 2970 quemlibet
1133 2915 1151 2951 a
1166 2897 1309 2969 quibusvis
1327 2895 1465 2951 ecclesia-

284 3004 361 3057 sticis
371 3003 525 3070 sententiis,
536 3005 668 3070 censuris,
678 3011 707 3060 et
717 3006 821 3075 poenis,
832 3007 855 3059 si
865 3006 966 3077 quibus
976 3005 1184 3077 quomodolibet
1194 3003 1318 3058 innodati
1329 3003 1464 3069 existunt,

285 3107 303 3160 d
317 3109 445 3164 effectum
460 3111 650 3178 praesentium
663 3110 809 3164 dumtaxat
822 3110 1054 3182 consequendum,
1068 3109 1167 3163 harum
1182 3109 1255 3162 serie
1268 3107 1459 3173 absolventes,

285 3220 314 3270 et
333 3214 475 3269 absolutos
488 3217 546 3270 iore
560 3219 713 3282 censentes,
723 3233 756 3270 ac
769 3221 874 3272 certam
888 3217 921 3271 de
935 3216 1094 3285 praemissis
1107 3215 1236 3269 notitiam
1251 3230 1305 3269 non
1318 3213 1465 3276 habentes,

284 3320 440 3374 huiusmodi
459 3320 708 3390 supplicationibus
726 3321 865 3388 inclinati,
878 3321 1038 3376 discretioni
1052 3323 1126 3386 tuae,
1146 3337 1195 3389 per
1209 3324 1371 3389 praesentes
1383 3335 1464 3372 man·

284 3425 389 3495 damus,
407 3431 546 3498 quatenus
563 3431 591 3481 te
610 3425 643 3480 de
663 3427 821 3496 praemissis
839 3425 990 3496 diligenter
1003 3427 1143 3492 informes,
1162 3431 1192 3481 et
1209 3425 1233 3478 si
1251 3442 1320 3479 vera
1337 3425 1394 3478 siut
1413 3439 1464 3478 ex-

285 3532 383 3602 posita,
402 3548 557 3603 superque
577 3535 652 3585 trram
672 3531 870 3586 conscientiam
889 3547 1044 3599 oneramus,
1065 3537 1132 3585 tunc
1149 3531 1259 3586 eosdem
1284 3531 1416 3586 loannem
1434 3537 1466 3585 et

285 3638 460 3693 lilariaunam
473 3641 508 3692 ab
522 3640 643 3693 incestus
668 3644 746 3694 reatu
767 3643 795 3694 et
814 3639 972 3694 excessibus
994 3637 1160 3705 huiusmodi,
1179 3639 1310 3708 imposita
1328 3639 1369 3693 eis
1387 3639 1466 3708 prius

284 3747 398 3814 propter
416 3744 552 3797 incestum
578 3741 743 3808 huiusmodi,
768 3743 886 3797 arbitrio
910 3747 968 3808 turo,
987 3743 1160 3812 poenitentia
1184 3743 1312 3807 salutari,
1331 3741 1384 3796 hac
1401 3743 1466 3797 rice

285 3853 438 3918 dumtaxat,
457 3853 486 3906 in
505 3853 594 3906 forme
614 3851 755 3907 Ecclesiae
774 3857 907 3906 consueta
920 3853 949 3904 in
963 3856 1080 3922 utroque
1093 3852 1154 3906 foro
1172 3853 1342 3907 auctoritate
1361 3851 1466 3905 Nostra

285 3959 420 4013 absolvas.
448 3959 483 4013 Et
507 3965 645 4030 quatenus
669 3962 766 4013 contra
791 3960 865 4030 ipsos
889 3973 975 4013 causa
997 3976 1082 4028 super
1105 3959 1264 4029 praemissis
1282 3959 1311 4012 in
1331 3957 1465 4012 iudicium

285 4079 396 4134 quoquo
420 4063 501 4117 modo
525 4062 637 4124 inducta
660 4064 754 4130 tuerit,
780 4064 872 4133 perito
894 4063 1030 4127 iudicatur
1053 4079 1086 4117 ac
1111 4079 1173 4116 cum
1192 4062 1294 4118 eisdem
1312 4061 1417 4116 Ioanne
1435 4066 1465 4116 et

285 4171 441 4236 Marianna,
460 4170 605 4225 dummodo
618 4171 679 4241 ipsa
692 4177 804 4242 propter
817 4171 870 4226 hoc
889 4175 970 4241 rapta
988 4187 1044 4224 non
1061 4170 1156 4237 fuerit,
1174 4170 1247 4240 qued
1266 4169 1466 4239 impedimento

284 4279 362 4334 tertii
387 4278 531 4333 affinitatis
556 4279 657 4348 gradus
681 4278 839 4334 huiusmodi
865 4296 898 4333 ae
924 4277 1172 4332 constitutionibus
1190 4280 1219 4333 et
1242 4276 1467 4332 ordinationibus
