3292 5109
269 276 335 343 198
798 295 883 344 raas
906 295 945 343 11.

243 496 248 509 .
360 415 435 483 Art.
451 414 486 483 3.
506 438 524 479 ι
541 416 637 482 Nulla
652 435 764 482 coram
780 417 878 503 plena
893 417 1154 504 Congregatione
1168 418 1322 482 instantia
1335 433 1459 502 propo·

266 548 375 627 netur,
390 544 452 609 nisi
472 542 599 610 auditus
622 546 685 611 iam
708 546 809 611 luerit
825 544 1030 617 Ordiuarius,
1046 546 1171 630 istaque
1194 544 1232 609 iis
1251 543 1460 608 documentis

266 670 426 735 instructa
448 670 506 752 sit,
534 688 617 755 qnae
644 670 746 735 Rmus
775 668 980 736 secretarius
1000 669 1189 735 necessaria
1210 688 1282 734 esse
1304 666 1456 744 duxerit;

267 795 375 881 prouti
399 796 564 880 sapienter
586 768 741 863 statutum
759 800 812 860 est
833 796 868 859 in
891 794 956 859 alio
978 794 1113 861 decreto
1134 794 1168 861 S.
1184 794 1458 881 Congregationis

268 919 332 986 diei
355 918 380 985 6
403 918 494 1003 Sept.
519 920 652 987 1751».

357 1045 433 1110 Art.
441 1044 474 1109 4.
491 1046 721 1111 «Documenta
734 1046 774 1111 ad
787 1066 920 1113 caumm
935 1047 1115 1132 spectantia
1126 1045 1218 1111 nihili
1233 1042 1454 1119 habebuntur,

268 1172 331 1238 nisi
353 1171 489 1247 Curiae,
514 1172 554 1237 ad
586 1192 666 1258 quas
698 1175 880 1258 pertinent,
903 1172 988 1239 haee
1009 1171 1173 1239 ediderint
1191 1173 1246 1239 vel
1269 1172 1333 1237 alio
1355 1170 1456 1237 modo

268 1294 456 1361 authentica
478 1294 566 1360 facta
583 1314 649 1360 non
665 1294 799 1377 fuerint,
815 1295 869 1360 vel
884 1294 971 1361 aliud
993 1295 1181 1361 authentice
1203 1295 1330 1381 signum
1352 1312 1456 1380 prae·

268 1420 425 1490 scierant.
449 1419 555 1496 Quum
578 1439 659 1485 rero
681 1438 721 1485 ea
747 1421 780 1485 in
805 1419 990 1487 Secretariu
1013 1420 1226 1495 exhibentur,
1250 1419 1362 1486 notula
1387 1419 1457 1485 erit

272 1543 424 1610 facienda
439 1548 473 1610 et
485 1544 679 1610 insinuanda
702 1546 735 1611 in
760 1543 922 1610 tabulario
944 1564 1002 1611 seu
1019 1545 1209 1629 protocotto
1227 1564 1260 1609 s.
1278 1578 1297 1593 -
1321 1543 1456 1609 Tertius

268 1668 427 1734 articulus
449 1667 538 1734 nulla
562 1668 711 1733 ulteriori
735 1668 862 1755 indiget
880 1668 1123 1754 explanatione;
1139 1674 1274 1754 quartus
1287 1668 1364 1734 item
1380 1686 1457 1753 per·

267 1792 399 1877 spicuus
413 1795 472 1857 est.
498 1825 516 1839 ·
542 1791 661 1857 Notula
676 1790 944 1857 documentorum
959 1792 1097 1858 inservit
1113 1793 1192 1857 buic
1206 1792 1326 1877 duplici
1340 1810 1452 1876 scopo,

271 1934 328 1981 seu
344 1914 484 1980 faciliori
507 1914 576 1980 usui
601 1915 744 1999 ipsorum
768 1913 1044 1989 documentorum,
1060 1934 1124 1981 nec
1145 1934 1211 1980 non
1234 1914 1361 1980 cuidam
1377 1934 1453 1980 cau·

267 2038 355 2110 boni,
368 2056 451 2122 quae
463 2036 537 2102 inde
549 2035 727 2122 praebetur
740 2038 770 2103 ei
784 2038 839 2122 qui
854 2037 1047 2105 documenta
1061 2040 1204 2125 protulit.
1219 2072 1238 2086 ·
1251 2038 1453 2105 Anthentica

266 2160 461 2227 documenta
492 2160 673 2228 redduntur
699 2182 760 2248 per
783 2164 1036 2235 attestationem,
1061 2182 1158 2247 quam
1180 2164 1249 2249 ipse
1271 2161 1454 2247 Episcopus

266 2289 323 2349 aut
343 2283 427 2351 alius
442 2284 590 2371 publicus
613 2286 725 2351 curiae
748 2282 896 2351 officialis
918 2286 1051 2372 apponit
1071 2286 1225 2371 scriptam
1240 2286 1275 2350 in
1290 2284 1382 2349 calce
1394 2284 1450 2349 do

266 2409 409 2475 cumenti
425 2408 467 2475 ad
486 2408 760 2496 comprobandum
776 2409 1004 2477 documentum
1027 2415 1083 2476 aut
1105 2430 1177 2476 esse
1199 2409 1376 2497 originale.
1392 2414 1453 2475 aut

267 2536 449 2619 eccemptor
471 2554 544 2602 csse
566 2535 604 2601 iu
627 2535 784 2604 omnibus
808 2536 985 2619 conforme
1007 2512 1179 2624 originali.

354 2656 430 2723 Art.
454 2657 488 2725 5.
516 2659 830 2724 ‹Documentorum
855 2660 1103 2726 communicatio
1133 2659 1287 2745 partibus,
1311 2678 1449 2744 quarum

265 2778 418 2857 interest,
445 2780 655 2848 concedenda
683 2783 748 2848 erit
778 2783 811 2847 in
843 2780 1082 2869 exemplaribus
1110 2783 1283 2868 exscriptis
1312 2779 1353 2847 ab
1376 2780 1447 2846 offi-

266 2901 401 2969 cialibus
417 2904 631 2986 Secretariae,
648 2906 783 2991 praevio
796 2905 972 2972 Secretarii
988 2906 1192 2991 rescripto».
1211 2905 1275 2970 Hic
1289 2905 1450 2971 articulus

267 3028 440 3115 estmagni
456 3030 619 3103 momenti,
636 3030 753 3115 quippe
770 3030 825 3113 qui
841 3027 990 3095 concedit
1004 3030 1055 3095 ius
1069 3027 1215 3116 partibus
1230 3028 1448 3114 cognoscendi

264 3152 448 3238 respective
471 3152 663 3218 documenta
696 3151 736 3218 ab
771 3153 878 3220 altera
910 3159 1004 3241 parte
1035 3154 1144 3228 allata,
1168 3154 1276 3219 statim
1298 3170 1340 3216 ac
1361 3150 1450 3237 apud

264 3275 492 3350 secretariam,
509 3277 603 3342 modo
624 3297 723 3364 supra
744 3278 842 3350 dicto.
856 3277 1012 3365 deposita
1034 3278 1175 3354 luerint;
1199 3274 1285 3342 unde
1307 3274 1449 3341 habetur

263 3401 371 3487 ampla
393 3404 427 3467 et
448 3399 619 3466 admodum
641 3400 746 3466 libera
769 3403 1015 3467 controversiae
1038 3402 1179 3488 cognitio
1196 3405 1228 3466 et
1243 3400 1445 3486 disceptatio.

265 3525 348 3602 Quia
370 3546 450 3594 vero
479 3528 756 3613 Congregationes
787 3548 860 3593 cum
890 3528 1003 3614 primis
1037 3532 1113 3594 sunt
1146 3526 1286 3612 collegia
1318 3524 1447 3591 ordinis

263 3651 432 3719 caecutiat
455 3672 512 3719 seu
543 3652 793 3738 campanarii,
818 3653 859 3719 ad
883 3650 1123 3719 concedendam
1152 3653 1240 3719 hauc
1270 3652 1446 3719 communi-

264 3774 425 3839 cationem
452 3774 490 3840 iu
520 3794 603 3841 casu
635 3776 813 3860 requiritur
845 3775 1021 3842 Secretarii
1050 3776 1261 3861 rescriptum,
1293 3773 1447 3840 videlicet

261 3896 348 3963 uiuit
371 3896 488 3973 obstat,
513 3903 546 3963 et
569 3899 725 3965 nonnulla
760 3897 953 3965 documenta
986 3900 1152 3964 reservari
1185 3903 1328 3985 possunt
1353 3896 1445 3963 Idem

262 4024 419 4091 articulus
436 4022 491 4089 dat
507 4023 696 4090 facultatem
719 4022 906 4091 Secretario
930 4023 1186 4090 communicandi
1208 4023 1354 4109 partibus
1375 4028 1444 4088 tan·

261 4151 330 4213 tum
353 4149 462 4233 copias
486 4148 704 4235 originalium,
728 4152 785 4215 aut
808 4150 1043 4235 exemplarium
1066 4147 1286 4222 deductorum,
1309 4166 1352 4212 ne
1374 4148 1446 4232 ipsa

262 4268 434 4354 originalia
456 4274 513 4334 aut
537 4269 740 4354 exemplaria
763 4269 984 4357 deperduntur
1004 4270 1058 4335 vel
1082 4274 1342 4356 corrumpantur.
1366 4268 1441 4343 Sed,

263 4410 323 4478 pro
351 4391 486 4459 arbitrio
512 4392 706 4469 Secretarii‚
729 4396 757 4459 si
788 4394 911 4459 nullum
935 4392 1019 4460 adsit
1048 4394 1245 4482 periculum,
1270 4396 1446 4461 communi·
