3292 5109
301 288 369 353 450
830 308 913 354 runs
938 308 974 353 11.

299 431 353 495 vel
376 432 471 496 etiam
494 430 605 515 plures
627 429 780 515 delegare
803 448 926 503 causas,
946 432 1059 494 tenent
1081 428 1294 493 communiter
1311 426 1483 499 Doctores

214 630 217 636 ,
299 553 454 628 Barbosa,
467 553 516 618 De
533 558 643 637 potest
665 552 776 635 Epe'ec
802 552 901 636 alteo.
925 550 982 623 54,
999 570 1033 616 a.
1053 551 1109 623 99,
1130 551 1284 637 hayman,
1301 550 1322 613 t.
1340 568 1381 623 c..
1399 548 1484 613 Len-

300 682 410 746 renius
434 682 454 746 t.
480 700 508 745 c.
533 679 666 765 q.197.

388 804 463 869 346.
488 804 666 889 Episcopus
688 822 753 868 non
776 802 862 867 valet
886 821 944 867 sua
966 802 1193 868 ratihabitione
1216 798 1310 865 firma
1337 796 1482 863 reddere

274 1011 277 1025 ,
299 937 333 998 et
354 931 461 997 ualida
495 937 586 1017 gesta
613 931 792 996 aVicario
821 932 893 997 eine
915 928 1065 995 mandato
1093 929 1234 1015 speciali,
1258 926 1387 1012 quando
1416 924 1483 989 hoc

298 1056 548 1141 exquirebatur;
572 1057 646 1140 quia
670 1091 688 1104 -
713 1056 805 1139 quod
829 1054 871 1121 ab
894 1056 990 1122 initio
1015 1054 1171 1122 vitiosum
1194 1058 1242 1119 est
1266 1057 1377 1119 tractu
1400 1057 1484 1116 tem·

295 1182 394 1267 pou
415 1201 486 1248 aon
508 1182 730 1264 convalescit5
753 1202 797 1246 ex
819 1181 935 1267 regula
963 1178 1152 1275 Catoniana
1175 1180 1255 1245 iuris
1278 1198 1370 1251 rom„
1395 1194 1481 1261 quae

298 1309 370 1373 iure
394 1326 466 1371 can.
490 1307 534 1371 ita
558 1312 714 1390 concepta
737 1310 803 1371 est:
833 1329 851 1367 c
876 1304 955 1372 Non
982 1307 1144 1391 firmentur
1175 1308 1285 1369 tractu
1316 1300 1482 1385 temporie

298 1432 392 1517 quod
407 1432 450 1497 de
464 1432 540 1497 iure
556 1431 598 1498 ah
614 1431 709 1498 initio
725 1431 884 1497 uitiosum
901 1436 958 1513 est,
976 1432 1066 1496 iuxta
1082 1428 1165 1517 Rep.
1182 1430 1225 1495 18
1240 1428 1334 1495 luris
1355 1428 1392 1493 in
1409 1427 1433 1489 6
1447 1448 1478 1491 ›.

300 1559 380 1623 Nam
404 1556 495 1621 obest
517 1556 662 1621 defectus
682 1558 925 1642 competentiae,
942 1556 1125 1641 quominus
1142 1556 1272 1621 valeant
1296 1550 1481 1619 huiusmodi

298 1686 389 1768 gesta
411 1683 480 1745 sine
504 1681 635 1766 speciali
659 1681 818 1746 mandato.
838 1682 952 1747 Posset
975 1687 1099 1747 tantum
1122 1682 1269 1745 invocari
1292 1677 1480 1743 mandatum

296 1802 439 1876 tacitum,
457 1800 584 1885 quando
602 1821 719 1887 nempe
735 1802 911 1887 Episcopus
934 1822 1003 1867 rem
1027 1802 1116 1868 uidet
1136 1808 1169 1867 et
1191 1806 1288 1882 tacet,
1309 1820 1382 1865 cum
1405 1818 1480 1862 eam

297 1923 475 2011 reprobare
502 1933 624 2010 posset;
650 1946 750 2010 quere
773 1946 839 1991 non
870 1926 986 1992 sufficit
1009 1928 1194 1993 mandatum
1225 1928 1479 2013 praesumptum.

299 2050 346 2117 cf.
372 2050 517 2118 Sbrotius
540 2072 594 2136 op.
612 2052 665 2118 cit.
690 2054 712 2118 l.
736 2052 770 2125 3.
795 2074 827 2139 q.
844 2054 903 2119 26.
920 2090 939 2102 -
956 2054 1067 2138 Neque
1091 2058 1195 2140 potest
1219 2053 1312 2118 obiici
1337 2051 1402 2116 alia
1424 2072 1480 2118 re·

296 2177 381 2262 puta
402 2176 449 2242 10
473 2178 565 2243 Iuris
594 2179 632 2243 in
655 2179 678 2242 6
700 2198 843 2263 nempe:
872 2180 1186 2247 «ratihabitionem
1216 2177 1418 2249 retroacti,
1446 2182 1479 2242 et

297 2301 461 2368 mandato
484 2322 556 2368 non
578 2309 625 2367 est
648 2302 789 2369 dubium
813 2306 1012 2388 comparari
1030 2326 1046 2367 a
1066 2324 1139 2369 nam
1158 2301 1385 2369 ratihabitione
1401 2322 1479 2386 pos-

297 2430 373 2490 sunt
394 2424 517 2491 firmari
540 2435 573 2493 et
596 2426 686 2492 reddi
709 2430 839 2493 omnino
872 2427 1015 2494 efficacia
1046 2436 1119 2496 acta
1149 2449 1232 2514 quae
1264 2427 1391 2493 aliunde
1416 2427 1480 2491 ha·

297 2550 374 2615 hent
397 2553 636 2617 consistentiam
661 2553 846 2628 iuridicam;
871 2562 983 2639 utputa
1007 2560 1193 2621 contractus
1220 2556 1289 2618 initi
1313 2573 1333 2617 a
1356 2573 1478 2639 procu-

297 2682 417 2751 ratore,
435 2679 488 2761 qui
503 2677 543 2742 ad
566 2678 822 2743 contrahendum
844 2700 908 2745 non
927 2680 1066 2747 hahebat
1081 2681 1282 2755 mandatum;
1307 2681 1381 2763 quia
1404 2699 1479 2764 pro-

297 2805 439 2875 curator,
464 2802 558 2866 etiam
587 2802 732 2886 apposito
763 2802 913 2867 mandato
937 2803 1115 2875 destitutus,
1141 2804 1237 2869 hahet
1261 2805 1477 2889 capacitatem

296 2925 478 2989 naturalem
494 2925 726 3000 contrahendi;
743 2945 786 2990 ex
801 2926 940 2992 adverso
961 2926 1058 2992 iudex
1078 2930 1147 2993 sine
1163 2929 1378 3013 competentia
1394 2946 1477 2993 rere

296 3069 362 3113 non
378 3057 426 3115 est
442 3050 547 3121 iudex,
566 3056 615 3115 est
631 3049 822 3116 adamussim
839 3072 979 3137 persona
994 3054 1132 3137 privata.
1149 3088 1165 3101 -
1185 3050 1472 3119 triphenam.
