3292 5109
309 230 354 297 32
828 249 914 296 roas
938 250 975 295 11.

308 376 397 440 latus
416 374 554 441 auditor
568 379 616 441 est
632 394 654 441 a
669 374 806 439 secretis
826 373 1029 456 tribunalis;
1051 375 1148 441 adest
1168 374 1320 441 indicunt
1336 396 1491 461 conpres

307 498 399 565 sibus
406 519 420 581 ,·
447 506 480 565 et
505 500 542 564 in
568 506 697 585 reposto
735 505 886 567 recenset
920 499 1089 581 rescripta
1123 505 1183 565 aut
1217 502 1489 569 resolutiones».

309 626 487 692 Praeterea
503 626 557 689 hic
573 626 710 691 Auditor
726 626 928 691 iudiciariam
945 645 1071 709 quoque
1095 632 1230 692 exercet
1246 632 1436 711 potestatem
1456 629 1489 693 in

308 768 422 814 causas
440 750 590 819 minores,
608 754 672 813 art.
689 746 771 813 334.
791 750 837 813 De
855 748 1010 813 Auditore
1026 768 1107 812 vero
1125 748 1306 815 cardinalis
1324 752 1490 817 Praefecti

306 872 494 939 decernitur
509 878 572 938 art.
584 870 658 939 334
669 874 701 937 d.
715 874 890 940 ‹Auottor
902 874 1147 956 praefecturae
1158 875 1295 941 decreta
1311 877 1490 944 eaaminal

304 1000 454 1081 praelati
470 998 646 1065 auditoris
662 998 854 1070 tribunalis,
871 999 1010 1065 nonaine
1032 1005 1064 1066 ct
1081 1000 1153 1067 uice
1172 1002 1369 1068 Cardinalis
1384 1004 1489 1083 Prae

307 1123 396 1207 fecti.
416 1159 432 1172 -
455 1124 589 1191 Horum
613 1124 748 1190 elecreta
772 1126 957 1209 clifformie,
975 1126 1005 1191 si
1024 1145 1130 1191 causa
1148 1127 1193 1190 10
1215 1128 1353 1194 scutatis
1375 1129 1490 1195 nautor

310 1254 366 1322 est,
391 1250 515 1315 iterum
539 1254 790 1335 capnoscuntur
808 1269 877 1333 per
901 1249 1074 1336 inteprurn
1098 1257 1158 1316 aut
1181 1251 1219 1315 in
1241 1252 1396 1319 articulis
1418 1273 1489 1320 non

308 1372 540 1455 conformibus
563 1393 585 1437 a
610 1372 773 1440 tribunali
790 1373 838 1459 a(
862 1374 884 1461 ).
1462 1347 1465 1352 Ι

396 1496 448 1563 36.
477 1499 676 1564 Procedendi
701 1502 785 1564 ratio
809 1500 895 1564 haud
917 1501 1058 1586 implexa
1077 1506 1126 1565 est
1142 1500 1199 1566 sed
1215 1502 1361 1586 simplex,
1378 1504 1486 1587 prouti

306 1623 389 1709 apud
413 1624 474 1688 alia
499 1623 674 1689 tribunalia
698 1644 852 1689 romanae
876 1625 989 1689 curiae
1012 1645 1141 1709 semper
1156 1627 1270 1710 vigere
1293 1627 1391 1691 soluit
1413 1648 1487 1691 cum

307 1766 424 1832 magno
447 1748 586 1813 iustitiae
610 1748 703 1813 bono.

396 1871 538 1955 Agitatio
562 1871 757 1954 quaestionis
780 1875 830 1935 est
852 1872 965 1935 stricte
988 1870 1158 1943 iudicialis.
1183 1891 1241 1935 seu
1271 1892 1337 1936 non
1364 1872 1489 1936 instau-

308 1998 410 2066 ratur,
434 1993 495 2057 nisi
520 2012 681 2077 unapars
709 1993 847 2059 alteram
878 2014 1022 2079 congrue
1045 1997 1276 2078 provocaverit
1296 1997 1330 2061 in
1354 2001 1489 2060 conten·

306 2121 428 2185 tionem
452 2120 633 2183 iudicialem
661 2140 720 2205 per
743 2120 915 2185 formalem
944 2122 1138 2186 citationem.
1164 2120 1308 2188 Praelati
1332 2122 1490 2188 Referen-

307 2244 388 2308 darii
412 2264 472 2329 per
499 2244 668 2328 quemdam
692 2251 834 2312 turnum
865 2265 979 2311 causas
1005 2252 1173 2313 assumunt
1201 2248 1428 2332 proponendas
1455 2256 1489 2316 et

306 2372 427 2456 aliquot
442 2370 553 2437 diebus
569 2377 644 2437 ante
661 2392 870 2458 congressum
887 2374 1027 2439 iudicum
1042 2376 1109 2459 (qui
1125 2374 1176 2439 die
1194 2376 1280 2440 Iovis
1296 2374 1409 2441 haberi
1433 2396 1488 2442 so·

306 2494 401 2565 lebat.
426 2500 563 2579 excepto
587 2496 789 2559 vacationum
812 2494 971 2579 tempore)
990 2496 1150 2560 Praelatis
1174 2496 1358 2562 vetantibus
1381 2498 1489 2563 distri-

306 2620 447 2685 buebant
478 2618 736 2702 informationes
762 2642 818 2686 seu
847 2622 1002 2705 scriptam
1026 2642 1143 2687 causae
1167 2624 1368 2706 relationem,
1393 2625 1487 2689 exiri-

307 2742 418 2807 bentes
441 2742 663 2807 adiuncturum
688 2744 764 2809 facti
789 2751 820 2809 et
843 2750 1110 2830 argumentorum
1131 2746 1197 2811 litis
1213 2767 1379 2830 summam,
1397 2751 1488 2815 euius

306 2870 474 2955 exemplar
497 2871 593 2935 etiam
615 2869 656 2933 ad
679 2866 818 2954 partium
835 2868 1012 2936 advocatos
1028 2889 1085 2934 seu
1100 2876 1331 2953 procuratores
1351 2871 1489 2937 dabatur

304 3013 364 3079 pro
381 3012 525 3078 congrua
548 2993 747 3059 defensione.
776 3029 792 3042 -
819 2995 954 3059 Potiora
976 2995 1063 3058 enirn
1086 2994 1153 3059 litis
1174 3000 1338 3061 momenta
1353 2996 1412 3061 sibi
1436 2995 1489 3061 ad·

305 3138 411 3191 versa,
444 3118 547 3202 primo
579 3119 745 3202 cognoscit
776 3118 882 3183 altera
912 3138 990 3202 pars
1020 3137 1062 3182 ex
1094 3118 1157 3183 hac
1187 3139 1305 3185 causae
1336 3120 1490 3206 evulgata

304 3243 473 3309 relatione.
501 3278 518 3291 -
544 3240 624 3309 Inde
647 3240 793 3307 advocati
823 3245 954 3328 scriptis
986 3241 1202 3309 conficiebant
1233 3245 1412 3309 orationem
1436 3244 1489 3309 de·

303 3364 475 3437 tensionis.
500 3364 656 3430 iudicibus
687 3384 783 3449 quam
813 3367 908 3431 citius
936 3365 1208 3441 distribuendam;
1237 3371 1268 3431 et
1299 3366 1373 3434 dein
1401 3367 1491 3451 ipsos

305 3489 426 3557 iudices
456 3489 603 3563 adibant,
628 3494 664 3553 ut
684 3495 840 3555 oretenus
868 3511 926 3555 sue
949 3492 1022 3555 iura
1050 3494 1292 3575 protuerentur.
1322 3492 1414 3558 Haec
1438 3494 1488 3559 di-

306 3616 437 3695 scussic,
461 3634 556 3699 quam
579 3615 714 3679 seorsim
745 3613 892 3680 advocati
921 3614 1044 3680 habent
1070 3620 1223 3679 oretenus
1248 3636 1321 3680 cum
1350 3616 1489 3702 singulis

305 3737 470 3819 iudicibus,
488 3738 520 3801 in
536 3737 620 3824 stylo
637 3739 746 3803 euriae
769 3737 888 3802 dicitur
908 3737 1014 3804 oratis
1036 3737 1245 3821 informatio.
1272 3738 1367 3803 Hanc
1390 3740 1489 3807 latius

306 3862 538 3947 explicabimus
568 3882 664 3947 quum
693 3883 827 3949 agemus
858 3862 898 3929 de
928 3863 1083 3928 tribunali
1113 3864 1145 3930 S.
1171 3864 1285 3945 Rotae,
1309 3864 1488 3949 eademque

305 3986 411 4053 adliuc
433 3988 658 4072 frequentatur
681 3988 766 4075 apud
787 3990 820 4057 S.
841 3990 1127 4075 Gangregationes.

398 4164 437 4235 (i)
457 4164 485 4217 ln
499 4165 576 4218 curia
589 4182 704 4220 romana
716 4182 804 4238 usque
820 4167 1091 4238 frequentatissimus
1103 4167 1159 4221 fuit
1171 4185 1231 4223 mos
1243 4168 1429 4223 constituendi
1443 4168 1488 4222 iu·

306 4271 396 4325 dicum
415 4272 473 4327 sive
491 4272 676 4341 singularium
694 4275 753 4330 sive
773 4274 966 4344 collegialium
979 4276 1128 4342 auditores,
1142 4290 1190 4330 seu
1206 4275 1312 4331 iudices
1330 4294 1489 4332 assessores

305 4378 458 4447 detestatos,
474 4380 574 4450 quibus
592 4379 620 4433 in
639 4380 749 4435 diversa
767 4400 897 4438 mensura
915 4383 1071 4438 iurisdictio
1088 4388 1139 4439 aut
1157 4384 1235 4439 notio
1253 4384 1408 4453 delegatur.
