3292 5109
480 316 524 363 DE
548 315 687 363 IUDIGIIS
712 316 979 364 nactastas‘mals
1252 294 1320 361 243

145 438 315 524 sacrisque
329 438 495 525 Reliquiis
510 438 611 514 edita,
628 439 730 505 etiam
747 439 896 525 propria
912 460 1020 505 manu
1036 459 1057 504 a
1074 440 1215 506 Summo
1231 440 1322 507 Pon·

146 564 228 649 tifice
242 563 381 650 uenata
397 586 427 631 a.
446 565 527 631 Inibi
543 572 616 631 rata
632 564 771 630 habetur
788 570 820 630 et
836 563 1047 631 confirmatur
1062 564 1169 649 ampla
1181 568 1323 650 potestas

147 688 207 753 iam
229 708 249 751 a
272 708 330 753 sua
352 689 552 754 institutione
574 689 652 754 buia
676 688 776 775 (long.
801 701 965 762 concessa,
989 687 1141 754 videlicet
1157 691 1323 775 interpre-

146 812 231 877 tandi
255 814 426 898 Rescripta
449 815 516 879 sive
541 832 656 879 recens
681 815 749 879 sive
772 815 947 899 antiquitus
971 832 1126 879 concessa
1151 811 1191 878 de
1218 813 1324 879 Indul-

147 936 262 1023 gentiis
285 940 317 1000 et
339 936 442 1002 sacris
466 936 638 1019 Reliquiis;
663 935 792 1003 additur
815 956 896 1001 vero
919 934 1022 1001 etiam
1043 937 1193 1019 propria
1215 956 1326 1003 manu

147 1078 170 1123 a
192 1056 225 1123 S.
243 1056 566 1146 Pontificc'sipnata,
584 1064 619 1125 ut
639 1061 672 1123 in
695 1058 759 1124 hac
783 1059 991 1124 concessione
1007 1061 1213 1125 contineatur
1228 1062 1325 1125 etiam

147 1182 329 1250 arbitrium
359 1184 559 1268 aperitianis
581 1182 652 1251 aris
675 1204 732 1249 seu
756 1184 853 1249 venia
876 1183 1082 1248 examinandi
1113 1183 1246 1250 decreta
1269 1205 1327 1251 seu

150 1314 318 1397 rescripta,
335 1330 417 1395 quae
431 1311 613 1377 immediate
636 1308 888 1397 proficiscuntur
910 1331 931 1375 a
954 1309 1121 1376 Pontifice.
1147 1311 1195 1379 cf.
1213 1314 1279 1380 aot.
1296 1314 1323 1385 Ι,

149 1458 181 1503 n.
205 1433 290 1502 383.

238 1562 282 1627 Il.
302 1582 320 1623 α
337 1560 529 1633 Dirimencti
560 1561 772 1645 quaestiones
798 1566 831 1627 ct
860 1561 964 1628 dubia
987 1563 1133 1629 minoris
1154 1562 1327 1636 momenti,

148 1704 238 1769 qnae
252 1684 302 1748 ita
316 1683 418 1765 facile
433 1683 520 1749 dilui
542 1690 693 1768 possunt,
710 1688 747 1749 ut
766 1704 900 1751 necesse
915 1704 985 1750 non
1002 1684 1045 1750 sit
1060 1686 1103 1751 ae
1117 1685 1166 1751 eis
1180 1686 1218 1749 in
1233 1686 1327 1751 Emi-

152 1808 426 1875 nentissimorum
453 1809 600 1889 Patrem
631 1809 894 1896 concionatione
920 1810 1161 1893 disceptare».
1195 1809 1256 1883 Qui
1276 1829 1330 1873 ar·

149 1932 277 2013 ticulus‚
299 1932 473 1999 Praefecto
496 1939 529 1998 et
552 1934 737 2000 Secretario
761 1933 949 1999 facultatem
971 1935 1115 2018 impertit
1137 1933 1330 2021 expediendi

151 2056 280 2141 negotia
296 2056 431 2136 minora,
449 2055 562 2140 quibus
582 2060 798 2122 accensentur
814 2058 1017 2139 quaestiones
1032 2057 1173 2122 leviores
1196 2065 1332 2124 exortae

153 2179 185 2241 in
208 2180 403 2246 executione
425 2179 631 2245 decretorum
654 2186 687 2247 et
710 2180 952 2264 rescriptorum.
987 2216 1004 2229 -
1034 2182 1210 2247 Graviores
1232 2201 1332 2265 quae·

152 2306 273 2372 stiones
297 2305 483 2379 enodandae
501 2312 577 2371 sunt
592 2308 624 2370 in
641 2306 788 2391 plenario
804 2310 966 2371 conventu
982 2306 1219 2382 cardinalium,
1243 2309 1334 2373 salva

151 2448 283 2513 semper
299 2429 354 2494 illa
370 2428 513 2493 clausula
530 2429 637 2494 Gonst.
651 2430 826 2496 Clementis
837 2431 897 2504 IX,
914 2431 1081 2497 nimirum:
1097 2430 1205 2498 Nabis
1221 2436 1334 2497 tamen

151 2562 184 2621 ct
206 2556 365 2623 Romano
388 2556 552 2639 Pontifice
578 2573 645 2638 pra
670 2561 820 2639 tempore
850 2557 1014 2623 eccistente
1045 2559 1137 2624 circa
1166 2559 1335 2644 praviora

150 2681 433 2766 distinctioneque
458 2652 627 2747 consultis.

246 2804 306 2869 llI.
327 2803 588 2887 tApprobancti
610 2790 811 2871 Summanu
835 2805 1136 2891 ludulpentiarum
1152 2827 1182 2871 a.
1209 2842 1226 2855 -
1248 2806 1335 2873 Sum·

155 2930 295 2994 marium
319 2934 368 2994 est
382 2929 482 2995 index
498 2926 944 3013 omniumlndulgentiarum,
961 2947 1043 3011 qnae
1059 2928 1156 2993 alicui
1173 2930 1226 3015 pio
1246 2929 1337 3015 operi

154 3055 210 3121 vel
233 3054 379 3121 sodalitio
404 3054 555 3120 dicuntur
584 3053 727 3139 legitime
750 3072 934 3117 concessae.
961 3087 978 3099 -
1004 3052 1156 3136 Exempli
1183 3072 1282 3117 cansa
1304 3055 1337 3115 in
1433 3140 1436 3145 -

153 3176 257 3243 citata
280 3176 470 3240 collectione
493 3176 582 3239 inter
596 3174 763 3256 rescripta
778 3171 974 3239 authentica
993 3191 1077 3258 pap.
1094 3170 1169 3237 473
1185 3172 1225 3236 ad
1242 3172 1337 3237 Sum·

157 3299 311 3365 marium
325 3297 625 3384 Indutpentiarum
641 3302 672 3362 et
686 3296 882 3383 pretiorum
898 3292 943 3383 (l)
960 3294 1193 3377 confratribus
1215 3296 1340 3360 Bautae

167 3424 318 3511 Vi'rpinis
340 3422 477 3489 Mariae
507 3423 550 3489 de
575 3422 689 3489 Monte
715 3422 871 3488 Gamneto
894 3439 918 3487 a
945 3420 1096 3488 Sunsnnis
1118 3418 1340 3505 Pontificibus

155 3570 399 3619 concessarum
425 3585 441 3597 -
467 3550 612 3633 sequitur
635 3549 815 3615 Decretum
838 3549 884 3613 ita
911 3553 1119 3633 conceptum:
1145 3544 1220 3611 Hoc
1248 3564 1340 3610 sum·

157 3676 313 3743 marium
327 3675 392 3741 rite
406 3676 618 3762 recopnitum
641 3678 673 3740 et
695 3673 896 3741 authenticis
911 3672 1134 3748 documentis,
1149 3662 1342 3737 neumarum

253 3904 292 3976 (l)
312 3904 426 3959 Gratiae
444 3904 653 3973 distinguuntur
670 3905 705 3957 ab
720 3902 914 3973 Indulgentiis,
928 3902 996 3973 quia
1011 3902 1082 3957 istae
1101 3900 1279 3956 constituunt
1291 3900 1346 3969 pri·

163 4012 298 4083 vilegium
316 4012 362 4067 vel
381 4012 504 4083 aliquam
522 4010 802 4065 communicationem
823 4010 1052 4080 privilegiorum,
1071 4010 1158 4064 veluti
1179 4008 1209 4063 in
1227 4010 1346 4064 recitato

163 4120 335 4181 Summano,-
355 4120 428 4174 inter
452 4120 558 4188 gratias
581 4121 741 4173 recensetur
760 4117 943 4187 Privilegium
969 4116 1074 4170 dictum
1100 4116 1289 4181 Sabbatinum,
1312 4116 1347 4167 ob

165 4225 360 4294 promissiones
379 4223 467 4278 Beato
479 4221 585 4277 Simoni
600 4222 669 4276 Stolo
689 4240 706 4275 a
724 4220 770 4275 SS.
784 4222 901 4291 Virgine
918 4223 1017 4288 factas,
1030 4223 1217 4291 approbatum
1236 4224 1265 4275 et
1282 4236 1346 4273 con-

163 4332 306 4383 firmatum
325 4330 414 4399 primo
433 4345 450 4381 a
468 4328 570 4383 Ioanne
585 4326 664 4381 xxa
678 4325 761 4381 Bulla
776 4328 820 4381 Sic
839 4328 917 4394 mibi,
936 4327 1071 4381 3Murtii
1084 4326 1162 4379 1322
1181 4326 1264 4381 stab
1285 4314 1351 4378 aliis

166 4435 367 4505 posterioribus
387 4436 576 4490 Pontificibus.
