3292 5109
449 330 493 379 nn
522 331 661 381 rnnrcna
684 332 951 382 nccnnsmsrrcrs
1236 313 1300 381 153

127 468 216 515 naua
246 451 427 537 naamanin
449 472 575 521 nomen
607 452 714 529 Sedis,
741 454 801 522 ubi
829 456 895 522 aito
921 461 971 522 eat
990 454 1154 540 Episcopi
1186 455 1300 538 aedem

128 572 245 641 radicat
276 594 332 642 ex.
358 596 391 665 g.
416 578 455 643 Ν.
480 578 518 645 Ν.
542 578 816 666 Arcbiepiscopus
850 580 1037 647 Corinthius
1065 581 1100 645 in
1131 581 1300 648 Achaia...

129 694 317 770 tutando
337 702 570 791 distinpucradi
592 702 663 769 siret
684 702 860 771 communi
887 704 1116 789 appellatione
1141 706 1302 789 Episcopi

128 828 157 888 et
175 825 346 893 &dariae
367 846 439 895 aon
460 825 760 913 recitationem
781 848 853 896 aon
879 828 1144 914 appellabuntur
1166 831 1199 895 in
1225 850 1300 916 par·

129 946 205 1015 tibus
224 946 409 1025 infidelium,
433 953 493 1019 aad
517 954 737 1037 appellentur
761 954 799 1019 ia
831 954 1018 1036 communi,
1043 957 1089 1020 uti
1114 954 1301 1041 iampridem

129 1072 277 1141 lamere
302 1081 360 1157 eal,
384 1076 538 1163 Episcopi
560 1097 621 1145 acu
646 1078 814 1145 Ecclesiae
837 1079 985 1145 titulares
1001 1100 1032 1144 ›.

212 1194 287 1260 127.
313 1196 448 1283 Negotia
477 1197 737 1266 extraiudicialia
766 1205 991 1285 proponuntur
1020 1201 1097 1267 huic
1120 1200 1219 1286 (long.
1241 1220 1303 1285 per

128 1320 282 1405 supplices
302 1319 431 1387 libellos
453 1342 512 1388 seu
533 1322 736 1389 memorialia
751 1320 809 1411 (1),
831 1325 965 1408 quaein
981 1324 1172 1392 Paetocotlo
1194 1325 1301 1391 atatim

211 1572 251 1643 (l)
269 1571 365 1634 Quoad
383 1570 494 1627 modum
509 1572 579 1629 haec
592 1574 725 1629 exarandi
739 1580 768 1629 et
781 1574 914 1631 offerendi
927 1572 1066 1630 tabulario
1078 1592 1127 1631 eeu
1141 1575 1301 1632 Protocello

131 1676 205 1733 haina
222 1678 321 1751 Cong.‚
340 1679 441 1749 dignae
459 1686 525 1735 eunt
544 1695 616 1751 quae
635 1682 793 1735 reserantur
810 1680 882 1736 duae
906 1680 1019 1736 litterae
1044 1680 1219 1753 encyclicae:
1237 1686 1302 1737 eunt

130 1784 263 1855 mquentis
282 1784 403 1839 tenoris:

210 1887 308 1944 (Cum
327 1888 521 1959 multiplicitas
541 1890 736 1961 negotiorum,
756 1908 828 1963 quae
847 1894 883 1946 ab
906 1890 959 1947 bac
978 1890 1004 1945 S.
1023 1891 1247 1961 congregatione
1267 1892 1303 1947 de

133 1996 207 2066 Prep
225 1996 254 2050 F.
273 2014 324 2067 pro
343 1996 412 2051 loeis
430 1995 594 2053 bliasionum
614 1998 667 2052 eibi
680 1998 795 2053 creditis
814 1998 923 2069 moda
941 2002 1015 2064 aunt,
1033 1999 1062 2053 in
1082 1998 1141 2053 dies
1154 2003 1300 2067 augeatur,

131 2103 324 2169 optatissimum
343 2107 386 2159 eat
405 2109 436 2158 nt
456 2120 498 2172 aa
511 2120 583 2175 quae
596 2104 801 2175 expeditionem
817 2121 910 2160 rerum
924 2104 1131 2159 tractandarum
1150 2105 1302 2170 retardant,

133 2214 325 2263 removeantur.

211 2311 311 2366 «ilinc
330 2318 374 2367 eet
391 2313 464 2383 quod
482 2314 676 2383 infrascriptue
694 2312 825 2383 archiep.
845 2313 998 2370 Larisaeus.
1017 2314 1045 2369 S.
1057 2314 1088 2370 C.
1106 2314 1141 2371 de
1160 2315 1189 2368 Ρ.
1206 2314 1236 2367 F.
1255 2314 1304 2371 Se·

133 2415 257 2469 cretarius
273 2416 354 2471 iuxta
372 2420 494 2472 mentam
514 2414 575 2471 Enii
594 2416 750 2471 cardinalis
771 2416 895 2473 eiusdem
915 2417 984 2473 SC.
1001 2418 1140 2474 Praefecti
1160 2418 1302 2485 nonnulla,

133 2536 196 2589 quae
213 2522 384 2590 experientia
403 2523 514 2578 edocuit
532 2525 624 2578 minua
642 2522 800 2590 convenire,
826 2520 930 2578 RRriris
942 2524 996 2579 LL.
1010 2524 1165 2580 Ordinariis
1180 2524 1303 2580 indicare

135 2630 307 2683 necesarium
326 2630 441 2695 iudicat,
460 2646 560 2701 rogans
580 2631 634 2685 an
647 2635 678 2687 ut
698 2646 748 2701 pro
760 2632 901 2701 sapientia
914 2636 943 2686 et
954 2630 1024 2697 aeto,
1035 2632 1138 2701 quibua
1150 2636 1303 2700 praestant,

133 2730 218 2785 eadem
230 2732 258 2787 in
275 2732 396 2803 negotiis
414 2750 478 2789 curn
489 2732 542 2788 bac
555 2734 582 2789 S.
595 2733 625 2789 C.
639 2734 768 2790 curandis
784 2734 966 2801 observanda,
977 2736 1078 2805 quibus
1093 2740 1214 2803 oportet,
1227 2751 1304 2790 com·

136 2840 252 2894 mandare
269 2839 368 2895 velint.

212 2959 229 3001 ‹
242 2944 277 2999 Et
295 2945 323 2999 in
343 2944 440 3015 primis
457 2944 607 3015 plurimum
624 2947 742 3001 interest
755 2951 786 2999 ut
799 2961 855 3001 non
868 2944 957 3001 solum
971 2945 1083 3001 litterae
1095 2945 1129 2999 ad
1144 2943 1216 2999 hanc
1229 2944 1255 2999 S.
1268 2946 1298 2999 C.

136 3048 280 3117 expeditne,
299 3050 467 3116 sedetiam,
486 3055 516 3107 et
540 3050 717 3120 praesertim,
737 3051 903 3106 documenta
927 3051 1025 3107 iisdem
1049 3050 1194 3115 adiuncta,
1212 3050 1302 3104 latino

137 3161 238 3211 exarata
254 3156 311 3212 nint
330 3172 466 3224 sermone,
479 3156 523 3213 val
536 3156 634 3212 italico
646 3145 702 3212 “aut
720 3156 837 3227 gallic03
857 3150 1031 3214 caeterarum
1050 3158 1125 3213 enim
1144 3156 1304 3227 linguarum

137 3264 276 3317 communia
293 3263 386 3319 adhuc
403 3280 459 3321 uon
477 3263 598 3319 babetur
615 3266 750 3334 cognitio,
763 3272 793 3321 et
805 3266 991 3335 interpretum
1008 3281 1093 3335 opera
1111 3263 1221 3334 longior
1239 3280 1303 3319 eva·

138 3368 192 3425 dere
208 3372 286 3439 solet,
305 3388 357 3427 nec
376 3372 572 3442 compareatis
590 3378 634 3428 est
653 3390 760 3427 secura.

210 3491 229 3541 a
240 3477 355 3547 Insuper
374 3492 428 3532 non
447 3494 510 3532 raro
529 3478 630 3533 accidit
649 3481 681 3532 ut
700 3477 820 3544 litterae,
833 3495 906 3549 quae
925 3478 1106 3548 recipiuntur,
1120 3484 1178 3533 tam
1191 3479 1303 3533 informi

137 3578 231 3636 calamo
249 3582 424 3653 conscriptae
443 3582 508 3649 nint,
527 3588 559 3637 ut
577 3600 625 3639 eas
645 3583 789 3655 perlegere
809 3584 1004 3639 difficillimum
1025 3586 1062 3639 sit
1086 3586 1171 3640 etiam
1196 3586 1302 3655 peritis,

137 3702 213 3758 neque
230 3688 257 3742 id
275 3690 421 3747 obtinetur
439 3690 544 3761 absque
563 3708 665 3760 magna
684 3691 818 3761 temporis
837 3691 946 3745 iactura
963 3691 1099 3761 gravique
1118 3691 1223 3747 labore.
1245 3691 1305 3746 Ali·

134 3794 232 3861 quando
256 3796 343 3850 etiam
367 3794 483 3853 chartae
510 3796 678 3853 adhibentur
703 3797 805 3853 color-ie
834 3796 972 3862 caerulei,
997 3802 1047 3852 aut
1072 3798 1231 3864 auboecuri,
1255 3804 1305 3853 aut

135 3902 340 3969 transparentie,
359 3904 546 3958 atramentum
572 3918 642 3956 vero
669 3900 770 3956 coloris
796 3902 855 3957 sere
881 3902 954 3969 albi,
972 3902 1013 3956 ita
1037 3906 1069 3955 ut
1095 3900 1209 3956 lectoris
1230 3903 1306 3957 visus

134 4001 246 4072 inprobe
270 4005 451 4075 defatigetur.
469 4004 610 4062 instanter
628 4008 718 4077 igitur
737 4012 853 4077 rogatur
871 4012 903 4061 ut
924 4008 1081 4061 huiusmodi
1106 4008 1304 4078 impedimenta

133 4110 246 4167 emedio
265 4111 410 4166 tollantur.

210 4217 298 4273 (Nec
317 4218 501 4287 incongruum
520 4223 564 4273 est
582 4216 628 4273 hic
646 4218 868 4275 animaduertere
892 4236 1089 4290 nonnunquam
1114 4218 1143 4273 in
1167 4217 1303 4287 epistolia,

133 4331 195 4385 quaa
217 4319 253 4374 ad
277 4320 305 4375 S.
324 4320 437 4391 Congu,
454 4320 500 4377 vel
518 4320 553 4375 ad
572 4318 756 4377 Sanctitatem
776 4322 861 4377 Suam
886 4339 935 4393 per
958 4322 1047 4392 ipsam
1070 4321 1097 4377 S.
1117 4320 1219 4391 congr.
1236 4322 1304 4375 mit·

135 4426 229 4493 tnntnr,
240 4428 357 4485 sormam
375 4428 544 4485 exteriorem
562 4430 652 4499 magis
673 4429 887 4500 respondentem
906 4430 1037 4499 dignitati
1056 4430 1191 4495 virorum,
1204 4430 1305 4501 quibua
