3292 5109
515 300 559 349 na
584 300 724 349 1un1ons
749 300 1017 349 secessissmms
1311 282 1355 349 25

176 420 257 495 ficia,
275 423 457 490 concedunt
476 414 647 513 privilegia
663 431 695 491 et
710 426 774 491 alia
789 424 820 490 id
837 445 958 511 genus;
981 431 1014 491 et
1036 430 1111 491 sunt
1130 424 1353 501 cancellaria,

176 548 331 623 caturia,
352 550 632 617 Paenitentiaiia.
654 552 696 617 Et
719 550 803 615 haec
826 552 935 615 omnia
952 550 1069 635 Officia
1084 552 1153 616 sive
1168 569 1259 615 mere
1276 568 1356 615 exe

175 674 284 741 cuiiva
300 676 369 739 sive
383 678 574 741 exercentis
591 674 845 741 iurisdictionem
868 681 993 741 tantum
1010 676 1225 741 voluntariam
1239 695 1355 741 recen·

174 804 289 866 santur
312 802 345 865 in
369 802 493 867 curiam
513 802 661 869 Gratiae.
688 837 707 851 -
733 802 785 867 Ex
808 802 948 867 adverso
971 802 1002 869 S.
1028 802 1301 889 Congregationes
1324 807 1356 867 et

175 921 352 987 tribunalia
373 926 540 1007 pertinent
563 923 604 987 ad
627 924 750 989 curiam
775 924 939 998 Iustitiae,
964 929 996 988 et
1020 923 1149 1009 planum
1173 930 1246 989 est..

265 1048 319 1113 26.
344 1049 481 1113 Notetur
502 1068 567 1113 non
592 1050 757 1113 recenseri
780 1048 973 1123 Datariam,
993 1048 1253 1122 cancellariam,
1274 1048 1356 1115 Poe·

174 1173 410 1239 aiteatiariam
433 1175 520 1239 inter
545 1194 695 1239 romanas
712 1174 997 1259 congregationes,
1014 1180 1082 1238 tum
1106 1174 1182 1258 quia
1199 1193 1265 1239 non
1285 1193 1356 1239 coa·

176 1296 303 1359 lescunt
333 1295 480 1382 pluribus
503 1296 735 1377 cardinalibus,
762 1301 829 1361 tum
852 1298 929 1379 quia
955 1296 1073 1361 iamdiu
1097 1298 1357 1380 praeexstiterunt

177 1418 326 1484 Sixtinae
347 1420 582 1486 constitutioni.
607 1422 728 1487 Tamen
754 1421 849 1486 hodie
872 1422 989 1506 passim
1013 1427 1047 1487 et
1068 1421 1166 1505 vulgo
1190 1420 1271 1485 haec
1293 1418 1355 1485 Of-

172 1541 250 1609 ficia
272 1526 529 1610 adnumerantur
552 1546 639 1611 inter
662 1546 939 1632 congregationes
963 1564 1131 1625 romanas,
1154 1549 1188 1609 et
1210 1544 1274 1609 hoc
1296 1543 1356 1609 im·

177 1668 309 1753 proprie
331 1666 376 1734 fit.
403 1670 482 1734 Nam
506 1670 692 1735 necessario
717 1669 866 1735 cetaria
887 1675 921 1736 et
940 1666 1153 1735 Cancellaric
1176 1669 1358 1732 extiterunt

176 1792 229 1855 rel
249 1793 340 1859 unita
356 1792 408 1857 vel
431 1794 477 1858 uti
502 1792 653 1857 distincta
671 1792 788 1877 Officia
812 1812 872 1877 pro
892 1792 1040 1857 Ecclesia
1062 1794 1217 1857 universa
1238 1811 1259 1856 a
1280 1796 1357 1856 tem·

178 1936 256 1999 pore
272 1936 335 1999 quo
352 1916 527 1983 Pontifices
543 1918 602 1985 sibi
619 1918 776 1983 nonnulla
800 1922 1015 1982 reservarunt
1036 1914 1193 1982 beneficia
1208 1917 1261 1980 vel
1276 1916 1356 1981 alias

176 2040 449 2127 dispensationes;
467 2041 735 2107 Paenitentiam
751 2062 831 2105 sero
847 2042 953 2126 coepit
974 2060 1075 2125 agere
1089 2041 1124 2105 in
1138 2040 1211 2104 foro
1227 2042 1355 2106 interno

178 2187 236 2251 pro
259 2164 408 2231 fidelibus
437 2168 597 2232 universis
621 2166 827 2232 absolvendis
850 2187 871 2231 a
893 2166 1020 2232 casibus
1044 2167 1152 2251 Papae
1180 2166 1357 2231 reservatis

177 2288 230 2352 rel
246 2289 319 2353 aliis
341 2289 455 2375 gratiis
472 2290 506 2353 in
522 2287 594 2353 foro
616 2290 746 2353 interno
769 2288 925 2354 donandis
949 2288 1048 2353 multo
1071 2295 1146 2354 ante
1170 2290 1296 2354 Sixtum
1312 2289 1355 2353 V.

178 2410 321 2477 Proinde
343 2414 377 2477 in
400 2412 466 2476 illis
493 2410 616 2497 Officiis
646 2412 850 2477 desideratur
878 2412 1051 2498 collegium
1080 2414 1219 2479 iudicum
1243 2412 1355 2479 canli-

176 2540 297 2605 nalium
322 2546 355 2606 et
378 2539 469 2605 adest
492 2539 690 2606 solummodo
713 2539 821 2623 aliqua
845 2539 1106 2625 congregationis
1128 2540 1261 2623 species,
1282 2540 1357 2621 quia

176 2665 307 2749 plurimi
330 2664 417 2729 illius
439 2662 597 2730 officiales
616 2664 778 2730 habentur
800 2663 858 2729 sub
882 2667 976 2729 unius
1001 2663 1181 2731 cardinalis
1203 2662 1301 2728 ductu
1325 2667 1357 2728 et

176 2789 381 2853 auctoritate.
397 2822 415 2837 -
431 2790 468 2852 ln
483 2789 684 2854 documentis
695 2790 870 2873 praecipue
881 2787 1045 2853 veteribus
1058 2788 1089 2853 S.
1104 2788 1358 2892 Poenitentiaria

177 2916 295 2999 passim
320 2914 471 2981 imbuaat
487 2915 670 3001 appellatur
693 2914 734 2981 ob
758 2915 1011 2981 iurisdictionem
1028 2934 1123 2999 quam
1140 2919 1275 2981 exercet
1285 2914 1357 2997 pri·

176 3040 287 3105 catice
309 3042 342 3104 in
365 3040 437 3104 foro
462 3042 592 3105 interno
616 3042 712 3106 etiam
736 3060 874 3105 sacram.
899 3040 1119 3105 confessionis.

266 3161 319 3227 27.
345 3163 490 3247 Denique
515 3183 558 3228 ex
582 3166 650 3249 ipso
675 3164 970 3248 Congregationum
1001 3183 1098 3248 scopo
1127 3169 1216 3248 patet
1244 3184 1357 3229 aarum

177 3306 347 3353 numerum
369 3308 435 3352 non
463 3307 534 3352 esse
565 3291 691 3353 certum
722 3296 754 3353 ei
785 3288 1042 3360 determinatum,
1067 3308 1139 3352 cuni
1167 3309 1188 3352 a
1211 3291 1300 3373 Papa
1323 3290 1356 3352 in

178 3411 245 3478 dies
268 3414 392 3499 possint
414 3414 529 3497 augeri
552 3413 605 3477 vel
629 3413 761 3478 diminui
784 3413 825 3478 ob
848 3413 980 3478 diversa
1001 3432 1124 3498 genera
1154 3413 1357 3497 negotiorum

177 3535 325 3620 adquae
355 3539 605 3603 constituuntur.
639 3538 915 3625 congregationes
939 3558 1019 3601 vero
1042 3537 1161 3601 iamdiu
1191 3536 1358 3602 ordinatae

178 3662 231 3725 vel
262 3680 344 3745 quae
378 3660 572 3727 ordinantur
594 3667 629 3727 ut
659 3664 905 3748 inperpetuum
933 3661 1059 3742 durent,
1094 3661 1246 3726 dicuntur
1268 3661 1357 3728 ordi·

177 3782 301 3849 natica
324 3788 355 3849 et
384 3786 564 3853 consistunt
586 3804 628 3851 ex
652 3784 804 3850 mandata
828 3790 987 3871 potestate
1010 3787 1043 3850 in
1066 3789 1255 3870 perpetuum
1280 3805 1357 3849 con·

178 3925 269 3971 cessa
292 3906 333 3973 ad
357 3907 486 3992 aliquod
512 3910 714 3993 negotiorum
744 3929 849 3995 genus
880 3908 1126 3994 expediendum.
1150 3946 1169 3957 ·
1193 3910 1285 3974 Aliae
1309 3909 1354 3973 di-

176 4036 297 4097 cuntur
319 4034 622 4101 eetraordiaam'ae
645 4041 678 4101 et
703 4038 865 4121 expirant,
881 4036 1028 4101 absoluto
1049 4037 1189 4121 negotio.
1215 4035 1356 4100 Proinde

178 4152 270 4220 nobis
295 4154 515 4222 tantummodo
539 4157 579 4223 de
601 4156 775 4253 ordinariis
810 4157 1032 4225 disserendum
1068 4164 1126 4223 est.
1164 4156 1357 4223 Ordinariae

179 4278 265 4343 enim
280 4276 451 4345 efformant
466 4278 608 4345 officium
627 4252 740 4346 stabile
757 4286 790 4347 et
806 4281 1005 4347 ordinarium
1022 4302 1068 4348 eac
1081 4282 1158 4347 iare
1173 4280 1356 4347 communi.

267 4401 322 4467 28.
346 4403 399 4467 Ex
421 4403 484 4467 hoc
506 4403 669 4486 sequitur:
