3292 5109
365 231 430 309 ils
722 226 747 265 ³·
892 261 978 309 rsus
1001 260 1038 308 rr:

364 374 454 471 pene
476 388 528 472 (I)
549 386 801 475 metropolibus,
831 386 1036 461 Patriarcha;
1062 384 1215 451 videlicet
1243 382 1438 449 Patritrcha
1466 382 1534 449 Gili·
1595 425 1596 428 κ

368 514 440 579 eise
457 498 691 581 'Armeuorum
726 514 760 578 in
793 510 882 579 Urbe
917 509 1281 595 Constantinopolitana-
1304 505 1468 580 residens,
1499 507 1536 571 ab

369 644 402 703 a.
419 637 510 705 1867
517 657 532 722 ;
546 642 580 705 et
595 638 842 704 Patriarchatus
857 636 1100 703 Alexandrinus
1121 654 1182 721 pro
1196 633 1329 720 Cophtis
1343 633 1505 699 restitutus
1517 653 1535 697 a

370 758 401 827 S.
420 744 577 826 Pontiflce
593 759 703 826 Leone
723 760 827 839 XIII,
849 759 1048 845 amplectens
1071 758 1183 824 civiles
1204 756 1347 843 Aegypti
1369 756 1488 822 limites
1508 762 1536 821 et

371 884 535 950 africanas
550 884 743 971 provincias.
760 883 907 950 celebres
922 882 980 950 sub
996 884 1126 949 nornine
1144 882 1345 967 prouinciae
1362 880 1533 965 praedico·

364 1005 464 1072 tionis
488 1005 522 1073 S.
547 1006 669 1073 Marci.
725 1001 728 1007 ’
776 1060 778 1067 .

368 1153 374 1159 ·
459 1130 553 1196 Riius
577 1151 716 1217 graecus
738 1134 771 1197 in
794 1132 905 1219 plures
921 1132 1045 1218 species
1059 1136 1109 1195 est
1127 1130 1257 1196 divisus.
1282 1130 1375 1196 Ritus
1395 1146 1536 1215 praecio

365 1260 418 1323 est
444 1277 566 1341 purum,
590 1258 623 1323 in
647 1278 709 1343 quo
740 1278 804 1325 non
827 1264 952 1325 tantum
979 1259 1112 1344 liturgia
1138 1257 1194 1325 sed
1220 1264 1253 1323 et
1278 1256 1392 1343 lingua
1421 1274 1534 1342 graeca

370 1384 503 1468 antiqua
517 1382 697 1451 adhihetur.
716 1418 734 1433 -
751 1382 819 1451 Iste
834 1386 923 1471 viget
936 1383 1019 1469 apud
1037 1384 1284 1469 ltelograecos;
1299 1382 1469 1467 Giorgiaui
1483 1399 1534 1445 sua

365 1508 476 1594 lingua
500 1512 644 1575 utuntur.
671 1543 688 1557 -
714 1508 807 1575 Ritus
829 1528 975 1595 graecus
996 1513 1046 1575 est
1067 1526 1242 1584 mmmm,
1266 1507 1300 1570 in
1323 1525 1397 1589 quo,
1413 1508 1535 1571 retenta

368 1650 489 1718 graeca
512 1632 651 1717 liturgia,
669 1651 879 1697 rumenorum
900 1630 1031 1717 linguae
1047 1629 1083 1698 iit
1096 1651 1182 1696 usus.
1196 1665 1215 1679 ·
1229 1630 1323 1695 Ritus
1344 1625 1535 1716 praecessit

363 1754 511 1821 tlaoicus
523 1774 566 1819 ex
576 1774 635 1819 usu
648 1754 777 1841 linguae
789 1754 988 1830 slavonicae;
1005 1760 1038 1820 et
1052 1753 1354 1840 graeco-slavonico
1370 1751 1437 1817 ritu
1450 1755 1534 1816 utun

364 1884 420 1945 tur
437 1879 572 1966 Bulgari
588 1882 620 1944 et
633 1878 786 1944 Rutheni.
798 1914 816 1927 ·
826 1880 960 1945 Domum
976 1879 1058 1944 ritus
1072 1875 1217 1965 praeces
1227 1883 1278 1946 est
1288 1878 1447 1946 metcbitu
1456 1875 1535 1963 apud

365 2002 534 2069 melohItas
557 2004 610 2087 qui
633 2002 797 2068 arabicum
813 2003 932 2069 idioma
946 2024 1018 2068 cum
1035 2022 1156 2089 graeca
1173 2001 1307 2088 liturgia
1329 2004 1537 2087 conlungunt.

453 2124 554 2194 Ritus
576 2128 732 2214 syriam
753 2128 967 2195 subdividitur
985 2129 1019 2191 In
1041 2128 1217 2214 syriacum
1237 2146 1377 2211 purum,
1392 2127 1427 2190 iu
1442 2144 1533 2212 syro

309 2244 312 2252 ’
365 2248 591 2323 chaldaicum,
619 2250 653 2315 in
676 2250 993 2337 syro-moronitum,
1017 2250 1050 2313 in
1072 2246 1430 2335 syro-mutabericum.
1456 2282 1475 2295 ·
1499 2248 1535 2310 ln

362 2378 427 2441 ritu
449 2376 583 2462 syriaco
607 2376 779 2443 divisiones
802 2397 867 2443 non
891 2379 1140 2457 constituuntur,
1161 2375 1273 2441 eadem
1296 2374 1423 2439 ratione
1445 2373 1533 2439 acin

362 2502 429 2566 ritu
453 2520 590 2587 graeco;
614 2520 753 2585 namque
778 2506 910 2586 praeter
935 2502 1078 2587 linguam
1108 2501 1292 2586 liturgicum
1318 2498 1482 2564 disemum
1503 2498 1535 2561 in

360 2623 494 2711 liiurgia
517 2624 653 2710 syriaco
677 2624 786 2709 plures
809 2625 893 2689 aliae
916 2625 1063 2689 invectae
1085 2629 1160 2689 sunt
1182 2618 1384 2690 differentiae
1407 2620 1466 2707 (2).

451 2748 523 2814 126.
548 2749 596 2814 De
626 2750 697 2815 iure
727 2750 883 2835 peculiari
913 2769 974 2833 quo
1006 2750 1106 2814 utItur
1135 2748 1219 2813 haec
1246 2748 1279 2814 S.
1304 2747 1403 2832 Cong.
1432 2744 1534 2830 quoad

356 2874 508 2958 regiones
531 2872 589 2938 sibi
613 2872 787 2948 sublectus,
810 2872 1015 2938 adnotatione
1037 2872 1120 2937 haec
1143 2872 1240 2958 digna
1262 2875 1354 2938 sunt:

450 2997 481 3083 1)
513 2998 551 3061 In
585 3016 707 3084 genere
742 2997 923 3083 Regulares
957 2998 1185 3081 cuiuscumque
1216 2995 1349 3063 Ordinis
1378 2996 1533 3083 Religiosi

357 3117 461 3203 quoad
485 3118 676 3184 exercitium
701 3138 799 3183 curae
819 3118 988 3203 pastoralis
1004 3120 1036 3182 iu
1050 3118 1131 3184 Iocis
1149 3118 1248 3203 Cong.
1265 3116 1317 3183 De
1331 3116 1440 3200 Prop.
1457 3116 1531 3182 Fid.

357 3241 517 3316 subiectis,
542 3240 676 3308 subsunt
699 3241 838 3308 decretis
861 3247 895 3308 et
917 3245 1101 3308 auctoritati
1125 3241 1266 3307 eiusdem
1290 3240 1321 3308 S.
1345 3238 1465 3327 Cong.;
1490 3241 1536 3304 ite

449 3524 489 3597 (ll
511 3525 627 3595 inquam
640 3525 746 3580 iuribus
754 3543 830 3597 perse
842 3526 1063 3595 metropoliticis,
1075 3553 1090 3620 .-
1102 3524 1237 3596 quuidem
1251 3523 1377 3595 quamvis
1389 3522 1461 3579 baec
1471 3524 1535 3578 iura

356 3633 458 3703 passim
477 3631 550 3702 apud
569 3630 717 3687 bodleruos
734 3634 894 3687 canonistas
912 3632 1040 3687 dicantur
1058 3632 1187 3689 absolute
1204 3633 1418 3704 metropolitico,
1437 3636 1532 3686 umen

355 3752 400 3790 res
418 3734 533 3791 definita
552 3752 608 3789 non
628 3740 679 3801 est,
698 3735 745 3790 sed
763 3736 840 3790 iussu
860 3737 946 3806 ipsius
964 3737 1109 3791 Pontificis
1122 3754 1206 3806 penes
1218 3734 1291 3792 bunc
1303 3735 1390 3807 Cong.
1402 3737 1534 3807 quaestio

354 3840 384 3893 in
404 3854 521 3895 examen
548 3843 680 3895 revocata
702 3843 745 3895 est
768 3844 799 3894 ut
818 3838 968 3894 definiatur
992 3857 1027 3894 an
1053 3841 1115 3894 iura
1138 3858 1211 3912 quae
1235 3840 1338 3897 eisdem
1360 3840 1535 3896 patriarchis

354 3947 510 4014 supersunt,
529 3944 586 3998 sint
604 3948 714 3999 tantum
732 3946 938 4017 metropolitica
955 3962 990 3999 au
1009 3947 1121 4002 altiora

360 4082 366 4091 ·
441 4052 483 4120 (2)
496 4050 577 4105 Ritus
588 4050 855 4122 syro-melebsricus
867 4058 1015 4109 exercetur
1027 4054 1055 4107 in
1066 4053 1151 4108 indiis
1161 4054 1350 4109 Orusntelibns
1359 4057 1389 4110 st
1399 4054 1455 4110 beo
1464 4054 1532 4109 XIII

353 4170 403 4224 per
421 4152 513 4211 Breve
534 4156 609 4216 Oscae
634 4158 678 4213 rei
701 4174 815 4223 sacrae,
833 4158 892 4213 diei
909 4157 1027 4214 281ut.
1046 4158 1135 4225 1896,
1157 4163 1214 4214 tres
1236 4176 1287 4229 pro
1303 4157 1435 4226 fidelibus
1457 4159 1533 4214 ritus

352 4260 598 4333 syro-malabarici
616 4263 760 4318 constituti
783 4268 849 4319 sunt
870 4264 1030 4320 vicariatus
1047 4266 1098 4320 sub
1117 4267 1207 4320 trtbus
1225 4283 1259 4322 ex
1277 4266 1346 4336 ipsis
1359 4266 1535 4339 syro-mala-

353 4364 518 4419 barensibus
534 4365 683 4435 assumptis
702 4364 822 4420 Vinariis
840 4366 1016 4437 Apostolicis
