3292 5109
332 278 397 345 130
848 299 933 347 rans
958 298 996 346 11.

329 422 476 506 personis
500 424 531 486 et
554 419 699 507 partibus
722 418 899 496 matescau
923 420 957 507 3)
981 439 1139 505 quaenam
1162 422 1232 487 eius
1255 421 1405 506 specialis
1426 442 1502 487 oom-

330 547 488 632 petentis;
513 547 546 634 4)
570 549 701 632 quinam
724 548 765 613 sit
786 545 901 613 modus
923 547 1086 614 tractandi
1106 549 1234 633 negotia
1250 550 1443 634 praesertim
1463 550 1503 613 iu·

329 673 468 739 dioialia.

422 798 492 865 115.
518 798 733 883 Congregatio
765 797 815 863 De
846 795 1086 884 Propaqanda
1108 796 1195 864 Fide
1225 798 1369 863 instituta
1400 797 1459 863 luit
1486 816 1504 859 a

328 924 489 1009 Gregorio
508 923 575 989 XV
598 942 690 990 anno
707 922 798 988 1662
821 924 854 987 in
879 922 1114 988 Constitutione
1130 921 1350 987 Inscrutubiii
1364 920 1504 985 Divinae

327 1048 577 1123 Providentiae,
603 1066 666 1131 qua
689 1048 734 1113 ita
756 1047 897 1114 dilucide
925 1047 1193 1133 congregationis
1216 1067 1332 1133 scopus
1355 1044 1504 1111 determi-

327 1178 441 1239 natur:
468 1172 574 1239 «Etsi
605 1192 627 1238 a
656 1172 713 1254 sei.
738 1190 805 1239 reo.
831 1171 997 1238 Romanis
1019 1170 1240 1271 Pontificius
1264 1171 1503 1255 praedecesso·

325 1298 422 1365 ribus
443 1299 568 1366 nostris
587 1298 757 1383 postorali
779 1298 968 1385 oiqiiontim
986 1316 1050 1381 ope
1064 1297 1176 1365 studio
1192 1304 1224 1363 et
1241 1298 1413 1365 industrio
1439 1300 1504 1365 ela-

327 1424 484 1493 boratam
514 1423 629 1508 fuerit,
662 1440 705 1490 ne
735 1429 806 1490 tam
835 1424 962 1491 mattae
984 1423 1087 1489 messi
1112 1424 1266 1489 deessent
1293 1423 1449 1508 operarii
1477 1414 1505 1490 e't

325 1552 507 1637 nepotiotio
532 1551 614 1618 ltoec
636 1555 755 1616 sancto
778 1568 850 1616 non
872 1549 1112 1636 neqiiqcretnr,
1136 1548 1358 1617 nihilominus
1375 1548 1457 1626 Nos,
1469 1556 1506 1616 at

325 1671 450 1738 maiori
474 1691 551 1737 cum
573 1670 752 1757 oiqitautia
777 1674 807 1736 et
828 1668 968 1753 fauore
991 1688 1077 1754 opus
1096 1670 1262 1755 prosequi
1279 1673 1506 1755 possimuset

324 1794 558 1879 inposterum
580 1812 788 1860 successores
812 1790 942 1860 Nostri.
957 1792 1108 1875 possint,
1132 1794 1381 1861 monadorum
1410 1814 1505 1861 octe·

322 1921 485 1989 rabitium
507 1920 661 2004 fratrum
683 1918 891 1987 Nostrorum
908 1917 942 1985 S.
959 1917 1000 1982 R.
1017 1919 1055 1983 E.
1077 1914 1316 1985 Gordioutinm
1334 1917 1506 2002 peculiari

322 2047 548 2115 sollicitudine
569 2046 743 2132 nepotium
767 2044 1048 2112 committendum
1071 2045 1247 2121 dussimus,
1259 2050 1369 2126 prout
1391 2049 1507 2113 tenore
1611 2061 1612 2066 ’

319 2156 554 2255 praesentium
577 2170 818 2237 committimus
842 2175 873 2235 et
896 2169 1195 2235 demandamus».

415 2292 488 2359 116.
515 2291 697 2367 Pontifices,
717 2292 952 2379 antequanm)
969 2292 1126 2358 directius
1140 2292 1370 2377 prospicerent
1384 2291 1505 2357 nomini

325 2418 617 2484 Christianointer
640 2416 786 2483 infideles
810 2417 1038 2504 propagando,
1064 2416 1296 2481 consuluerant
1325 2417 1507 2482 catholicae

324 2539 397 2606 fidoi
424 2542 512 2608 inter
533 2539 644 2607 fideles
675 2540 895 2627 protegendae
920 2538 966 2625 (2)
988 2540 1030 2605 ab
1052 2540 1294 2605 haereticorum
1323 2540 1461 2607 insidiis.
1487 2578 1504 2590 -
1611 2626 1613 2647 Ε

412 2822 451 2890 (1)
471 2822 571 2878 Fertur
590 2820 656 2875 huic
673 2823 749 2891 operi
770 2839 869 2876 manus
888 2822 1041 2877 admovisse
1061 2822 1190 2878 Pontifex
1215 2821 1329 2878 hortatu
1354 2824 1507 2893 praecipuo
1611 2825 1612 2828 ’

323 2928 465 2983 cuiusdam
478 2926 646 2983 carmelitae
665 2926 834 2995 discalceati,
854 2928 947 2982 Patris
960 2928 1095 2983 Dominici
1109 2946 1126 2983 a
1138 2929 1199 2984 lesu
1212 2932 1242 2983 et
1254 2930 1354 2995 Maris,
1368 2930 1417 3001 qui
1431 2930 1507 2985 inter

323 3032 496 3087 consultores
514 3030 746 3099 congregationis
765 3029 964 3086 adnumeratus
981 3030 1043 3084 tuit

412 3137 452 3211 (2)
465 3138 495 3191 ln
513 3137 683 3208 propositum
699 3136 733 3190 ct.
749 3135 905 3203 Verricelii,
922 3138 1068 3191 Troctotus
1080 3138 1116 3191 de
1128 3137 1296 3209 Apouottcts
1308 3139 1507 3205 missionibus
1611 3209 1613 3212 Ι

323 3244 390 3299 item
409 3242 564 3297 Baliarium
583 3241 665 3295 huius
683 3240 924 3311 congregationis
938 3241 1063 3296 lamvero
1076 3241 1167 3309 Bulla,
1179 3243 1277 3297 brevia
1295 3248 1325 3298 et
1342 3243 1458 3298 decreta
1471 3244 1507 3298 sd
1611 3239 1612 3252 ¹

321 3349 393 3405 hanc
412 3350 498 3419 Cong.
517 3349 682 3420 spectantia,
699 3348 773 3403 edito
791 3349 905 3403 fuorunt
923 3350 953 3402 in
973 3367 1057 3402 unum
1076 3349 1196 3404 collecta
1209 3350 1315 3405 &mae
1327 3368 1352 3404 a.
1369 3351 1434 3406 1641
1451 3355 1505 3407 sub
1611 3359 1612 3366 ’

322 3458 417 3513 titulo:
440 3456 652 3511 constitutiones
664 3455 842 3527 Apostolicoe
857 3456 884 3510 S.
900 3456 983 3527 Coup.
996 3457 1032 3511 de
1046 3457 1235 3529 Propopanda
1246 3458 1507 3516 Fide.Prodiitu1·
1611 3465 1613 3468 ’

322 3568 384 3619 tera
396 3564 526 3619 collectio
536 3564 641 3618 Romae
654 3582 679 3616 a.
693 3562 782 3617 1775
795 3563 942 3632 inscripta:
957 3564 1122 3619 Bullatium
1134 3565 1311 3636 Pontificium
1324 3564 1351 3618 S.
1368 3564 1453 3635 Coup.
1468 3568 1506 3620 dc

322 3671 512 3743 Propoqando
524 3669 603 3725 Fide.
623 3668 679 3723 Sub
698 3668 793 3723 eodem
813 3668 899 3722 titulo
912 3669 1017 3725 Romae
1035 3688 1061 3723 α.
1082 3670 1161 3723 1839
1179 3670 1265 3724 tertia
1276 3669 1408 3726 collectio
1427 3671 1506 3726 edite

321 3780 372 3831 est.
392 3772 472 3829 Nunc
491 3776 519 3828 in
538 3771 726 3845 typographia
745 3772 910 3844 Polyglotta
928 3772 1011 3827 huius
1030 3774 1056 3828 S.
1074 3774 1160 3843 cong.
1179 3776 1230 3829 sub
1249 3776 1345 3845 praelo
1363 3781 1416 3843 est,
1434 3794 1506 3831 cura

321 3878 473 3950 Raphasilis
487 3879 525 3934 Do
538 3879 675 3947 Muttinis,
688 3878 834 3933 Sacrorum
849 3880 1000 3946 Antistius,
1011 3881 1060 3933 Ins
1074 3880 1250 3950 Pontificium
1263 3882 1298 3936 dc
1311 3881 1504 3952 Propnpouda

321 3982 402 4050 Fide,
415 3984 493 4037 cuius
512 3983 614 4053 prodiit
632 3984 688 4037 iam
707 3984 855 4053 septimum
875 3984 1013 4039 volumen.
1035 4014 1068 4027 -
1088 3985 1240 4041 Praetores
1255 4003 1290 4041 ex
1309 3986 1406 4042 eadem
1420 3990 1505 4057 typo-

321 4090 438 4159 graphia
451 4089 616 4161 Polyglotta
634 4107 659 4143 a.
676 4088 888 4145 instetissent
903 4091 1083 4147 Collectuuec
1096 4092 1124 4147 S.
1140 4093 1369 4166 Conpreqotionis
1381 4098 1418 4149 dc
1434 4096 1504 4150 Pro·

317 4196 451 4265 pacanda
464 4195 544 4263 Fide,
557 4211 629 4266 quae
647 4195 774 4250 continet
790 4210 846 4249 nou
860 4199 969 4250 tuntum
989 4198 1033 4251 ias
1046 4197 1232 4267 Pontificatum,
1249 4199 1297 4253 sed
1311 4195 1403 4268 magis
1422 4204 1504 4270 patet

320 4302 444 4357 reterens
463 4304 584 4357 Decreta
600 4302 800 4357 distractiones
813 4302 968 4374 Rescripta
986 4302 1052 4357 Alia
1067 4303 1246 4361 Collectonea
1263 4306 1406 4376 prodierat
1419 4308 1504 4362 Pari-

320 4408 368 4459 siis
380 4424 405 4460 a.
416 4406 497 4460 1880
509 4405 584 4461 edita
596 4422 613 4459 a
623 4406 800 4478 Presbyteris
809 4406 976 4462 Parisiensis
986 4408 1135 4464 Societatis
1146 4410 1309 4465 Missionum
1320 4410 1500 4466 Exterarum.
