3292 5109
240 263 308 329 324
770 282 854 328 rans
878 282 915 328 11.

377 404 411 490 3)
435 405 601 470 Concessit
619 404 807 470 facultatem
823 406 1050 471 convalidandi
1064 408 1175 474 titulos
1188 405 1431 473 beneficiorum.

243 546 315 591 cum
346 526 474 591 occulta
503 524 707 592 inhabilitate
730 525 784 589 vel
811 526 876 591 alio
899 528 977 591 vitio
1000 528 1141 610 occulto,
1167 530 1264 593 etiam
1287 530 1320 594 in
1343 548 1422 595 con-

242 672 353 725 cursu,
379 652 463 716 male
486 649 701 716 obtentorum.
738 653 878 737 Excepit
899 655 1071 720 nonnullos
1094 675 1206 735 casus,
1228 656 1422 741 praesertim

242 776 396 841 simoniae
420 776 517 840 realis
540 777 682 842 scienter
705 781 904 841 contractae.

377 898 410 985 4)
435 899 600 965 Concessit
615 900 803 965 facultatem
820 900 1021 965 condonandi
1037 900 1090 964 vel
1106 901 1301 975 remittendi,
1317 900 1424 986 quoad

241 1024 327 1089 male
358 1024 465 1089 ablata
487 1024 540 1089 vel
564 1029 704 1098 retenta,
734 1012 860 1110 partem
890 1025 1031 1107 aliquam
1065 1025 1324 1109 delinquentibus
1347 1046 1425 1111 pau·

241 1146 382 1231 peribus,
407 1146 534 1229 quando
558 1145 689 1211 domiai
712 1146 832 1212 incerti
855 1150 934 1210 sunl
955 1150 987 1210 et
1010 1164 1109 1212 casus
1132 1146 1262 1212 occulti.

376 1268 411 1354 5)
434 1268 528 1335 Dedit
551 1270 648 1334 etiarn
671 1268 859 1333 facultatem
884 1269 1055 1334 relaxandi
1078 1290 1138 1354 pro
1161 1270 1234 1335 toro
1258 1272 1423 1335 conscien-

160 1468 161 1473 ἵ
242 1393 307 1457 tiae
331 1392 512 1457 iuramenta
546 1411 766 1476 quaecumque
789 1392 823 1455 in
853 1391 967 1475 quibus
994 1393 1197 1477 exploratum
1229 1396 1271 1459 sit
1298 1394 1423 1459 nullum

243 1517 428 1613 cuiusquam
444 1518 497 1601 agi
513 1515 764 1601 praeiudicium
788 1518 865 1582 item
886 1517 1091 1603 dispensandi
1107 1517 1331 1583 commutando
1347 1522 1423 1584 vota

243 1642 399 1727 simplicia
423 1643 519 1705 etiarn
543 1647 720 1715 reservata,
745 1649 777 1708 et
801 1643 909 1707 Horas
932 1644 1115 1708 canonicas.
1154 1629 1159 1639 ’

377 1764 409 1850 6)
435 1763 590 1848 Specialis
605 1764 895 1829 animadversionis
916 1764 1032 1850 dignae
1055 1769 1130 1829 sunt
1153 1768 1379 1831 concessiones
1400 1785 1424 1829 a

243 1887 403 1955 Pontifioe
431 1890 538 1954 factae
562 1890 835 1955 Poenitentiariae
866 1892 956 1955 circa
978 1889 1422 1974 dispensationes'matrimo·

243 2016 356 2082 nieles.

334 2144 371 2206 ln
403 2142 485 2225 quod
517 2144 715 2228 propositum
747 2143 830 2209 scitu
858 2141 1030 2208 admodum
1056 2143 1134 2208 utile
1165 2147 1230 2215 est,
1263 2162 1421 2226 quaenam

242 2263 329 2327 inter
353 2262 469 2327 Ouriae
493 2260 611 2328 Officia
634 2262 673 2327 de
696 2264 759 2328 hoo
783 2268 881 2348 agant
907 2264 1037 2349 negotio
1061 2269 1254 2347 etquenam
1284 2263 1421 2326 ratione.

244 2387 394 2451 Iamvero
407 2406 466 2471 per
480 2385 709 2452 Secreteriam
720 2386 882 2452 Brevium
896 2386 967 2452 See.
981 2385 1115 2451 concedi
1135 2385 1240 2450 solent
1255 2384 1422 2469 dispensa·

241 2512 345 2576 tiones
361 2511 519 2595 supremis
533 2509 736 2594 Principibus
753 2516 785 2575 et
799 2510 915 2574 literae
931 2509 1181 2575 revalidatoriae
1196 2529 1254 2574 seu
1270 2528 1422 2573 Panisos

242 2656 377 2703 vanans
401 2636 458 2721 (ita
481 2635 586 2701 dictae
609 2636 684 2719 quia
710 2635 893 2700 sanationes
916 2636 1075 2701 valebunt
1093 2634 1241 2718 perinde
1268 2613 1307 2699 ao
1330 2634 1357 2698 si
1380 2632 1422 2697 ab

241 2761 332 2824 initio
353 2780 448 2825 error
464 2780 528 2823 non
544 2758 725 2844 obrepserit
739 2779 800 2823 nec
816 2759 880 2823 alia
899 2759 1040 2824 adfuerit
1055 2778 1153 2824 causa
1175 2758 1345 2844 nullitatis)
1363 2756 1421 2843 (1);

242 2905 388 2971 quaeque
421 2886 538 2950 literae
572 2884 759 2949 obtinentur
793 2883 835 2949 ad
870 2884 1013 2949 sananda
1047 2884 1320 2969 dispensationum
1342 2883 1422 2947 vitia

242 3030 341 3094 super
364 3008 522 3074 Brevibus
538 3006 578 3072 ab
595 3008 706 3073 eadem
731 3008 917 3074 Secretaria
941 3010 1107 3073 emanatis.
1126 3044 1145 3055 -
1161 3008 1193 3074 S.
1211 3009 1245 3074 G.
1262 3008 1293 3073 S.
1312 3005 1421 3074 Officii

242 3133 405 3219 dispensat
427 3134 461 3198 in
477 3132 712 3218 impedimentis
727 3133 989 3217 provenientibus
1011 3133 1117 3216 aliquo
1141 3152 1185 3197 ex
1206 3133 1293 3197 facto
1310 3130 1421 3196 Fidem

243 3260 430 3344 attingente,
448 3259 480 3322 in
497 3258 579 3342 quod
605 3258 645 3322 H.
667 3258 699 3323 S.
717 3259 816 3343 Cong.
841 3264 890 3322 est
913 3262 1108 3343 competens,
1132 3262 1246 3342 utputa
1269 3259 1303 3320 in
1326 3257 1421 3340 impe·

245 3383 385 3449 dimento
409 3384 530 3449 mixtae
554 3382 742 3467 Religionis,
767 3381 964 3466 disparitatis
991 3382 1096 3446 cultus
1119 3381 1172 3444 vel
1195 3378 1322 3465 quando
1346 3378 1421 3445 deli-

243 3514 331 3574 ctum
355 3512 405 3571 est
427 3510 571 3571 notatum
596 3506 776 3590 suspicione
798 3506 954 3580 haeresis,
972 3507 1072 3570 veluti
1094 3505 1279 3591 polygamia
1297 3508 1353 3569 aut
1368 3523 1421 3589 po-

243 3630 404 3719 lyandria.
423 3666 441 3679 ·
459 3631 525 3695 Pro
545 3629 625 3695 locis
640 3631 838 3704 Missionum
855 3630 1108 3716 dispensationes
1132 3632 1165 3694 in
1190 3634 1327 3714 utroque
1348 3628 1421 3693 foro

243 3756 451 3843 regulariter
474 3753 695 3821 conceduntur
717 3776 777 3840 per
799 3776 956 3841 organum
981 3756 1012 3821 S.
1030 3754 1063 3820 C.
1088 3754 1135 3817 De
1152 3754 1249 3839 Prop.
1276 3751 1363 3824 Fide,
1387 3753 1422 3815 et

244 3882 435 3966 respective,
461 3878 567 3963 quoad
590 3878 740 3963 regiones
764 3880 792 3943 ei
817 3878 986 3951 subiectas,
1011 3896 1071 3965 per
1087 3876 1121 3943 S.
1143 3874 1245 3962 Coap.
1270 3873 1422 3961 Negotiis

333 4174 371 4245 (l)
392 4173 549 4229 Secretaria
568 4172 697 4228 Brevium
717 4173 765 4226 dat
783 4172 894 4227 litteras
909 4172 1030 4243 perinde
1048 4171 1146 4225 valere
1171 4170 1206 4224 ad
1230 4168 1354 4222 sananda
1371 4181 1422 4218 sua

244 4280 359 4345 Brevia3
378 4279 434 4334 alia
448 4278 619 4349 Dycasteria,
635 4277 723 4332 veluti
736 4277 966 4346 poenitentiaria,
984 4276 1071 4332 etiam
1089 4276 1157 4330 daut
1174 4276 1285 4329 litteras
1299 4272 1422 4342 perinde

243 4390 351 4455 ualere,
370 4388 404 4441 ad
423 4386 559 4441 sanandas
577 4403 641 4439 suas
661 4383 770 4440 litteras
789 4385 1010 4455 dispensationis.
