3292 5109
311 284 357 351 42
830 302 916 350 rens
938 302 977 350 11.

312 428 344 495 ll
367 427 537 495 tribunale
563 428 655 493 delto
679 424 712 493 S.
735 424 823 491 Rota
845 423 956 499 Rom„
980 426 1173 511 scriptorem
1194 423 1258 489 hnc
1280 422 1321 488 de
1344 442 1382 487 re
1404 422 1489 507 prin·

311 551 425 637 cipem.
444 586 462 600 -
485 552 617 616 Demum
643 550 822 637 Gregorius
844 548 929 615 xvl
953 551 987 613 in
1009 569 1068 614 suo
1090 548 1209 617 Codice
1231 547 1318 613 edito
1338 566 1385 612 m.
1404 564 1489 630 puo-

305 679 388 763 prio
410 699 440 743 e.
467 678 553 746 1834
576 676 671 763 plura
694 678 889 743 reformavit
910 678 944 741 in
966 676 1030 742 hoc
1052 675 1207 741 tribunali
1230 673 1289 761 (lt

495 979 518 1061 ἓ
544 979 573 1044 ι.
602 976 652 1043 ne
674 975 898 1044 racemum
921 976 1102 1043 meumes
1125 975 1161 1042 s.
1183 974 1301 1042 noue.

310 1237 526 1295 summarium
546 1267 580 1280 -
599 1240 643 1293 45.
663 1238 829 1292 Auditorum
852 1255 984 1298 numerus
1001 1238 1069 1292 olim
1088 1237 1227 1300 incertus;
1246 1236 1313 1292 dein
1330 1242 1423 1292 certus
1440 1237 1489 1292 sed

399 1348 501 1402 verius.
528 1347 566 1402 De
592 1348 703 1402 Deceno
727 1347 753 1400 S.
779 1348 876 1402 Rotae
895 1376 930 1389 -
948 1348 992 1401 46.
1012 1346 1163 1417 Eliguutur
1180 1345 1307 1401 nonnulli
1328 1361 1364 1400 ex
1389 1347 1489 1401 esteris

399 1456 566 1510 ustionibus.
586 1454 678 1510 Semel
697 1457 779 1511 electi
803 1461 870 1509 sunt
887 1456 1091 1510 inamosioites.
1115 1483 1155 1496 -
1177 1455 1221 1507 47.
1239 1457 1285 1508 An
1302 1453 1360 1507 sint
1383 1454 1488 1509 iudices

398 1564 529 1634 delegati.
547 1592 584 1605 -
602 1565 645 1619 48.
664 1567 703 1618 At
715 1564 817 1618 sufficit
835 1581 892 1618 uns
910 1566 1066 1621 commissio
1084 1564 1170 1618 etism
1182 1578 1233 1633 pro
1250 1563 1409 1618 sententiae
1420 1578 1488 1619 exe·

399 1671 520 1726 cutione.
539 1700 573 1713 -
592 1670 635 1724 49.
655 1670 747 1724 Etiam
766 1687 821 1741 piru
835 1670 964 1725 stasne
976 1686 1032 1724 non
1049 1686 1105 1741 qus
1116 1670 1268 1725 Anulum
1286 1685 1385 1723 censes
1401 1670 1489 1724 susci·

399 1780 479 1849 piunt
502 1777 674 1832 decidendas.
699 1804 737 1819 -
760 1778 804 1831 50.
825 1776 856 1831 ln
874 1777 963 1831 sacris
980 1776 1170 1830 functionibus
1188 1776 1282 1845 Pspse
1305 1776 1440 1831 assistunt
1457 1776 1487 1830 in

397 1883 484 1952 gradu
503 1882 726 1936 subdiaconatus.
744 1910 782 1923 -
799 1882 843 1935 51.
854 1880 963 1943 Quibus
976 1881 1161 1953 qualitatibus
1180 1880 1286 1950 pollere
1297 1880 1418 1935 debenut
1430 1882 1488 1935 Au·

396 1988 515 2055 ditores3
540 1994 568 2042 et
591 1987 729 2059 quodnam
754 1989 977 2057 experimentum
999 1990 1132 2043 fecerent
1163 1988 1263 2042 Plures
1293 1987 1488 2044 solemnitates

396 2098 544 2149 serventur
556 2094 583 2147 iu
597 2094 764 2163 cepssseudo
776 2094 876 2147 officio.
895 2122 931 2136 -
948 2095 992 2148 52.
1012 2094 1052 2149 De
1065 2095 1158 2149 iurnte
1169 2094 1343 2165 obligatione
1355 2096 1485 2151 mmmdi

396 2200 495 2255 secreti
521 2216 578 2269 que
601 2200 815 2269 adstringuntur
840 2200 990 2254 Auditores
1013 2217 1165 2272 eorumque
1183 2200 1320 2255 Sludisorr.
1344 2200 1487 2262 Quomodo
1520 2211 1524 2218 ’
1642 2217 1643 2228 ’

397 2310 577 2375 componatur
591 2304 732 2359 Auditor-is
752 2306 890 2359 Studium.
909 2335 944 2347 -
962 2305 1006 2359 53.
1026 2305 1065 2360 De
1078 2306 1246 2360 Auditorum
1261 2306 1419 2361 honoreris.

388 2538 450 2603 45.
473 2538 513 2603 In
536 2536 671 2603 exordio
698 2540 909 2623 praestitutus
932 2558 996 2603 non
1020 2544 1093 2605 erut
1114 2558 1270 2605 numerus
1292 2538 1485 2607 Auditorum

306 2661 361 2743 qui
395 2660 505 2746 Papae
542 2680 675 2747 opernm
712 2659 831 2726 darent
864 2663 897 2727 iu
931 2659 1121 2727 definiendis
1154 2662 1273 2730 litibus.
1309 2664 1484 2749 Postquam

307 2786 445 2852 loannes
459 2784 559 2851 XXII
583 2788 682 2852 certis
695 2786 821 2872 legibus
845 2788 1017 2873 collegium
1033 2789 1232 2853 constituere
1254 2790 1370 2874 coepit,
1387 2790 1484 2857 etiam

304 2908 496 2977 Auditorum
535 2922 688 2975 uumerus
726 2910 960 2978 determinatus
996 2911 1059 2976 fuit
1094 2910 1152 2977 sed
1189 2914 1290 2993 varie,
1318 2933 1483 2999 quousque

305 3030 416 3099 Sintus
448 3034 505 3106 lV,
542 3036 649 3101 Ooost.
682 3034 833 3103 Romani
863 3036 1055 3123 Pontificis,
1086 3057 1116 3102 n.
1144 3038 1239 3119 1472,
1263 3038 1410 3104 decrevit
1439 3058 1484 3106 ex

304 3156 483 3224 duodecim
499 3158 709 3225 Auditoribus
732 3160 903 3246 collegium
927 3162 1131 3237 coalescere;
1155 3167 1188 3226 et
1210 3161 1306 3227 hodie
1329 3162 1392 3226 hoc
1411 3163 1484 3229 iure

305 3282 406 3346 utitur
429 3282 522 3347 Rota.
550 3318 567 3331 -
592 3284 645 3349 Ex
666 3281 836 3349 duodecim
861 3283 1068 3350 Auditoribus
1090 3284 1328 3369 Decanustille
1354 3304 1481 3351 nuncu·

304 3410 416 3489 pstor,
441 3407 495 3489 qui
517 3407 679 3491 antiquior
709 3412 759 3473 est
782 3410 986 3493 cooptatioue
1016 3410 1049 3473 iu
1080 3409 1252 3494 collegium
1283 3415 1316 3474 et
1345 3428 1482 3474 munere

303 3528 451 3614 fungitur
476 3530 639 3597 Praesidis
664 3532 932 3599 etModeratoris
954 3534 1136 3601 tribunalis.
1155 3537 1230 3601 -Iu
1253 3534 1393 3601 sedendo
1417 3538 1481 3603 Au·

303 3650 423 3717 ditores
446 3672 546 3736 usque
570 3661 703 3720 servant
724 3656 871 3721 ordinem
894 3658 1092 3724 antianitetis
1112 3656 1169 3745 (2).

391 3882 431 3953 (l)
450 3884 579 3938 Eiusdem
604 3886 754 3940 tribunalis
778 3886 924 3941 historiam
949 3894 979 3942 et
1003 3888 1111 3958 praxim
1135 3889 1283 3958 descripsit
1303 3891 1428 3945 Bondrno
1451 3896 1481 3947 et

303 3989 423 4056 Villetti,
442 3993 471 4045 iu
489 4008 533 4061 op.
553 3994 596 4047 cic.
617 4022 630 4034 -
649 3992 749 4049 Omnis
768 3994 935 4050 Auditorum
955 3997 1105 4066 privilegia
1122 3998 1341 4052 recensuitcen.
1355 3999 1479 4068 Toleto,

301 4095 330 4145 in
348 4110 442 4164 opere,
462 4097 584 4151 «Breve
603 4100 776 4167 esposisione
789 4100 971 4170 cronotopicn
989 4103 1035 4155 dei
1050 4103 1188 4172 pricilepi
1200 4108 1324 4160 concessi
1334 4105 1395 4175 apti
1415 4105 1480 4159 Udi·

301 4200 357 4253 tori
374 4202 453 4255 delta
473 4202 499 4255 S.
520 4202 591 4257 Itota
611 4202 643 4257 lt.
657 4217 682 4261 »,

389 4302 428 4374 (2)
442 4303 470 4357 ln
485 4306 692 4374 praestituendo
705 4324 820 4364 numero
831 4310 883 4363 ΧΠ
896 4310 1062 4364 Auditorum
1076 4311 1206 4367 Pontifex
1219 4314 1375 4382 exprimere
1389 4312 1479 4369 voluit

301 4405 331 4461 in
349 4407 495 4463 Auditorio
513 4426 658 4465 causarum
677 4410 703 4465 S.
721 4411 824 4465 Palatii
843 4414 960 4466 formem
980 4413 1099 4485 collegii
1118 4417 1281 4486 Apostolici.
