3292 5109
484 316 528 363 DE
552 315 691 364 IUchllS
716 315 982 365 noctsfflasrlom
1265 295 1333 363 213

242 438 316 503 178.
342 438 559 513 Quamobrem
581 444 712 525 praetor
740 441 872 526 negotia
902 459 992 504 mere
1020 436 1280 503 administrativa
1302 441 1335 502 et

144 562 305 647 gratiosa,
329 562 362 626 in
388 561 502 645 quibus
524 562 693 646 quaeritur
721 560 760 627 de
787 561 912 648 legibus
931 560 1092 646 liturgicis
1123 558 1334 644 exequendis,

145 685 363 772 corrigendis,
380 691 436 752 aut
452 685 646 773 derogandis
661 691 719 753 aut
734 685 840 751 denuo
856 686 1057 757 ordinandis,
1074 703 1189 750 causas
1212 683 1336 749 dirimit

146 810 234 879 haec
257 813 289 879 S.
314 814 413 899 (long.
437 832 518 881 vere
549 812 784 885 contentiosas,
808 810 951 878 iudiciali
983 811 1047 876 ritu
1075 810 1334 896 cognoscendam

144 936 306 1003 eiusmodi
329 942 405 1005 sunt
426 938 670 1003 controversiae
692 936 1020 1023 praeminentiamm,
1045 934 1103 1001 sed
1126 956 1201 1001 cum
1223 936 1338 1021 primis

146 1079 270 1127 causae
280 1058 559 1127 Beatiflcationum
572 1065 605 1126 et
617 1060 915 1141 canonizationum,
928 1062 961 1124 in
980 1058 1094 1144 quibus
1106 1060 1248 1145 potiores
1259 1078 1335 1145 pro·

144 1204 271 1260 cessus,
288 1204 404 1273 nempe
420 1184 606 1269 apostolici,
624 1187 698 1250 sunt
718 1184 902 1250 instruendi
925 1202 986 1269 par
1008 1188 1201 1269 potestatem
1217 1182 1337 1249 abhoc

145 1311 253 1397 Gong.
277 1310 475 1398 delegatam
499 1311 656 1377 nonnulla
679 1331 759 1376 vero
782 1330 954 1397 processus
976 1314 1053 1376 acta
1075 1307 1116 1374 ab
1141 1308 1255 1375 eadem
1277 1328 1336 1396 po-

146 1440 275 1503 nuntur
291 1455 364 1501 cum
381 1436 478 1521 pleno
494 1436 605 1521 rigore
621 1435 743 1501 ordinis
757 1433 926 1501 iudicialis.
940 1470 959 1483 -
973 1433 1138 1509 Quocirca
1148 1433 1232 1500 haec
1245 1439 1338 1501 notat

146 1560 197 1625 De
214 1561 311 1633 Luca,
336 1579 391 1643 op.
408 1560 460 1626 cit.
484 1560 574 1626 Dtcc.
593 1559 634 1625 18
655 1560 764 1626 n.10:
785 1580 804 1623 α
822 1561 912 1625 Bene
934 1579 1014 1624 vero
1038 1558 1123 1644 quod
1148 1560 1211 1624 ista
1236 1560 1335 1647 Cong.

146 1684 254 1769 magis
265 1703 361 1767 quam
377 1684 461 1749 aliae
476 1683 615 1768 aliquam
627 1683 800 1749 tribunalis
817 1684 1007 1749 contentiosi
1024 1684 1200 1769 imaginem
1212 1681 1337 1749 habere

145 1806 289 1888 videtur,
310 1805 479 1871 formando
502 1825 673 1891 processus
697 1826 771 1871 oum
795 1808 945 1872 examine
960 1807 1089 1873 testium
1110 1806 1144 1869 in
1163 1806 1255 1871 ouria
1276 1823 1337 1891 per
1422 1887 1426 1899 Ι

146 1931 409 2014 notariumque
441 1930 486 1995 uti
521 1928 603 1995 solet
634 1931 668 1995 in
699 1931 808 1995 causis
835 1931 886 1996 vel
914 1930 995 1995 actis
1023 1925 1278 1995 Beatificationis
1302 1931 1336 1992 et

147 2054 410 2121 Canonizationis
433 2054 625 2121 Sanctorum
648 2075 687 2121 ac
710 2056 809 2121 etiam
834 2052 1041 2121 concedendo
1067 2054 1286 2119 remissoriam
1302 2054 1337 2119 in

147 2177 297 2265 partibus
321 2184 354 2244 et
376 2199 475 2266 super
505 2199 568 2263 qua
599 2178 641 2243 ad
670 2180 775 2245 instar
806 2180 875 2243 eius
905 2178 990 2263 quod
1021 2176 1208 2262 quotidiana
1231 2177 1336 2243 Rotae

147 2307 264 2392 praxis
287 2305 390 2379 docet,
408 2305 563 2371 formales
586 2305 817 2391 disputationes
840 2304 956 2371 haberi
979 2305 1084 2371 solent
1107 2324 1168 2391 per
1188 2307 1337 2373 tramites

148 2430 231 2494 iuris
255 2433 288 2494 et
311 2449 384 2494 cum
408 2427 528 2494 eisdem
552 2429 684 2519 regulis,
702 2428 742 2493 de
761 2428 875 2513 quibus
898 2446 960 2495 auo
985 2428 1030 2493 tit.
1051 2428 1094 2493 de
1117 2429 1187 2495 aad.
1212 2430 1246 2493 in
1269 2448 1337 2496 ma·

146 2554 236 2619 teria
258 2552 466 2618 remissoriae
482 2557 514 2617 et
536 2554 571 2616 in
585 2551 691 2617 altera
714 2552 951 2636 compulsoriae
966 2549 1013 2635 (l)
1037 2570 1094 2617 seu
1120 2552 1333 2618 extractionis

241 2728 280 2797 (l)
299 2730 473 2783 Remissoria
486 2732 529 2783 ost
541 2727 685 2783 decretum
698 2744 747 2781 seu
761 2727 928 2796 rescriptum
946 2726 1146 2796 delegationis3
1165 2731 1195 2782 et
1207 2727 1248 2785 Da
1260 2701 1337 2781 Luca

150 2836 194 2889 De
213 2834 339 2902 Iudiciis
359 2836 433 2891 Disc.
448 2836 499 2900 28,
518 2835 580 2888 aa3
598 2850 632 2889 ex
651 2835 728 2904 stylo
746 2835 850 2899 curiae,
869 2834 911 2887 ita
929 2833 1053 2902 explicat
1072 2834 1137 2904 quid
1156 2834 1193 2887 sit
1212 2834 1337 2905 compul-

148 2942 237 2996 soris:
255 2954 272 2993 e
288 2939 482 3011 Compulsoria
501 2941 596 3011 itaque
615 2946 658 2995 est
677 2940 812 3011 quaedam
832 2938 1005 3005 commissio,
1024 2956 1106 3009 quam
1126 2938 1223 3005 iudex,
1242 2954 1336 2992 coram

150 3063 206 3118 quo
225 3064 309 3101 causa
325 3046 435 3116 pendet,
449 3046 534 3101 tradit
553 3046 700 3102 Ordinario
718 3047 773 3101 ioci
787 3045 832 3101 vel
846 3045 929 3099 alteri
949 3061 1084 3114 personae
1098 3045 1126 3098 iu
1147 3043 1337 3099 ecclesiastica

148 3155 290 3224 dignitato
315 3154 495 3221 constitutae,
514 3153 645 3209 existenti
666 3154 694 3208 in
715 3154 841 3224 partibus
860 3153 1009 3223 inquibus
1034 3152 1106 3206 adsit
1131 3152 1269 3221 scriptura
1287 3168 1337 3205 ex-

150 3260 297 3326 trahenda,
311 3265 350 3325 ut,
364 3268 506 3330 assumpto
525 3261 637 3330 publico
655 3267 685 3316 ct
704 3262 821 3330 probato
840 3260 966 3327 Notario,
985 3260 1074 3313 citata
1093 3263 1122 3313 et
1140 3257 1237 3312 audita
1256 3261 1337 3327 parte

149 3368 327 3435 iuteressata,
341 3368 469 3438 iactaque
488 3366 583 3423 debita
601 3367 761 3437 cognitione
774 3366 922 3436 protocolli
936 3365 981 3420 vel
998 3364 1115 3421 alterius
1134 3362 1289 3432 originalis.
1301 3380 1337 3418 ex

149 3493 206 3547 quo
226 3475 367 3545 publicum
392 3475 608 3527 instrumentum
628 3474 673 3529 val
699 3473 774 3527 aliud
793 3472 987 3528 authenticum
1007 3476 1213 3541 transumptum
1240 3474 1336 3526 extra-

151 3583 274 3640 hendum
292 3588 349 3649 est,
368 3580 525 3636 huiusmodi
554 3584 757 3638 extractionem
776 3583 837 3637 fleri
863 3598 942 3651 posse
961 3586 990 3636 et
1009 3582 1109 3637 debore
1128 3583 1275 3645 decernat,
1295 3582 1338 3636 ita

149 3688 212 3743 iure
233 3686 421 3757 delegationis
439 3686 591 3756 supplendo
610 3686 654 3741 vel
674 3685 840 3756 explicando
859 3690 952 3755 partes
970 3686 1070 3739 iudicis
1089 3704 1199 3753 causae,
1215 3687 1238 3741 si
1258 3703 1338 3756 prae·

149 3810 215 3849 seua
240 3796 314 3849 essct
340 3793 369 3846 in
394 3791 457 3846 loco
474 3807 500 3851 »-
520 3792 688 3848 Benedictus
706 3792 758 3845 illl
782 3792 810 3845 in
829 3790 932 3845 decret.
952 3792 999 3844 cit.
1025 3794 1058 3847 Ut
1076 3794 1185 3847 debitus
1203 3808 1275 3863 quo,
1294 3794 1337 3847 uti

149 3898 353 3967 explicavimus
367 3914 392 3950 n.
405 3896 450 3961 97,
463 3896 592 3967 prohibet
605 3912 704 3951 causas
717 3914 783 3951 vere
795 3896 983 3951 contentiosas
996 3896 1128 3964 cognosci
1142 3896 1214 3965 apud
1227 3895 1254 3949 S.
1266 3894 1339 3950 Con-

150 4004 339 4074 gregationos,
359 4006 438 4057 notat
456 4020 554 4057 causas
574 4002 763 4058 contentiosas
783 4019 843 4057 esse
856 4005 886 4055 in
899 4004 998 4073 quibus
1016 4004 1192 4057 necessarius
1212 4012 1252 4056 eat
1266 4019 1336 4072 pro·

150 4126 246 4165 caesus
264 4111 408 4164 iudicialis
426 4118 475 4164 aut
491 4110 557 4179 fieri
574 4110 674 4165 dabam
692 4113 886 4181 probationes,
905 4112 990 4164 citata
1007 4121 1098 4181 prrrte,
1117 4111 1178 4165 sive
1195 4111 1337 4165 mediante

151 4213 257 4265 iustum
277 4220 303 4265 et
321 4212 572 4266 instrumentorum
597 4214 783 4283 productione
806 4229 841 4265 ac
864 4212 1081 4282 reproductione
1108 4215 1167 4266 sice
1194 4212 1338 4267 mediante

151 4320 284 4373 emmim
305 4318 416 4372 testium
433 4318 463 4369 in
482 4320 561 4371 curio
580 4319 641 4373 sive
659 4318 800 4374 mediante
826 4318 1002 4388 expeditione
1028 4318 1188 4373 litterarum
1207 4321 1339 4374 remisso-

152 4414 265 4472 rialium
284 4422 334 4471 aut
352 4417 609 4488 compulsorialium
629 4422 682 4473 eto.
