3292 5109
394 285 482 339 QUAE
506 286 541 332 ΙΝ
565 286 714 335 SECUNDO
736 286 914 336 VOLUMINE
938 289 1177 338 CONTINENTUR

191 407 240 459 est
264 409 424 474 competens
449 406 502 461 nisi
528 407 613 476 Cong.
639 408 684 462 SS.
707 408 756 463 Ri-

195 481 284 542 tuum,
306 493 368 548 pag.
388 479 448 532 240.
469 507 484 520 -
505 479 666 534 Facultates
691 480 756 534 huic

192 547 415 618 Congregationi
440 551 519 604 Motu
543 555 662 622 proprio
685 552 757 606 Leo·

195 619 315 676 61611111
333 626 532 690 competentes,
553 640 614 692 pag.
628 623 755 678 240-251.

197 831 203 844 ι
252 762 434 888 Cotnprepatio
448 763 616 828 Laureiona,
631 782 693 835 pag.
704 765 757 819 275

192 849 225 887 16
243 850 280 888 66
294 852 319 888 a.

252 975 435 1047 Conprepotio
453 980 570 1050 nepotis
584 979 650 1034 eccl.
662 989 756 1034 adtra-

190 1047 349 1102 ordinariis
368 1053 544 1120 praeposita,
569 1067 635 1118 pag.
654 1051 706 1104 261
726 1055 755 1104 61

194 1134 269 1189 seq.;
282 1149 296 1160 ·
312 1125 440 1175 naturam
454 1122 585 1190 exprimit
600 1122 755 1192 0666816-

191 1185 248 1254 ebs,
268 1209 329 1260 pag.
349 1194 410 1246 261.
424 1223 440 1233 -
454 1193 520 1246 Eius
544 1209 642 1262 scopus
661 1199 690 1247 61
709 1211 755 1246 na·

196 1267 267 1327 tura,
288 1281 350 1334 pag.
369 1265 430 1318 265.
454 1294 466 1304 -
486 1264 627 1325 Quomodo
646 1281 756 1331 compo-

195 1339 286 1399 natur,
302 1353 362 1404 pag.
377 1335 438 1390 266.
451 1364 466 1375 ·
481 1335 546 1389 Eius
560 1337 753 1404 competentia,

193 1405 260 1458 ibid.
282 1407 356 1460 -De
382 1408 531 1476 provinciis
559 1408 755 1462 ecclesiasticis

189 1476 273 1528 errius
299 1481 411 1548 negotia
438 1478 505 1533 haec
530 1477 755 1547 0666666661-

194 1549 279 1609 strat,
299 1565 360 1619 pag.
381 1551 441 1604 267.
462 1579 477 1590 -
498 1550 536 1604 06
562 1551 621 1604 61116
647 1551 755 1604 ratione

189 1619 304 1687 agendi,
322 1637 385 1690 pag.
405 1622 465 1676 268.

250 1761 432 1834 Conprepatio
448 1765 545 1835 plena,
565 1779 625 1832 pag.
645 1762 688 1816 98.

249 1903 433 1976 Conprepatio
456 1906 621 1961 Praelatitio
647 1905 755 1959 adnexa

192 1971 410 2046 Congregationi
426 1978 543 2032 Concilii
557 1976 592 2030 ad
605 1976 754 2046 expedien-

189 2044 242 2098 das
260 2050 438 2118 quaestiones
463 2051 497 2103 ab
525 2047 667 2117 Episcopis
689 2063 755 2116 pro·

194 2119 298 2184 positas
307 2121 452 2174 occasione
464 2120 638 2174 visitationis
651 2118 697 2172 SS.
709 2119 753 2173 Li·

190 2188 308 2255 16161116,
326 2207 389 2260 pag.
412 2192 471 2246 182.

253 2331 436 2402 Conprepatio
468 2335 536 2400 (de)
565 2289 754 2403 Propapnnda

195 2399 274 2467 Fide,
287 2421 349 2474 pag.
367 2406 416 2459 129
428 2410 457 2460 61
469 2419 527 2476 seq.
543 2435 558 2444 -
573 2404 656 2458 Ratio
675 2405 754 2457 insti-

190 2473 319 2540 tutionis,
339 2493 400 2546 pag.
420 2477 475 2531 130.
490 2507 505 2518 -
521 2477 686 2530 Pontificum
699 2475 754 2528 sol·

192 2541 308 2598 licitudo
323 2547 349 2599 iu
367 2547 559 2618 comparandis
578 2547 675 2601 mediis
694 2552 752 2600 tum

190 2617 349 2671 moralibus
374 2624 432 2672 tum
454 2620 701 2690 patrimonialibus
719 2618 753 2671 ad

193 2687 337 2744 missiones
350 2689 547 2758 provehendas,
558 2707 619 2759 pag.
628 2689 752 2744 130-134.

192 2787 209 2796 -
228 2759 280 2814 Rei
299 2764 492 2817 oeconomicus
518 2762 691 2830 praepositus
710 2765 753 2815 est

188 2829 356 2896 cardinalis,
377 2850 437 2902 pag.
455 2833 512 2887 135.
532 2863 548 2873 -
568 2832 695 2900 Negotiis
714 2832 752 2885 ri·

192 2906 238 2954 tus
265 2903 410 2957 orientalis
441 2903 593 2958 tractandis
624 2903 753 2971 specialis

189 2977 299 3026 statuta
323 2981 366 3029 est
385 2975 587 3046 Congregatio,
609 2991 671 3043 pag.
695 2973 751 3027 135.

1307 271 1376 340 533

867 411 1049 478 Conprepatio
1060 412 1136 479 (pro)
1151 413 1290 466 revisione
1301 411 1372 464 Con·

811 482 943 535 ciliorum
954 484 1170 551 prouincialium
1184 483 1292 536 adnexa
1302 481 1374 536 Con·

810 555 969 622 gregationi
988 554 1115 619 Concilii,
1135 570 1199 624 pag.
1222 553 1282 608 1112.

867 695 1051 766 Conprepatio
1066 696 1173 750 Ilitibus
1189 698 1277 750 sacris
1286 712 1375 767 prae-

808 771 907 837 posita,
921 784 983 836 pag.
995 769 1047 820 207
1061 773 1158 838 etseq.
1173 797 1188 807 -
1203 768 1270 822 Eius
1282 767 1372 836 origo,

811 854 867 907 pag
894 840 954 891 208.
974 868 990 878 -
1010 839 1076 891 llius
1094 857 1194 892 61116116
1216 839 1292 893 cirea
1309 839 1376 892 iura

811 910 1023 977 praelationum.
1046 927 1107 978 pag.
1127 911 1195 974 2093
1214 939 1229 949 -
1249 915 1278 965 et
1296 910 1372 963 circa

810 997 908 1034 causas
921 982 1164 1035 Beatificationum
1182 985 1212 1035 et
1221 980 1376 1035 06666166-

810 1053 927 1116 tionum,
946 1054 1011 1106 ibid.
1030 1079 1045 1092 κ
1066 1052 1211 1120 Officiales,
1230 1053 1297 1106 ibid.

900 1123 1101 1192 Competentia.
1116 1141 1178 1194 pag.
1188 1124 1249 1177 211.
1260 1153 1276 1164 -
1286 1124 1374 1178 Ratio
1451 1139 1454 1145 ’

811 1194 983 1264 procedendi,
995 1212 1056 1264 pag.
1068 1195 1128 1248 213.
1140 1225 1155 1235 -
1167 1194 1206 1250 06
1215 1196 1301 1248 variis
1309 1213 1373 1264 spe-

809 1268 905 1320 ciebus
924 1275 1119 1330 conventuum,
1139 1283 1201 1335 pag.
1221 1267 1282 1320 211.

899 1336 1040 1398 Quomodo
1062 1339 1253 1392 instaurentur
1271 1354 1374 1393 causae

809 1409 1053 1463 Beatificationum
1078 1416 1107 1463 et
1126 1409 1374 1463 canonizationem

810 1497 873 1550 pag.
886 1481 947 1544 217;
964 1482 1060 1535 confer
1078 1482 1177 1534 etiam:
1198 1482 1375 1536 Beatificatio

809 1563 840 1606 et
851 1553 1040 1605 canonizatio.
1054 1582 1070 1592 -
1085 1551 1162 1606 Decr.
1178 1551 1284 1606 Urbani
1299 1551 1373 1616 Vlll,

810 1639 873 1692 pag.
892 1623 954 1676 218.
969 1653 984 1663 -
999 1622 1162 1677 Differentia
1178 1623 1252 1677 inter
1271 1623 1372 1677 Beatif.

810 1699 840 1748 61
857 1693 996 1758 Canania,
1016 1711 1078 1763 pag.
1094 1694 1154 1746 229.
1177 1724 1191 1734 -
1213 1694 1251 1749 De
1269 1695 1371 1749 secreti

808 1765 875 1834 lege
893 1766 1029 1819 servanda
1041 1768 1076 1819 ab
1090 1766 1124 1818 iis
1142 1766 1188 1835 qui
1208 1765 1280 1835 apud
1300 1765 1374 1820 11666

809 1836 895 1906 Cong.
912 1837 942 1890 in
961 1837 1070 1890 iudiciis
1084 1837 1185 1890 fleant.
1198 1843 1228 1890 61
1240 1836 1371 1890 0666616.

809 1915 918 1977 partem
931 1907 1043 1975 habent,
1057 1925 1117 1978 pag.
1133 1907 1193 1960 231.
1207 1937 1223 1947 -
1239 1907 1277 1961 06
1290 1907 1374 1962 libris

809 1979 1042 2034 remissorialibus
1070 1997 1118 2032 seu
1146 1978 1371 2047 compulsoriali·

809 2052 869 2110 bus,
883 2067 945 2118 pag.
959 2051 1020 2103 233.
1032 2080 1047 2090 -
1059 2050 1097 2104 06
1110 2050 1260 2115 advocatie,
1273 2066 1374 2119 procu·

809 2123 950 2176 ratoribus
962 2128 991 2176 et
1002 2122 1227 2192 postulatoribus,
1238 2120 1371 2192 666232

866 2265 1050 2334 Conprepatio
1069 2265 1176 2330 robalis,
1196 2280 1258 2333 pag.
1277 2265 1324 2318 75.

865 2407 1047 2477 Conprepatio
1066 2407 1116 2474 (in)
1137 2407 1253 2461 Sacram
1273 2406 1376 2460 Visite·

809 2478 920 2543 tionm,
940 2495 1001 2547 pag.
1022 2478 1083 2531 381.

865 2621 1048 2690 Conprepotio
1067 2623 1173 2690 (super)
1189 2620 1267 2673 Statu
1286 2638 1374 2690 repu-

809 2693 872 2759 lari,
893 2709 955 2762 pag.
971 2692 1029 2747 161.
1049 2721 1065 2731 -
1086 2692 1239 2759 Praecipua
1257 2691 1372 2746 decreta

807 2779 905 2818 recens
921 2763 997 2818 edita
1008 2765 1044 2815 ab
1056 2762 1108 2815 hac
1122 2763 1217 2831 0666,
1232 2778 1293 2831 pag.
1310 2762 1369 2816 162.

808 2865 823 2875 -
839 2835 956 2890 Decius
975 2834 1170 2903 competentia,
1190 2850 1251 2903 pag.
1275 2833 1334 2887 163.

868 2977 1053 3048 Conprepatio
1092 2978 1197 3031 Studiis
1236 2977 1372 3044 rependis

195 3043 232 3097 De
242 3046 754 3100 commissioneadrevisionemetcor·
803 3053 974 3120 praeposita,
989 3066 1051 3118 pag.
1062 3049 1114 3103 276
1124 3057 1153 3103 et
1163 3047 1371 3118 sem-Quando

190 3116 344 3171 rectionem
358 3117 491 3172 librorum
506 3117 646 3171 Ecclesiae
656 3116 752 3169 Orien·

190 3185 267 3250 talis,
281 3205 343 3257 pag.
361 3188 602 3251 137.-0111616166,
616 3203 678 3256 pag.
693 3188 750 3241 140.

283 3257 321 3312 116
347 3261 534 3330 competentia
559 3259 640 3313 huius
665 3257 751 3328 Cong.

188 3330 222 3380 et
240 3327 267 3381 in
281 3331 373 3398 specie
386 3332 419 3386 de
434 3336 571 3401 potestate
585 3329 709 3383 iudiciali
723 3334 752 3384 et

191 3397 361 3468 legislativa,
382 3419 443 3470 pag.
467 3402 523 3457 149.
543 3433 560 3442 -
580 3402 619 3455 De
637 3401 751 3469 speciali

192 3470 252 3524 iure
266 3472 413 3526 Pontificio
426 3491 481 3544 quo
495 3479 611 3529 utuntur
624 3473 752 3541 regiones

191 3541 257 3594 nuic
275 3541 492 3614 Congregationi
512 3546 661 3610 subiectae,
688 3559 750 3613 pag.

195 3611 253 3666 143.
274 3642 289 3653 -
309 3615 449 3676 Quaenam
462 3617 519 3670 sint
539 3614 694 3669 huiusmodi
711 3631 752 3668 re·

190 3684 296 3752 giones,
318 3703 379 3755 pag.
402 3688 459 3742 141.
480 3713 494 3728 ·
516 3687 641 3741 Potiores
660 3685 750 3740 lacul-

191 3759 265 3808 tates
297 3757 401 3810 ordinis
437 3757 651 3812 administrativi
686 3756 751 3810 huic

187 3824 277 3895 Cong.
297 3834 494 3898 competentes,
513 3846 576 3898 pag.
598 3829 656 3882 148.
677 3857 692 3868 ·
713 3827 751 3882 De

192 3897 300 3952 ratione
326 3900 488 3968 procedendi
509 3902 537 3954 in
562 3900 682 3968 negotiis
700 3917 750 3952 ex-

192 3967 421 4034 traiudicielibus,
442 3988 502 4040 pag.
520 3971 578 4034 153,
592 4001 607 4011 -
620 3971 648 4023 in
664 3985 750 4039 nego·

192 4037 239 4091 tiis
258 4040 442 4108 iudicialibus,
463 4059 524 4112 pag.
540 4042 598 4097 156.
615 4071 628 4081 ·
644 4041 682 4096 De
701 4058 751 4096 ex·

188 4109 331 4178 peditione
350 4120 384 4167 61
408 4114 572 4169 executione
601 4111 750 4182 rescripto·

188 4195 262 4248 rum,
280 4200 343 4253 pag.
365 4184 423 4238 157.

200 4353 202 4360 ·
247 4325 428 4397 Conprepotio
459 4329 565 4398 (super)
596 4329 750 4382 residentia

190 4394 402 4469 Episcoporum,
421 4415 484 4468 pag.
506 4399 563 4453 183.

807 3125 872 3174 616
890 3136 1010 3191 quonam
1030 3121 1167 3185 instituta,
1186 3136 1251 3189 pag.
1269 3119 1331 3172 277.
1351 3149 1370 3158 -

808 3191 875 3245 Eius
885 3192 1072 3260 competentia
1079 3191 1227 3258 generalis,
1235 3207 1297 3260 pag.
1305 3189 1371 3255 2783

808 3291 823 3302 -
843 3269 873 3316 et
889 3263 1028 3333 specialis,
1048 3279 1111 3332 pag.
1130 3263 1194 3316 279.

863 3405 1044 3474 Conpressas,
1063 3421 1126 3474 pag.
1146 3405 1189 3458 98.
1285 3435 1289 3442 -

863 3547 1064 3602 Consistoriom
1074 3549 1140 3617 quid
1149 3547 1244 3618 fuerit,
1253 3563 1315 3615 pag.
1327 3545 1367 3600 11.

808 3647 823 3658 -
842 3617 985 3685 0116166111
1013 3618 1089 3673 dedit
1113 3618 1312 3671 Tribunalibus
1339 3621 1370 3672 et

807 3690 1086 3758 congregationibus,
1096 3691 1161 3744 ibid.
1172 3719 1188 3730 -
1199 3689 1370 3743 Hodiernum

807 3759 1007 3814 Consietorium
1016 3773 1164 3823 6666611611,
1176 3761 1322 3830 publicum
1339 3765 1370 3815 et

806 3834 1028 3902 semipublicum,
1050 3849 1111 3902 pag.
1131 3831 1193 3886 253.

861 3973 1003 4040 Consulto,
1023 3991 1085 4044 pag.
1105 3975 1149 4028 91.

806 4116 1014 4240 316connector
1034 4118 1284 4182 Poenitentiariae,
1306 4133 1371 4187 pag.

863 4329 949 4385 Curia
968 4333 1133 4386 dioecesano
1150 4348 1278 4394 romana,
1305 4346 1369 4400 pag.

806 4399 867 4455 375.
887 4431 903 4444 ·
922 4403 989 4464 Quis
1007 4405 1036 4457 in
1055 4405 1116 4473 ipsa
1134 4403 1171 4457 sit
1189 4402 1271 4457 iudex
1294 4403 1370 4457 ordi·
