3292 5109
503 304 548 352 DE
572 302 712 352 tumens
740 298 1006 348 nccnsssllsutcts
1279 276 1342 341 311

167 426 353 493 «Velitum
374 431 423 493 est
445 422 712 509 Enpeditoribns
734 442 805 489 esse
826 439 899 487 nna
922 419 1024 485 amnt
1048 423 1080 483 et
1100 416 1348 500 Enpeditorem

163 558 198 619 ct
227 552 488 619 Adiunctum».
517 552 591 617 Art.
618 548 677 615 16:
708 546 938 613 ‹Adiunctns
967 564 1039 611 non
1056 548 1169 626 potest
1189 541 1258 607 nisi
1280 559 1347 624 pro

166 697 238 745 uno
263 680 396 743 tantam
417 676 626 760 Enpeditore
649 693 752 762 apere
768 694 799 738 ».
822 674 896 739 Art.
924 672 979 737 19:
1006 669 1159 736 ‹Noons
1183 674 1348 731 tanarum

170 802 280 868 tndem
295 801 532 868 determinabit
546 801 736 867 mercedem
750 795 1017 883 Eapeditombns
1035 793 1184 861 debitam
1201 812 1270 876 pro
1293 811 1349 856 ne·

164 924 339 1011 potatam
363 925 562 991 tractatione
579 944 607 988 ›.
626 922 736 997 Quoad
753 922 888 1007 Oollegii
911 919 1170 985 constitutionem
1194 918 1227 980 in
1247 918 1308 979 art.
1326 913 1347 978 6

166 1052 338 1115 statuitur:
365 1048 625 1133 ‹Erpeditores
654 1068 724 1115 non
749 1050 915 1132 poterant
943 1044 1103 1128 deputari
1130 1043 1211 1125 plns
1241 1057 1348 1125 qnam

171 1172 302 1260 mpinti.
325 1173 485 1239 Attamen
508 1172 679 1259 inteqrnm
703 1176 751 1237 est
775 1170 877 1237 Card.
898 1167 1130 1236 Pto-Datario
1151 1162 1272 1249 plnres
1295 1162 1349 1227 de·

163 1304 289 1381 patore
311 1298 342 1364 si
364 1317 451 1381 opus
476 1296 536 1379 sit,
564 1297 790 1363 dummodnm
821 1295 1034 1382 tripeeimnm
1063 1310 1248 1357 naraernm
1276 1306 1349 1353 non

167 1424 337 1491 accedant
352 1445 384 1489 ».
412 1422 571 1509 Officiatis
590 1442 657 1506 pet·
679 1422 807 1489 obitam
834 1422 910 1486 olim
939 1424 972 1485 et
994 1418 1090 1484 hodie
1115 1415 1276 1501 officialia
1298 1411 1349 1479 be·

167 1546 375 1633 aeficiatinm
401 1547 567 1633 eligendus
591 1552 663 1613 erat
686 1547 835 1612 Decanus
851 1544 985 1630 Collegit
1010 1544 1264 1608 Procuratorum
1290 1538 1348 1600 Pa-

166 1668 238 1733 latii
260 1669 456 1754 Apostolici;
480 1668 537 1735 sed
560 1669 656 1735 hodie
672 1667 711 1732 ob
727 1668 839 1755 plures
862 1666 1007 1733 inductas
1027 1666 1221 1729 mutationes
1236 1661 1270 1725 in
1285 1659 1349 1723 hoc

168 1794 294 1871 Officio,
320 1798 472 1881 antiquus
496 1816 566 1861 mos
588 1797 700 1862 forsan
723 1795 860 1881 amplius
882 1795 1011 1860 servari
1033 1813 1098 1857 non
1121 1791 1250 1877 poterit.

256 1921 615 1988 manutenuimus
645 1922 808 1986 Datarium
842 1920 897 1986 aut
928 1918 1177 1983 Pro-Datarium
1204 1915 1348 1998 aliosque

168 2042 334 2111 Officiales
357 2045 510 2110 Datariae
533 2064 573 2109 ea
595 2044 662 2108 frui
691 2045 884 2109 aucmri‘tate
913 2046 949 2107 ut
978 2041 1183 2127 appellentur
1206 2038 1348 2105 oracula

167 2168 264 2235 oioae
294 2169 385 2235 uocis
417 2168 548 2251 Papae.
575 2167 711 2232 -Haec
741 2167 878 2252 qualitas
908 2164 1119 2251 quorumdam
1149 2161 1349 2229 officialium

168 2292 285 2357 Curiae
314 2294 404 2359 iuvat
434 2290 635 2357 enucleatius
658 2289 842 2376 explicare;
866 2291 957 2355 iuxta
979 2289 1214 2374 praescriptum
1240 2286 1346 2351 Const.

167 2415 275 2497 Alias,
300 2415 423 2482 Urbani
448 2412 532 2482 VIII
556 2416 638 2480 haec
662 2414 885 2481 decernentis:
912 2414 1030 2479 «Cum
1053 2417 1161 2479 autem
1185 2430 1245 2495 pro
1266 2414 1349 2475 tem·

168 2558 249 2624 pore
278 2538 489 2605 existentibus
520 2538 683 2604 nonnullis
707 2538 833 2605 Nostris
864 2543 897 2603 et
923 2536 1015 2604 Sedis
1037 2533 1243 2620 Apostolicae
1266 2528 1349 2598 Olfi-

169 2662 305 2729 cialibus
329 2683 385 2729 seu
409 2664 579 2747 MinistriS,
603 2665 656 2749 qui
680 2684 793 2730 eorum
816 2662 998 2728 officiorum
1022 2682 1079 2727 seu
1101 2678 1271 2726 munerum
1295 2678 1350 2722 ra·

166 2786 256 2851 tione
273 2785 312 2852 de
328 2787 454 2872 gratiis,
479 2786 739 2852 concessionibus
762 2791 795 2852 et
817 2784 1076 2871 dispositionibus
1099 2780 1349 2866 quibuscumque

168 2928 229 2995 per
244 2910 310 2975 Nos
327 2910 485 2975 faciendis
501 2909 722 2995 mandatisque
738 2917 771 2975 et
785 2908 977 2976 iussionibus
994 2908 1119 2973 Nostris
1141 2902 1348 2989 exequendis

167 3036 303 3119 aliisque
328 3026 426 3101 rebus
448 3042 481 3101 et
505 3035 643 3122 negotiis
666 3036 829 3121 gerendis,
853 3034 1024 3101 Nobiscum
1045 3033 1174 3098 diversa
1195 3034 1347 3101 tractant,

167 3180 228 3246 per
243 3181 279 3227 se
294 3182 352 3227 seu
374 3162 414 3228 de
438 3182 550 3228 eorum
574 3160 725 3227 mandato
749 3161 908 3233 facienda,
934 3157 1078 3247 gerenda
1093 3166 1126 3225 et
1141 3159 1349 3243 exequutioni

80 3339 83 3345 .
168 3281 393 3348 demandanda
408 3283 506 3349 oioae
527 3284 619 3350 cocis
642 3284 782 3350 oraculo
799 3284 1064 3362 commiserimus,
1081 3286 1114 3347 et
1128 3282 1161 3345 in
1177 3280 1245 3345 dies
1260 3282 1350 3345 circa

169 3427 307 3492 eaquae
324 3408 364 3473 ad
381 3408 551 3474 cuiuslibet
572 3428 686 3474 eorum
710 3406 852 3475 officium
875 3428 932 3473 seu
955 3424 1150 3491 munusque
1170 3406 1350 3491 funguntur

167 3533 335 3618 pertinent
359 3535 603 3607 committamus,
628 3534 693 3599 Nos
709 3532 847 3600 firmiori
870 3540 1036 3620 gestorum
1059 3532 1099 3597 de
1122 3530 1273 3595 mandato
1290 3530 1351 3594 No·

168 3664 236 3723 stro
252 3679 313 3744 per
327 3658 457 3725 eosdem
475 3658 641 3727 Officiales
656 3680 714 3726 seu
729 3661 896 3727 Ministros
918 3659 1077 3726 validitati
1099 3656 1350 3740 eorumdemque

169 3777 367 3845 Officialium
385 3800 441 3846 seu
458 3781 681 3847 Ministrorum
704 3783 871 3847 securitati
895 3782 1066 3849 consulere
1089 3780 1246 3860 volentes,
1261 3781 1350 3843 motu

166 3905 300 3989 proprio
326 3910 481 3987 certaque
505 3905 640 3969 scientia
656 3924 695 3970 ac
711 3910 841 3971 matura
863 3905 1095 3971 deliberatione
1112 3904 1231 3969 Nostra
1246 3902 1349 3986 deque

167 4028 376 4112 Apostolicae
400 4030 568 4113 potestatis
588 4029 798 4113 plenitudine,
815 4027 982 4097 Officiales
998 4050 1056 4095 seu
1070 4029 1237 4094 Ministros
1258 4044 1350 4112 prae

167 4148 279 4225 dictos,
296 4150 409 4235 quibus
433 4152 522 4227 alias,
540 4157 615 4217 ante
639 4159 805 4219 emanatas
829 4153 1012 4239 praedictas
1035 4153 1290 4231 constitutiones,
1306 4170 1349 4215 ex

168 4270 349 4337 officiorum
378 4293 508 4338 suorum
531 4275 724 4367 auctoritate
747 4280 780 4339 et
806 4275 1045 4361 praerogativa,
1070 4274 1110 4339 de
1134 4274 1266 4339 oraculo
1289 4291 1349 4359 per

168 4418 223 4463 eos
250 4418 270 4463 a
293 4398 447 4464 Romanis
475 4397 684 4464 Pontificibus
711 4420 771 4485 pro
798 4404 946 4485 tempore
982 4400 1195 4467 existentibus
1221 4400 1347 4476 habito,
