3292 5109
358 261 424 330 122
875 280 959 328 raas
983 280 1019 327 11.

355 400 485 466 dubium
501 402 698 487 propositum
713 402 773 468 atsi
788 422 810 468 a
824 403 954 468 nemine
974 403 1196 488 impugnatum
1210 400 1425 485 reformatam
1440 420 1535 484 quum

355 547 471 611 nempe
485 525 688 593 arbitrantur
709 525 769 592 snb
792 526 857 590 alio
880 533 1014 612 aspectu
1036 547 1095 592 sen
1117 527 1182 590 alia
1204 525 1263 591 sub
1286 525 1374 592 dubii
1397 525 1537 590 formula

356 651 575 734 quaestionem
599 645 813 716 definiendam
837 669 917 715 esse.

445 773 575 840 Ponens
597 775 742 861 assignat
762 774 847 839 diem
868 774 1095 860 propositionis
1123 793 1241 840 causae
1256 774 1290 838 in
1305 773 1467 859 plenariis
1490 793 1537 838 co

355 900 455 964 mitiis
475 898 704 974 Cardinalium‚
720 900 755 965 in
771 897 886 983 quibus
901 900 969 984 ipse
985 917 1102 963 causae
1117 899 1307 965 relationem
1330 898 1411 964 lacit
1432 897 1536 964 addito

357 1026 425 1090 eius
440 1031 526 1107 voto,
541 1024 771 1108 deliberativo,
788 1027 815 1092 si
834 1027 964 1090 Ponens
978 1028 1020 1091 sit
1035 1045 1118 1090 unus
1138 1045 1181 1092 ex
1197 1025 1440 1101 cardinalibus;
1464 1045 1536 1092 ooo-

356 1149 487 1222 suitium
507 1152 534 1214 si
557 1149 761 1216 secretarius
784 1153 852 1236 ipse
876 1151 1009 1216 referat.

444 1277 628 1360 Antequam
651 1297 769 1343 causae
792 1277 1019 1363 propositionis
1043 1275 1111 1343 dies
1130 1277 1290 1353 adveniat,
1306 1277 1347 1344 ab
1371 1277 1536 1342 advocatis

356 1407 390 1467 et
412 1400 676 1486 procuratoribus
704 1400 875 1467 conficitur
898 1404 1027 1488 scriptis
1050 1401 1273 1485 informati&
1296 1422 1380 1486 quae
1413 1407 1536 1468 constat

356 1529 545 1596 summario
567 1534 739 1605 aetorum,
765 1535 797 1595 et
819 1528 1175 1596 animadve-uomitus
1189 1549 1247 1594 seu
1269 1529 1430 1596 restricta
1453 1528 1537 1593 iuris

357 1655 389 1716 et
409 1648 515 1732 facti;
538 1655 571 1715 et
593 1649 774 1716 huiusmodi
807 1650 1054 1716 informationes
1077 1649 1302 1716 cardinalibus
1333 1654 1367 1715 et
1398 1650 1536 1714 Ponenti

357 1773 442 1839 domi
465 1772 655 1855 redduntur,
671 1793 734 1840 nec
752 1793 817 1838 non
833 1776 871 1858 fit
893 1772 1155 1840 communicatio
1179 1773 1409 1840 aduersarum
1433 1772 1537 1856 infor

357 1897 547 1964 motionum
568 1899 656 1963 inter
677 1902 788 1984 partes
815 1896 1057 1964 contendentes.
1090 1897 1192 1962 Paulo
1215 1902 1291 1964 anta
1314 1897 1401 1962 diem
1426 1917 1537 1981 propo

358 2023 480 2088 sitionis
511 2027 666 2089 oretenus
687 2025 725 2107 fit
746 2021 947 2104 infamatio
971 2041 1011 2086 ea
1035 2023 1161 2087 ratione
1183 2035 1280 2105 qnam
1303 2021 1536 2106 explicavimus

359 2145 398 2210 de
422 2146 505 2211 Rota
528 2150 672 2231 agentes.
708 2210 711 2214 ,

450 2271 523 2338 109.
552 2271 790 2357 Responsiones
818 2291 840 2336 a
867 2272 1018 2338 Patribus
1045 2270 1271 2339 Cardinalibus
1305 2271 1400 2338 datae
1435 2271 1536 2338 dubiis
1607 2253 1608 2312 l

357 2393 529 2480 propositis
550 2396 731 2460 sententiae
745 2395 903 2460 iudicialis
919 2395 984 2460 vim
1003 2396 1195 2468 sortiuntur,
1213 2393 1341 2479 quando
1357 2397 1536 2460 sententiae

359 2519 551 2604 rescriptum
580 2516 761 2604 expeditur,
786 2517 869 2601 quod
894 2537 937 2584 ex
960 2516 1119 2582 hodierna
1142 2520 1237 2602 praxi
1273 2519 1317 2582 ita
1340 2522 1534 2602 praestatur.

448 2641 499 2706 Ad
514 2642 699 2707 instantiam
714 2643 816 2726 partis
831 2642 975 2706 victricis
991 2621 1047 2706 ''vel
1062 2642 1168 2707 victae
1182 2642 1236 2706 vol
1252 2642 1349 2706 etiam
1370 2643 1536 2726 utriusque

358 2767 534 2862 remittitur
548 2767 632 2851 parti
654 2767 786 2832 instanti
809 2771 866 2831 aut
888 2767 1018 2850 utrique
1041 2766 1222 2834 sententiae
1246 2766 1470 2831 authenticum
1490 2785 1536 2830 re
1606 2807 1607 2860 5

358 2891 523 2975 scriptum,
539 2889 643 2957 soluto
665 2890 790 2956 modico
805 2892 911 2976 pretio
934 2892 1053 2976 partim
1077 2891 1203 2958 ratione
1226 2895 1334 2972 taxae,
1351 2892 1470 2976 partim
1490 2911 1536 2955 ra·

306 3029 308 3034 ·
357 3016 446 3082 tione
469 3035 685 3102 expensarum
704 3017 785 3082 editi
805 3016 883 3100 solii
907 3035 952 3082 em
974 3017 1093 3103 officio.
1112 3016 1293 3100 Aliquando
1310 3016 1468 3082 solvenda
1491 3025 1537 3084 est

359 3140 456 3207 etiam
477 3140 738 3206 extraordinaria
754 3143 912 3227 pecuniae
928 3162 1060 3214 summa,
1077 3161 1160 3226 quae
1176 3147 1210 3208 ut
1226 3147 1303 3226 puta
1318 3141 1464 3207 adhibita
1479 3143 1535 3207 fuit

358 3266 393 3329 in
415 3265 630 3331 convocandis
653 3274 687 3333 et
708 3267 876 3333 audiendis
894 3269 1059 3333 nonnullis
1073 3267 1210 3334 testibus
1224 3264 1281 3354 (1),
1297 3273 1354 3332 aut
1373 3269 1407 3332 in
1423 3267 1534 3352 exqui-
1605 3347 1606 3354 ἵ

360 3385 462 3451 reuda
481 3387 598 3471 peritia
620 3407 641 3450 a
662 3388 735 3452 viro
757 3388 842 3452 laico
865 3388 899 3452 in
923 3392 995 3452 arte
1014 3388 1129 3472 perito.
1149 3389 1282 3471 lnquam
1306 3405 1329 3452 a
1351 3387 1426 3452 uiro
1450 3387 1534 3453 laico
1605 3359 1606 3410 t

355 3511 487 3594 partlm
509 3530 532 3575 u
555 3512 746 3578 commitere
767 3513 860 3577 enim
882 3512 957 3578 uiro
981 3512 1202 3578 ecclesiastico
1220 3511 1436 3595 exquiruntur
1452 3517 1532 3582 vota

360 3634 451 3699 nulla
478 3634 626 3699 exsoluta
647 3635 817 3710 mercede;
841 3635 874 3699 hi
899 3636 1056 3720 praebent
1078 3635 1268 3721 praetutium
1291 3635 1532 3718 patrocinium.

451 3759 623 3843 Proprium
638 3765 688 3825 est
709 3759 890 3826 huiusmodi
906 3761 1075 3846 rescriptis
1092 3760 1240 3826 iustitiae
1262 3765 1297 3826 ut
1320 3759 1535 3826 inscribantur

360 3888 394 3947 et
416 3884 620 3951 remittantur
635 3885 712 3969 ipsis
727 3885 872 3969 partibus
888 3882 1173 3959 contendentibus;
1196 3881 1272 3948 dum
1287 3883 1353 3948 alia
1368 3885 1532 3967 rescripta,

449 4182 489 4254 (l)
508 4181 548 4237 Cf.
569 4182 622 4237 vol.
642 4182 662 4250 1,
683 4201 707 4237 o.
721 4183 782 4237 488.
801 4182 864 4249 Sed,
884 4183 925 4237 uti
945 4182 1037 4252 palam
1062 4187 1113 4249 est,
1132 4199 1186 4237 non
1206 4183 1272 4237 victi
1298 4181 1347 4238 sed
1365 4182 1478 4238 uictoris
1494 4181 1533 4236 ia·

361 4291 449 4341 terent
466 4287 593 4341 obtinere
612 4287 777 4356 rescriptum
790 4287 961 4352 senteutiam
981 4285 1113 4340 nimirum
1132 4284 1167 4340 ad
1181 4286 1331 4356 urgendum
1345 4286 1532 4342 executionem

362 4394 402 4448 rai
419 4393 566 4450 iudicatae.
