3292 5109
510 334 555 380 DE
580 332 720 381 lUchllS
744 332 1011 382 Ecclesiasticus

675 652 788 721 Garun
816 654 842 719 1.

311 842 357 897 DE
379 842 590 901 SIGNATURA
614 844 697 900 TUM
723 844 906 901 IUSTITIAE
930 845 1013 901 TUM
1037 842 1209 900 erumna.

169 1036 387 1099 summarium.
403 1072 442 1087 ·-
459 1044 502 1099 30.
525 1044 608 1099 Ratio
628 1045 813 1099 tractationis.
827 1074 861 1087 -
875 1045 919 1100 31.
938 1044 1090 1115 Signatum
1107 1048 1150 1099 est
1168 1043 1279 1114 duplex,
1296 1042 1354 1099 alia

256 1152 379 1220 Gratiae,
402 1152 460 1208 alia
478 1154 614 1209 iustitiae.
641 1152 722 1211 Unda
748 1153 857 1209 derivet
881 1153 934 1209 boc
952 1170 1062 1209 nomen.
1081 1182 1116 1196 -
1138 1153 1181 1208 32.
1200 1152 1355 1225 Utriusque

256 1256 430 1327 Signaturae
448 1276 548 1314 munus
569 1259 717 1329 respondet
729 1258 812 1313 alicui
827 1276 862 1314 ex
877 1260 1067 1313 functionibus
1079 1258 1268 1313 Cardinalium
1281 1258 1356 1313 Con·

256 1364 369 1418 sistorio
388 1364 551 1429 attributae,
571 1363 747 1433 potissimum
768 1362 917 1417 distinctae
936 1380 953 1417 a
971 1380 1087 1418 munere
1105 1362 1188 1417 hodie
1207 1363 1353 1417 commisso

254 1469 316 1524 sive
335 1470 482 1524 auditorio
495 1470 521 1523 S.
535 1470 624 1524 Rotae
646 1470 705 1525 sive
725 1469 789 1524 aliis
809 1470 913 1525 Officiis
932 1470 1080 1540 praecipue
1093 1470 1224 1525 Datariae
1236 1474 1266 1524 et
1284 1469 1354 1525 Poe·

253 1576 444 1631 nitentiariaa.
461 1604 498 1617 —
516 1575 560 1629 33.
582 1575 745 1631 Alexander
765 1576 801 1629 Vl
821 1592 904 1630 unam
924 1577 958 1630 ab
978 1576 1035 1631 alia
1054 1576 1208 1647 Signatura
1225 1576 1354 1631 distinxit

254 1685 286 1734 et
297 1680 400 1735 divisit
419 1708 457 1723 -
479 1679 523 1735 34.
543 1680 583 1735 De
599 1680 788 1751 competentia
807 1680 975 1748 Signaturae
987 1679 1120 1735 lustitIae.
1138 1709 1176 1724 -
1193 1680 1236 1735 35.
1249 1680 1355 1742 Quibus

255 1786 384 1857 personia
405 1786 557 1843 coalescat.
580 1814 615 1829 -
634 1786 677 1841 36.
698 1786 737 1841 De
750 1785 810 1841 eius
823 1786 932 1840 ratione
945 1785 1118 1855 procedendi.
1136 1814 1171 1828 -
1189 1784 1233 1840 37.
1252 1785 1354 1855 Signa·

255 1898 322 1948 tura
346 1892 468 1949 Gratias.
489 1922 524 1936 -
545 1892 588 1947 38.
610 1892 688 1949 Hanc
716 1892 813 1947 Sixtus
833 1891 856 1944 V
876 1893 905 1946 in
925 1890 1177 1961 congregationem
1200 1892 1299 1947 erexit.
1318 1918 1354 1933 -

253 2000 300 2054 39.
321 2000 361 2055 De
380 2001 441 2055 eius
453 2002 650 2071 competentia.
669 2030 704 2041 -
723 2000 765 2054 40.
787 2000 826 2055 De
840 2000 949 2055 ratione
963 1999 1135 2069 procedendi.
1154 2028 1192 2043 -
1208 1999 1251 2052 41.
1274 2000 1353 2055 Haec

254 2105 339 2161 hodie
361 2106 507 2162 obsolevit.

255 2324 312 2391 30.
336 2322 368 2389 S.
393 2322 686 2409 congregationum
710 2322 873 2408 explicata
895 2322 1021 2406 origine
1044 2325 1078 2385 et
1101 2326 1235 2401 natura,
1260 2293 1353 2385 ante·

166 2464 261 2529 quam
286 2445 474 2511 earumdem
503 2446 659 2510 rationem
686 2444 882 2530 procedendi
912 2444 1096 2525 tradamus,
1121 2449 1273 2530 praestat
1302 2444 1353 2507 in-

165 2588 269 2635 nuere
303 2590 460 2654 quaenam
491 2571 557 2635 sint
585 2570 760 2635 tribunalia
783 2572 816 2633 in
840 2571 932 2634 euria
963 2589 1099 2633 romana
1130 2589 1190 2655 pro
1218 2571 1354 2634 univer·

165 2696 224 2759 sali
248 2696 410 2781 regimine
433 2696 606 2761 constituta
629 2712 804 2800 eorumque
828 2715 960 2759 normas
984 2694 1152 2759 iudiciales
1178 2694 1306 2760 docere.
1333 2727 1352 2741 ·

166 2814 282 2891 Hodie,
302 2817 387 2882 malo
409 2817 486 2891 sato,
509 2816 690 2883 huiusmodi
713 2816 891 2882 tribunalia
913 2818 985 2882 fere
1011 2820 1141 2881 omuino
1161 2822 1282 2892 tacent,
1299 2815 1357 2882 sed

164 2964 228 3009 non
263 2940 384 3007 exinde
415 2962 472 3006 suo
505 2944 645 3005 munere
678 2940 882 3005 exciderunt.
907 2977 925 2987 -
949 2940 1000 3007 Ad
1024 2940 1055 3005 S.
1081 2940 1356 3026 congregationes

165 3072 275 3133 autem
293 3064 388 3149 plura
404 3064 555 3129 devoluta
573 3070 649 3130 sunt
667 3065 807 3149 negotia,
824 3068 922 3127 antea
936 3064 969 3128 in
984 3064 1048 3127 illis
1064 3061 1231 3149 expedita3
1248 3083 1355 3146 quam·

165 3190 287 3257 obrem
312 3190 434 3256 lactum
461 3194 519 3262 est,
540 3190 656 3273 primo
680 3194 717 3253 ut
740 3190 875 3253 istarum
900 3188 1056 3254 iudicialis
1079 3189 1183 3274 stylus
1205 3189 1355 3273 proprius

166 3317 347 3385 accesserit
372 3315 564 3380 ordinationi
581 3333 763 3399 processus,
781 3316 835 3400 qui
855 3316 888 3380 in
907 3314 1121 3383 tribunalibus
1144 3313 1354 3380 servabatur:

165 3442 316 3510 secundo
347 3446 384 3506 ut
413 3440 445 3508 S.
471 3442 763 3528 Congregationum
794 3460 930 3506 munera
960 3461 1017 3505 seu
1051 3440 1222 3506 facultates
1254 3454 1353 3525 auge-

165 3574 285 3633 rentur
308 3572 341 3630 et
363 3564 596 3650 ampliarentur
619 3564 676 3650 (1).
710 3599 727 3613 -
764 3564 814 3631 Ob
838 3570 963 3629 arctam
997 3565 1156 3629 materiae
1183 3565 1356 3630 necessitu-

166 3688 274 3756 dinem
299 3688 357 3755 sub
384 3688 478 3754 titulo
508 3689 663 3774 inscripto
687 3690 729 3754 de
757 3689 891 3775 eripiare
914 3694 1097 3754 cinctura
1120 3688 1156 3754 S.
1185 3690 1288 3775 ceap.
1314 3689 1356 3755 de

168 3812 397 3881 tribunalium
420 3831 546 3897 quoque
568 3811 770 3878 ordinatione
794 3834 938 3897 agemus.

257 4019 296 4091 (1)
317 4020 389 4074 Hinc
410 4036 491 4076 nemo
509 4020 589 4074 nobis
612 4024 790 4084 succenseat,
812 4020 895 4074 modo
913 4036 964 4073 nos
983 4021 1087 4075 reterre
1105 4020 1200 4074 curiae
1225 4035 1357 4075 romanae

167 4124 332 4195 historiam,
349 4144 405 4187 noo
425 4128 548 4197 praxim,
566 4128 702 4199 siquidem
724 4144 825 4182 munus
844 4132 873 4183 et
890 4126 1026 4182 hodierna
1045 4128 1138 4197 praxis
1158 4127 1277 4197 perspici
1296 4142 1353 4180 non

169 4233 302 4303 potants.
316 4233 573 4303 congregationum
586 4232 760 4303 aliorumque
774 4232 942 4299 0fficiornm,
955 4232 1009 4286 nisi
1024 4250 1095 4303 quae
1109 4232 1310 4303 explicabimus
1323 4231 1357 4288 de

169 4338 360 4394 tribunalibus
369 4357 439 4417 prae
450 4339 538 4395 oculis
547 4338 710 4395 habeantur.
726 4340 877 4396 Praeterea
886 4357 958 4411 quae
970 4342 1123 4396 referemus
1132 4340 1165 4394 de
1176 4339 1255 4410 praxi
1268 4340 1357 4394 tribu-

169 4443 275 4500 nalium
289 4446 391 4513 curiae,
403 4462 458 4501 non
472 4463 527 4501 uno
541 4462 575 4501 ex
588 4446 689 4516 capite,
703 4445 737 4501 ad
752 4445 897 4500 historiam
912 4445 1056 4499 amandari
1070 4444 1223 4501 utillimode
1232 4450 1355 4516 possum.
