3292 5109
524 342 568 387 DE
593 340 730 389 IUDlCllS
757 340 1023 387 Eccuastus‘rlcts
1296 320 1366 387 353

185 462 453 549 Congregationis
469 461 631 547 obligandi
647 482 773 539 omnen
797 464 832 527 in
854 463 966 548 primis
981 482 1061 527 vero
1082 462 1260 532 desiderari
1282 464 1365 551 legis

186 586 486 673 promulgationem.
511 585 620 661 Quare
642 588 685 653 sit

185 853 208 935 g
236 853 264 920 l.
286 852 337 918 Dc
360 852 394 917 vi
417 871 521 938 quone
546 851 668 920 babent
691 854 803 939 teptrrn
829 853 1123 937 interpretationes
1153 872 1240 939 qaas
1262 855 1366 920 edant

277 978 312 1045 S.
339 979 625 1066 Conprepotioaes
647 978 684 1045 in
708 978 865 1063 epistolis,
889 978 926 1044 in
949 979 1100 1055 decretis,
1126 979 1161 1045 in
1191 980 1367 1063 rescriptis

276 1104 314 1169 in
336 1105 507 1171 sententiis
529 1102 755 1171 iudicialibus.

188 1278 405 1336 summarium.
425 1309 458 1322 -
478 1282 538 1335 289.
565 1279 766 1349 Distinguenda
790 1284 833 1333 est
856 1280 1052 1349 interpretatio
1077 1281 1306 1349 comprehensiva
1331 1280 1366 1333 ab

277 1388 509 1458 interpretatione
534 1392 684 1443 catarsina.
708 1418 745 1429 -
763 1388 823 1442 290.
850 1392 895 1442 An
919 1388 1115 1458 interpretatio
1140 1390 1367 1459 comprehensiva

270 1496 444 1551 'authentica
461 1495 569 1565 obliget
588 1496 655 1567 quin
668 1495 727 1550 ulla
745 1496 859 1550 accedat
878 1496 1073 1565 promulgatio.
1093 1526 1126 1538 -
1145 1497 1206 1551 291.
1225 1497 1265 1551 De
1282 1498 1368 1551 variis

280 1600 429 1655 Doctorum
453 1600 630 1668 opinionibus
653 1599 728 1654 circa
752 1598 877 1652 valorem
901 1600 1163 1669 interpretationum
1189 1618 1206 1653 a
1230 1600 1257 1654 S.
1280 1598 1367 1670 Cong.

279 1708 424 1764 editarum.
446 1708 521 1762 Haec
539 1708 665 1778 quaestio
684 1708 807 1762 excitata
826 1708 880 1760 suit
897 1707 1042 1762 occasione
1066 1708 1298 1778 Congregationia
1322 1708 1369 1762 lu·

279 1813 411 1883 terpretis
424 1814 528 1868 Concil.
543 1812 707 1867 Tridentini.
719 1841 756 1855 -
767 1814 829 1867 292.
843 1814 991 1879 Probatur,
1004 1814 1239 1869 declarationibus
1258 1814 1284 1869 S.
1298 1815 1369 1869 Con·

280 1918 475 1988 gregationum
496 1920 722 1988 comprehensive
735 1919 986 1986 interpretantibus
1005 1918 1090 1988 leges,
1103 1920 1192 1974 inesse
1211 1919 1368 1973 absolutam

279 2023 334 2077 vim
355 2022 439 2093 legis,
458 2026 487 2077 et
506 2022 646 2091 respuitur
664 2022 781 2075 assertio
801 2021 959 2087 Doctorum,
971 2023 1019 2094 qui
1035 2023 1070 2075 ad
1089 2022 1141 2076 hoc
1160 2023 1313 2093 requirunt,
1327 2024 1370 2078 uti

279 2130 407 2185 absolute
426 2128 619 2194 necessariam,
641 2130 666 2183 S.
686 2128 828 2199 Pontificis
847 2131 1085 2183 consultationem.

280 2328 357 2394 289.
383 2328 558 2412 Loquimur
588 2327 628 2392 de
662 2328 931 2413 interpretatione
966 2348 1059 2412 quarn
1096 2329 1370 2429 congregationes
1467 2364 1472 2374 e

191 2454 301 2527 edunt,
322 2461 454 2538 arrepta
477 2453 656 2524 occasione,
680 2453 713 2515 in
738 2451 930 2535 quibuslibet
953 2454 1018 2517 suis
1041 2455 1123 2517 actis
1146 2456 1221 2537 quin
1245 2460 1369 2520 certam

193 2579 334 2644 habeant
349 2579 486 2643 sormam
511 2582 543 2642 et
566 2576 749 2641 methodum
767 2576 951 2661 explicandi
965 2577 1055 2663 leges
1073 2577 1183 2642 dubias
1200 2599 1294 2662 quurn
1311 2580 1371 2644 has

94 2781 97 2789 Ι
192 2704 245 2769 rel
269 2704 316 2769 acl
339 2703 536 2768 instantiam
561 2700 695 2765 alicuius
710 2700 763 2765 vel
780 2720 826 2766 ere
842 2701 949 2785 officio
974 2702 1239 2786 interpretantur.
1257 2702 1371 2777 Quam·

192 2826 305 2891 obrem
329 2844 548 2910 quaecumque
579 2828 652 2889 acta
676 2844 718 2888 ex
748 2828 887 2908 quatuor
913 2824 1086 2910 generibus
1116 2826 1212 2901 antea
1234 2827 1371 2910 explica-

193 2954 234 3017 tis
256 2951 436 3017 huiusmodi
460 2950 744 3035 interpretationes
774 2948 945 3031 aliquando
968 2949 1120 3034 pandunt.
1147 2950 1209 3015 Setl
1237 2952 1371 3015 maximi

195 3076 331 3138 interest
346 3071 544 3157 distinguere
561 3069 860 3155 interpretationem
877 3070 1190 3152 comprehensivam
1204 3072 1245 3136 ab
1261 3078 1373 3137 ersten-

192 3194 275 3270 sioa,
292 3196 339 3259 uti
351 3197 413 3259 iam
426 3194 587 3259 innuimus
598 3212 630 3257 n.
647 3192 719 3257 161.
735 3228 752 3239 -
767 3191 1059 3277 Schmalzgrueber
1073 3193 1108 3257 in
1119 3196 1297 3275 prooenrio
1314 3195 1373 3260 dis·

194 3336 308 3383 serens
331 3316 369 3381 de
392 3316 482 3382 hisce
498 3316 736 3401 quaestionibus
752 3316 838 3380 hanc
853 3315 1092 3382 distinctionem
1115 3318 1159 3381 uti
1183 3316 1372 3381 fondamen-

194 3441 292 3509 talem
309 3440 451 3527 praebet,
469 3446 501 3505 et
516 3443 549 3505 in
572 3442 659 3524 §lx
676 3461 707 3505 n.
724 3440 790 3506 378
805 3442 865 3516 ait;
882 3442 1166 3525 interpretationes
1185 3464 1202 3503 a
1219 3459 1373 3524 compre-

196 3564 354 3632 hensione
377 3568 501 3630 suntsi
525 3586 638 3631 sensus
661 3567 708 3631 sic
732 3565 915 3632 declaratus
938 3587 958 3631 a
980 3566 1156 3631 verborum
1186 3566 1318 3651 propria
1342 3572 1375 3631 et

195 3711 255 3756 usu
271 3694 405 3775 recepta
423 3687 657 3775 significatione
672 3710 738 3755 non
753 3689 895 3755 recedat.
915 3689 1121 3755 Esetcnsiaae
1137 3690 1164 3753 si
1181 3690 1268 3753 illam
1284 3709 1375 3776 egre-

195 3812 326 3878 diantur
349 3817 382 3877 et
404 3813 490 3878 ultra
513 3812 544 3878 id
568 3812 652 3897 quod
681 3813 782 3878 rerba
814 3814 946 3898 proprie
977 3818 1010 3877 et
1039 3811 1216 3877 secundum
1245 3833 1375 3878 sensum

196 3956 399 4003 communem
430 3942 564 4022 accepta
594 3936 765 4019 denotant,
792 3934 913 4021 aliquid
944 3934 1137 4010 concedant,
1166 3935 1373 4020 prohibeant,

196 4062 382 4149 dispensent
412 4068 474 4128 etc.
507 4084 537 4127 ›.
571 4062 731 4137 Quocirca
761 4063 988 4148 interpretatio
1019 4063 1297 4145 comprehensiva
1328 4068 1376 4127 est
1420 4095 1423 4101 ·

197 4188 279 4273 legis
303 4187 417 4253 dubiae
439 4187 641 4272 explanati0;
666 4187 841 4253 eatenstea
865 4193 914 4251 est
936 4205 1021 4250 nova
1044 4187 1110 4267 lex,
1134 4190 1209 4271 quia
1231 4186 1283 4251 rel
1307 4206 1376 4249 anr-

197 4311 326 4397 pliando
349 4312 454 4397 legem
478 4311 519 4375 ad
551 4330 644 4376 casus
674 4330 739 4375 non
763 4310 1031 4396 comprehensos,
1055 4309 1109 4374 vel
1141 4309 1319 4375 cohibendo
1342 4310 1375 4373 in

198 4436 325 4503 casibus
347 4436 427 4501 alias
451 4437 692 4522 comprehensis
723 4456 808 4501 nova
838 4436 989 4503 conditur
1010 4437 1084 4513 lex3
1108 4442 1140 4502 et
1161 4438 1293 4523 planum
1317 4443 1375 4503 est.

345 4561 366 4615 S
374 4579 405 4615 rc.
426 4560 503 4630 Lapa
1200 4559 1235 4613 23
