3292 5109
622 337 829 392 snnscaron
854 337 904 391 111.
1286 315 1352 394 489

263 469 311 531 «ὃ
334 461 373 519 12.
393 462 509 519 Factum
528 469 675 536 praeterea
692 466 762 521 satis
780 465 953 536 extirpandis
965 467 1098 522 abusibus
1117 483 1173 521 non
1191 467 1310 534 videtur,
1328 469 1352 522 si

175 577 233 628 tam
256 573 408 644 Episcopus
432 590 515 645 quam
540 575 754 632 Examinatoraa
777 575 936 630 coniunctis
959 575 1058 631 studiis
1079 575 1234 631 industriae
1253 591 1353 631 nervos

174 703 270 742 omnes
288 685 458 741 intenderint
476 686 506 741 in
524 686 692 742 conferenda
709 686 837 742 concordi
857 686 960 741 iudicio
978 685 1097 742 ecclesia
1116 703 1258 757 personae,
1272 704 1352 759 quae,

175 797 242 852 licet
260 797 378 853 scientia
395 802 426 852 et
443 796 548 852 litteris
567 796 650 852 alteri
676 797 823 865 concedat,
846 798 946 853 maiori
969 802 1065 853 tamen
1088 802 1245 853 ceterarum
1263 799 1354 870 qnali-

174 905 265 957 tatum
283 902 389 958 eminet
406 905 579 957 ornamento.
606 901 749 973 Siquidem
774 903 945 973 postpositus
969 919 1036 958 suae
1062 903 1178 958 nimium
1199 904 1288 960 fidens
1306 904 1354 959 do·

175 1009 282 1064 ctrinae
301 1010 336 1063 ab
355 1008 542 1063 irrationabili
561 1007 664 1063 iudicio
684 1008 813 1078 Episcopi
839 1025 894 1063 non
919 1025 983 1063 raro
1007 1008 1141 1079 appellat,
1160 1025 1299 1080 causaque
1317 1008 1353 1062 ad

174 1115 294 1170 iudicem
306 1113 505 1186 appellationis
517 1113 619 1182 delata,
634 1114 707 1170 idem
720 1118 797 1169 totus
810 1118 854 1170 est
867 1116 894 1168 in
907 1115 1093 1186 perquirenda
1111 1115 1211 1170 maiori
1227 1113 1354 1169 doctrina

174 1239 207 1276 ac
219 1222 372 1293 reparando
386 1223 548 1292 gravamine
560 1199 688 1278 litterato
702 1221 807 1276 homini
820 1223 955 1293 irrogato,
968 1239 1105 1294 nusquam
1117 1222 1221 1277 librato
1234 1221 1354 1277 aliarum

173 1331 309 1386 virtutum
329 1331 460 1401 pondere,
472 1346 545 1402 quae
557 1331 586 1384 in
600 1328 760 1400 appellante
773 1329 973 1397 desiderantur,
986 1329 1141 1402 lugeatque
1153 1333 1186 1384 ut
1202 1328 1353 1400 plurimum

174 1438 275 1509 vigiles
294 1437 475 1493 ecclesiarum
494 1438 645 1493 Antistites
664 1437 769 1492 exitum
788 1435 946 1491 huiusmodi
970 1437 1181 1508 appellationis,
1199 1437 1352 1508 intimaque

175 1549 283 1618 dolent,
302 1549 448 1621 parochias
473 1548 562 1602 doctis
586 1564 641 1602 non
667 1548 740 1618 aptis
765 1547 937 1618 pastoribus,
956 1551 988 1602 nt
1006 1547 1111 1602 dictum
1134 1551 1192 1614 est,
1218 1546 1353 1618 regendas

175 1657 320 1713 committi.

216 1837 217 1840 Ἴ
262 1765 311 1828 <5
332 1759 373 1816 13.
393 1762 432 1815 At
449 1760 472 1814 si
492 1759 575 1815 index
602 1759 688 1814 etiam
713 1758 911 1829 appellationis
933 1756 1018 1830 (quod
1036 1774 1101 1812 raro
1118 1756 1224 1831 evcnit)
1242 1761 1352 1813 tantum

173 1871 300 1926 tribuens
318 1871 453 1927 scientiae
471 1873 606 1942 quantum
625 1869 702 1935 satis,
721 1869 820 1924 maiori
840 1872 870 1924 et
888 1867 1056 1922 accuratiori
1072 1867 1201 1923 examine
1219 1866 1352 1939 inquirat,

174 1979 222 2050 qui
241 1994 331 2034 mores
349 1977 493 2032 hominurn
515 1976 586 2043 sint,
605 1994 676 2048 quae
702 1977 841 2047 gravitas,
865 1975 1028 2046 prudentia,
1051 1975 1099 2047 qni
1123 1976 1245 2046 suscepti
1267 1979 1353 2031 antea

173 2083 299 2154 labores,
320 2099 392 2156 qnae
409 2085 546 2140 virtutum
571 2083 738 2156 specimina,
762 2098 834 2154 quae
858 2061 970 2138 demum
992 2082 1081 2138 totius
1105 2086 1252 2137 anteactae
1276 2082 1353 2138 vitae

174 2188 256 2256 ratio,
275 2189 413 2259 pascendo
431 2191 513 2262 gregi
532 2194 731 2245 consentanea:
750 2191 794 2244 tet
811 2187 896 2242 iudici
914 2187 1082 2243 exhibentur
1100 2187 1297 2242 attestationes
1315 2188 1351 2242 ab
1414 2206 1419 2214 ·

174 2296 334 2368 appellante
352 2315 387 2355 ex
405 2298 542 2356 industria
560 2298 705 2365 collectae,
719 2300 759 2366 ut,
771 2300 903 2353 revocato
917 2296 1069 2368 episcopali
1087 2297 1190 2351 iudicio
1207 2301 1351 2368 tamquam

173 2404 369 2474 irrationabili,
389 2424 444 2462 non
462 2411 593 2462 vereatur
611 2406 695 2461 iudex
713 2420 876 2461 succurrere
895 2404 985 2460 eidem
1005 2403 1174 2475 appellanti,
1192 2421 1275 2477 quem
1292 2408 1351 2460 tam

174 2512 286 2581 copiosa
304 2515 417 2584 tamque
435 2511 585 2582 conspicua
603 2511 752 2582 probitatis
770 2510 904 2566 adiuvant
922 2510 1095 2564 documenta

262 2623 311 2685 «ἓ
334 2621 373 2674 14.
393 2619 508 2676 Demum
528 2637 591 2674 cum
610 2619 758 2690 praecipue
779 2618 925 2689 Episcopis
945 2621 1088 2689 tamquam
1107 2617 1137 2672 in
1155 2617 1269 2688 specula
1287 2634 1352 2675 con·

174 2727 297 2795 stitutis,
315 2731 431 2797 pateant
449 2726 622 2782 subditorum
648 2743 791 2793 excessus,
811 2725 975 2795 contingere
999 2725 1083 2794 solet,
1105 2728 1148 2780 uti
1166 2725 1196 2780 in
1215 2742 1351 2782 concursu

173 2838 232 2887 tam
250 2834 377 2904 inspecta
394 2835 513 2891 scientia
531 2852 614 2907 quam
633 2834 770 2902 moribus,
790 2833 840 2889 ille
858 2833 974 2890 idoneus
992 2835 1027 2888 ab
1046 2833 1291 2890 Examinatoribus
1309 2851 1351 2890 re·

173 2941 336 3008 nunciatur,
354 2941 399 2996 cui
423 2941 504 2998 foeda
528 2942 622 3013 aliqua
649 2941 712 2997 vitii
737 2941 816 2995 labes
842 2957 875 2994 ac
900 2930 1025 2994 criminis
1049 2940 1160 2995 macula
1184 2941 1292 3010 inusta,
1313 2943 1351 2998 sit

173 3048 301 3102 omnibus
315 3052 509 3121 praeterquam
522 3049 660 3119 Episcopo
672 3047 791 3103 occulta.
805 3047 835 3102 Si
848 3046 1009 3118 Episcopus,
1021 3047 1097 3102 iusta
1108 3047 1243 3104 suadente
1255 3065 1348 3117 causa,

173 3153 289 3210 crimine
309 3171 364 3210 non
383 3155 520 3225 revelato,
540 3155 658 3210 eundem
683 3155 864 3209 criminosum
889 3153 992 3208 tacitus
1016 3154 1184 3223 praeteriret
1207 3154 1350 3228 aliumque

173 3261 324 3317 immunem
338 3279 355 3316 a
367 3263 447 3318 sorde
466 3263 660 3334 praeelegerit,
674 3262 751 3317 illico
765 3261 936 3332 postpositus
953 3260 1085 3316 simulato
1103 3263 1266 3333 gravamine
1283 3280 1349 3335 pro·

173 3370 254 3421 vocat
272 3366 307 3420 ad
325 3366 496 3436 superiorem
514 3367 633 3422 iudicem
652 3367 777 3422 criminis
796 3367 942 3437 ignarum,
962 3371 992 3422 et
1010 3371 1143 3422 consueto
1164 3366 1280 3437 diffugio
1298 3385 1350 3438 ap·

172 3471 335 3541 pellationis
352 3473 481 3529 evehitur
500 3474 535 3528 ad
554 3474 694 3545 pastorale
713 3475 868 3545 fastigium,
888 3474 936 3545 qui
954 3490 1010 3529 non
1029 3477 1122 3545 potest
1139 3474 1284 3530 consulere
1302 3490 1351 3545 po<

172 3578 248 3650 pulo,
267 3579 315 3635 sed
334 3596 443 3648 nocere,
462 3597 513 3635 nec
531 3585 674 3650 praestare
692 3580 828 3649 regimen,
846 3578 894 3635 aed
912 3595 1017 3651 augere
1035 3578 1191 3635 discrimen.

260 3693 309 3753 «ἓ
331 3688 372 3744 15.
392 3688 434 3744 Ne
452 3689 540 3758 igitur
558 3689 678 3760 improbi
696 3688 803 3758 ingenii
826 3687 953 3744 homines
971 3689 1124 3744 remedium
1142 3663 1349 3760 appellationis,

172 3793 206 3848 ad
225 3794 350 3851 iustitiae
369 3796 536 3865 praesidium
554 3797 724 3862 institutum,
740 3795 842 3851 callide
860 3796 1009 3851 traducant
1027 3797 1062 3851 ad
1079 3796 1238 3868 iniquitatis
1256 3796 1349 3852 deien-

172 3905 286 3974 sionem,
299 3905 436 3976 optimum
453 3907 529 3960 iacto
548 3904 689 3976 aliquibus
701 3907 820 3961 fortasse
832 3905 984 3973 videretur,
996 3905 1030 3972 si,
1042 3905 1232 3976 appellatione
1250 3906 1349 3978 quavis

172 4017 297 4082 sublata,
317 4034 384 4072 cura
401 4015 578 4087 praeficiendi
597 4019 722 4070 rectores
747 4015 903 4070 animarum
929 4030 1041 4085 prorsus
1059 4015 1266 4087 relinqueretur
1284 4015 1349 4087 Epi·

172 4126 261 4196 scopis
280 4125 418 4180 rationem
437 4123 617 4178 villicationis
635 4139 702 4178 suae
715 4123 827 4178 Christo
845 4123 930 4178 iudici
944 4127 1054 4178 tantum
1074 4123 1229 4178 reddituris.
1242 4121 1348 4178 Varum

171 4229 250 4285 nullo
269 4233 350 4300 pacto
369 4231 487 4300 probare
505 4227 533 4281 id
551 4242 711 4298 possumus,
730 4226 803 4298 quod
822 4227 1017 4282 adversaretur
1038 4227 1126 4282 menti
1151 4224 1269 4282 Concilii
1287 4226 1349 4281 Tri-

171 4338 277 4393 dentini
297 4339 383 4394 tacite
401 4336 590 4408 permittentis
614 4336 833 4407 appellationem
855 4335 884 4389 in
903 4334 1063 4391 deuolutivo
1082 4352 1099 4389 a
1117 4334 1193 4389 mala
1211 4334 1348 4391 relations

171 4446 409 4515 Examinatorum,
427 4444 657 4516 quemadmodum
675 4443 791 4499 innuere
814 4443 944 4499 videntur
967 4444 1055 4498 verba
1073 4442 1137 4497 itta:
1158 4442 1247 4498 ‹Nec
1265 4459 1347 4513 prae·

1197 4586 1215 4618 t
