3292 5109
287 226 355 291 410
803 244 889 293 ress
917 244 954 292 11.

286 366 500 431 ministerium
524 385 546 430 a
569 365 674 432 iudice
697 366 781 432 laico
805 366 960 454 denegari
982 388 1048 433 non
1071 374 1189 454 potest,
1214 369 1385 437 dummodo
1408 371 1473 437 ius·

285 510 357 555 sum
388 510 451 554 non
476 490 516 554 sit
541 491 669 555 notorie
700 490 911 575 illegitimum.
937 490 985 556 cf.
1010 488 1184 557 Monacelli
1215 493 1235 558 t.
1260 493 1312 559 cit.
1339 498 1372 559 et
1401 495 1473 559 Pel·

285 612 414 699 tegrini,
430 613 561 679 Promis
578 612 802 687 Vicesimum,
819 613 915 679 Part.
929 614 977 687 ΙΙ,
995 612 1079 681 Seot.
1093 615 1121 690 l,
1135 615 1281 683 Subscet.
1296 618 1363 693 ΙΙΙ,
1380 639 1414 683 n.
1430 619 1465 685 9.

376 739 410 826 2)
434 737 530 804 Modo
561 738 771 805 deveniamus
797 738 838 803 ad
869 738 1008 806 alterum
1038 760 1170 826 scopum
1202 742 1470 808 remissorialium

287 881 346 928 seu
362 861 658 945 requisitorialium,
672 882 788 947 nempe
802 858 951 929 datarum
967 862 1009 927 ad
1020 860 1226 929 obtinendam
1243 865 1384 950 speciem
1399 871 1475 950 pro'·

287 986 434 1056 bationis.
450 1024 468 1037 ·
483 990 632 1053 lamvero
648 988 848 1055 remissoris
864 987 906 1052 ad
922 987 1116 1073 explendum
1131 988 1271 1073 aliquem
1295 996 1402 1055 actum
1426 990 1473 1054 in·

287 1115 473 1179 structionis
497 1133 668 1200 processus
692 1119 741 1177 est
763 1114 907 1197 quaestio
930 1112 1154 1180 incidentatis.
1172 1114 1291 1199 Agitur
1313 1114 1398 1178 enim
1430 1112 1474 1179 de

288 1238 460 1305 obtinenda
483 1238 681 1324 probationis
704 1239 812 1323 specie
836 1238 904 1305 sive
928 1258 988 1324 per
1009 1242 1110 1303 testes
1131 1242 1187 1303 aut
1209 1258 1269 1325 per
1292 1239 1473 1324 interroga·

286 1364 416 1435 terium,
434 1362 677 1449 proponendum
697 1364 754 1426 uni
769 1382 813 1426 ex
828 1362 1036 1447 litigantibus,
1053 1363 1121 1428 sive
1140 1382 1201 1450 per
1221 1364 1472 1429 instrumentum

287 1488 464 1574 quodvult
488 1488 615 1572 exquiri
640 1492 673 1554 et
695 1487 829 1574 produci
862 1490 894 1553 in
918 1488 1079 1555 iudicium.
1104 1526 1122 1537 -
1146 1490 1193 1554 De
1216 1490 1278 1556 hac
1309 1489 1476 1556 incidente

288 1612 475 1695 quaestione
498 1611 596 1676 locuti
620 1631 730 1675 sumus
754 1612 785 1673 in
810 1610 1003 1695 explicando
1026 1630 1180 1695 processu
1203 1614 1236 1677 in
1260 1614 1365 1678 causis
1392 1613 1473 1677 Bea-

287 1734 500 1803 tificationnm
513 1741 546 1801 et
558 1735 844 1803 Canonizationum
858 1756 891 1801 n.
906 1734 982 1810 194,
1001 1741 1034 1802 et
1047 1738 1129 1805 ratio
1144 1737 1341 1823 procedendi
1357 1739 1474 1804 eadem

288 1859 412 1926 obtinet
433 1862 466 1925 in
490 1860 562 1925 aliis
594 1862 749 1943 cuiusque
776 1860 908 1944 generis
934 1862 1174 1927 controversiis.
1199 1862 1237 1926 Iu
1261 1862 1351 1929 hisce
1375 1882 1474 1947 quae-

288 1982 444 2049 stionibus
460 1982 676 2048 incidentibus
698 1981 796 2048 iudex
811 1981 877 2047 fert
892 1983 1085 2049 sententiam
1105 1984 1382 2050 interlocutoriam
1399 2005 1475 2050 con·

290 2106 433 2173 cedendo
464 2107 589 2174 litteras
620 2106 857 2172 remissoriales
888 2111 944 2171 aut
974 2106 1248 2192 compulsoriales.
1278 2144 1296 2157 -
1328 2110 1476 2176 Litterae

289 2230 553 2316 compulsoriales
576 2236 651 2297 sunt
672 2231 796 2316 species
818 2230 1003 2295 litterarum
1023 2232 1296 2314 remissorialium,
1317 2234 1392 2316 quia
1414 2251 1477 2317 per

289 2356 533 2431 remissoriam
552 2358 584 2420 in
606 2376 737 2443 genere,
756 2357 969 2421 committitur
984 2356 1098 2440 aliquis
1113 2362 1204 2423 actus
1228 2358 1297 2422 sive
1316 2363 1476 2425 executo-

289 2481 390 2548 riatis
404 2483 473 2547 sive
484 2480 709 2564 probatorius
724 2480 764 2544 ad
781 2474 1005 2546 instruendum
1021 2500 1224 2566 processum;
1245 2502 1304 2566 per
1320 2482 1476 2565 consput-

289 2606 480 2675 certamin
505 2606 623 2691 specie,
641 2605 825 2689 exquiritur
848 2604 1017 2690 productio
1040 2606 1255 2679 instrumenti,
1281 2606 1324 2671 ct.
1346 2627 1378 2671 n.
1399 2608 1475 2672 178.

381 2730 500 2794 Petitio
512 2728 732 2795 remissoriae
749 2729 805 2792 aut
820 2727 1071 2809 computsortae
1087 2728 1205 2795 exinde
1221 2730 1364 2795 continet
1380 2749 1476 2813 qnae-

290 2854 426 2919 stionem
450 2851 655 2917 incidentem.
681 2854 763 2917 Nam
788 2852 853 2925 ille,
879 2871 995 2937 nempe
1017 2852 1069 2917 vel
1094 2858 1187 2919 actor
1210 2852 1250 2917 ad
1274 2852 1476 2939 probandam

290 2980 451 3044 actionem
476 2978 529 3042 vel
553 2998 630 3043 reus
653 2977 692 3041 ad
717 2978 942 3062 exceptionem
965 2996 1054 3041 suam
1075 2976 1282 3063 probandam,
1298 2979 1352 3061 qui
1376 2975 1476 3042 iudici

291 3103 452 3191 significat
475 3124 510 3169 se
534 3104 745 3169 intentionem
761 3122 851 3168 suam
875 3101 1015 3187 probare
1034 3102 1120 3169 velle
1143 3124 1202 3188 per
1224 3108 1325 3168 testes
1347 3104 1380 3167 in
1402 3104 1475 3167 lon-

291 3231 419 3314 ginquis
442 3213 586 3315 agentes,
610 3225 763 3311 implicite
787 3227 912 3310 expetit
935 3229 971 3290 ut
993 3224 1163 3311 deputetur
1186 3225 1285 3291 iudex
1308 3225 1478 3311 delegatus

292 3350 333 3415 ad
357 3331 564 3435 excipiendos
591 3348 652 3413 bos
674 3352 774 3414 testes
798 3353 831 3412 et
855 3348 984 3413 interim
1016 3347 1265 3433 supersedeatur
1295 3350 1477 3415 sententiae

291 3470 487 3538 definitivae.
514 3508 532 3519 -
557 3471 784 3545 Adversarius,
815 3473 906 3537 cuius
930 3470 1082 3536 videlicet
1112 3472 1249 3537 interest
1279 3472 1477 3535 sententiam

292 3595 498 3663 definitavam
527 3617 593 3663 non
625 3593 750 3661 differri
780 3600 813 3660 et
840 3596 894 3679 qui
923 3595 1035 3660 forsan
1064 3596 1278 3661 vehementer
1306 3598 1406 3678 timet,
1435 3614 1480 3660 ne

291 3722 474 3787 huiusmodi
503 3722 674 3787 dilationes
704 3720 911 3808 probatoriae
942 3726 1094 3807 petantur
1125 3722 1166 3787 ad
1197 3720 1388 3788 eludendam
1421 3720 1481 3787 de·

292 3842 449 3912 finitivam
481 3847 792 3918 condemnationem,
822 3844 1016 3911 contradicit
1047 3846 1192 3931 petitioni
1216 3850 1248 3911 et
1275 3852 1371 3932 urget
1401 3844 1481 3910 iudi·

293 3992 362 4038 cem
387 3971 427 4035 ad
451 3969 595 4035 eamdem
620 3968 847 4054 respuendam.
871 3969 922 4035 En
940 3969 1084 4051 quaestio
1101 3967 1255 4041 incidens,
1273 3987 1368 4051 quam
1385 3984 1483 4051 expe·

293 4097 339 4163 dit
368 4095 467 4162 iudex
497 4094 703 4160 decernendo
736 4112 778 4157 an
802 4092 875 4158 dari
900 4091 1039 4157 debeant
1070 4092 1198 4156 litterae
1222 4090 1481 4167 remissoriales;

294 4242 373 4308 quas
395 4221 558 4305 denegare
574 4238 640 4283 non
656 4216 751 4283 debet
770 4217 796 4281 si
822 4219 959 4297 constet,
975 4212 1199 4300 probationem
1215 4216 1391 4300 expetitam
1406 4232 1479 4279 esse

292 4348 510 4427 relevantem,
524 4345 569 4410 uti
585 4344 761 4428 loquuntur
777 4342 980 4429 pragmatici,
993 4341 1145 4406 nimirum
1163 4360 1233 4407 esse
1249 4340 1480 4414 necessariam,
