3292 5109
492 304 536 349 uu
565 304 705 352 inmens
736 302 1003 351 sconssnsncis
1273 285 1341 352 313

154 422 229 488 dam
252 442 323 487 esse
347 421 548 489 Officialibns
580 426 633 509 qni
658 444 701 489 ex
728 444 785 489 suo
812 444 948 489 munere
972 429 1130 491 oretenus
1153 444 1226 490 cum
1251 426 1342 509 Papa
1433 453 1438 461 ·

155 547 197 613 de
219 546 356 633 negotiis
378 552 599 631 pertractent,
624 547 704 613 adeo
728 552 763 612 nt
786 525 859 613 suis*
876 546 970 613 dictis
1000 546 1165 613 vindicent
1192 548 1340 614 unctori-

158 674 261 736 tatcm
284 671 417 737 oraculi
440 670 536 736 vivae
567 669 673 746 vocis,
707 670 834 754 quando
863 669 902 735 de
929 691 1087 757 expressa
1117 690 1138 735 a
1165 672 1257 757 Papa
1281 690 1340 737 vo-

155 794 281 861 luntate
304 795 418 859 testari
441 792 573 859 dehent·

407 1066 429 1147 §
453 1064 484 1129 3.
516 1064 567 1130 De
593 1064 868 1131 poenitentiario
891 1065 1096 1148 Apostolicu.

158 1290 378 1348 summanum.
391 1322 428 1334 -
439 1292 500 1347 aes.
515 1292 554 1347 ns
567 1294 677 1364 ongns
689 1302 719 1349 st
732 1294 825 1349 innon
838 1292 920 1348 nurus
938 1295 1027 1348 osen
1040 1296 1090 1364 (¹)-
1105 1280 1139 1337 -'
1153 1295 1215 1348 eet.
1232 1295 1273 1349 nx
1292 1293 1343 1349 ns

247 1398 345 1454 dierna
370 1400 607 1454 poenitentiarius
636 1399 847 1465 constitutione,
867 1398 937 1454 haec
965 1405 1134 1470 potestatem
1159 1400 1245 1454 habet
1268 1399 1343 1453 ordi·

248 1496 356 1560 nariam
380 1509 491 1559 tantum
516 1508 546 1559 in
564 1509 628 1578 soro
655 1510 774 1560 interno.
799 1534 837 1547 -
860 1506 923 1559 265.
942 1508 1016 1562 Ante
1037 1507 1117 1560 Pium
1136 1506 1174 1560 1v
1194 1507 1343 1561 poeniten-

248 1615 332 1669 tiaria
360 1614 486 1684 pluribus
514 1614 640 1684 pollebat
667 1614 851 1669 facultatibus
878 1615 964 1668 etiam
992 1631 1042 1684 pro
1069 1616 1130 1669 foro
1157 1619 1281 1669 externo.
1306 1642 1341 1655 -

247 1722 308 1775 266.
334 1724 357 1775 Α
381 1722 482 1792 quibus
507 1720 576 1777 haec
603 1725 793 1791 componatur.
814 1750 849 1763 -
868 1721 930 1775 267.
953 1720 993 1776 De
1012 1722 1108 1775 Officio
1128 1721 1342 1776 poenitentiarii

249 1825 373 1879 Maioris.
393 1854 427 1867 -
447 1825 508 1879 268.
530 1824 569 1878 De
588 1824 773 1895 qualitatibus
797 1824 965 1878 Officialinm
984 1829 1012 1879 et
1035 1824 1069 1879 de
1088 1825 1169 1877 modo
1187 1824 1341 1879 electionis.

249 1961 284 1974 -
302 1932 364 1987 269.
387 1932 526 2002 specialia
551 1949 637 1988 onere
662 1950 734 2005 quae
759 1934 924 1986 incumbunt
949 1932 1134 1995 Officialibus;
1160 1942 1189 1987 et
1213 1932 1342 2002 specialis

249 2040 349 2109 agendi
369 2039 441 2093 ratio
460 2038 542 2092 huius
561 2038 729 2091 Tribunalis.
748 2066 785 2081 -
803 2039 864 2092 270.
885 2038 924 2091 De
938 2038 1093 2107 potioribus
1111 2038 1250 2107 capitibus
1265 2054 1342 2092 com·

249 2147 391 2217 potentiae
410 2145 492 2200 huius
511 2146 682 2200 Tribunelis.
701 2175 735 2187 —
753 2147 814 2199 271.
834 2143 994 2199 Traduntur
1012 2146 1069 2199 alia
1087 2145 1224 2215 principia
1242 2146 1270 2199 in
1290 2145 1343 2200 hoc

249 2254 421 2325 propositum
432 2254 595 2323 praesertim
606 2253 696 2324 quoad
710 2254 931 2322 dispensationes
941 2252 1170 2306 matrimoniales.
1180 2282 1217 2295 -
1226 2254 1287 2305 272
1297 2253 1342 2306 An

249 2360 363 2415 valeant
375 2358 596 2429 dispensationes
610 2375 758 2414 concessae
772 2376 789 2411 a
802 2359 1024 2435 poenitentiaria
1037 2358 1066 2412 in
1079 2362 1173 2427 formu
1182 2376 1343 2429 pauperum

249 2484 298 2522 seu
317 2468 345 2521 in
365 2469 425 2522 loro
443 2471 559 2521 externo
577 2467 688 2538 qnando
714 2470 841 2522 oratores
859 2471 1053 2537 paupertatem
1071 2467 1142 2521 falso
1167 2467 1342 2537 allegarunt,

250 2709 289 2782 (l)
309 2711 465 2765 primordia
483 2710 571 2765 Ollicii
589 2711 828 2767 Poenitentiartas
847 2715 912 2765 sunt
929 2710 1081 2780 repetenda
1094 2728 1111 2764 a
1123 2710 1253 2765 Cornelio
1267 2710 1343 2779 Papa

158 2839 185 2873 α.
198 2819 274 2885 254,
284 2820 330 2890 qui
345 2820 492 2874 constituit
505 2819 741 2875 poenitentiarios
755 2834 805 2887 pro
820 2820 907 2889 lapsis
920 2819 1106 2885 absolvendis,
1119 2835 1219 2887 nempe
1232 2836 1249 2871 e
1261 2817 1344 2887 culpa

162 2925 239 2979 Fidei
249 2922 426 2979 Christianae
436 2924 480 2979 vel
491 2924 646 2992 denegatae
659 2925 693 2978 ob
708 2932 811 2978 metum
827 2924 1027 2993 persecutionis
1040 2924 1084 2979 vel
1099 2939 1152 2977 non
1167 2924 1234 2976 satis
1247 2925 1344 2991 aperte

162 3034 309 3102 professae.
329 3032 394 3086 lnde
412 3030 532 3083 schisma
551 3035 580 3084 et
599 3029 706 3085 heresis
725 3030 875 3084 Novatiani
895 3031 1053 3097 asserentis,
1068 3035 1183 3099 peccata
1198 3029 1344 3085 absolvere

159 3137 203 3190 ias
221 3152 276 3189 non
296 3152 356 3189 esse
377 3135 428 3204 ipsi
450 3134 580 3189 Pontifici
600 3133 791 3187 Romano-
811 3133 963 3187 Marcellus
982 3134 1058 3202 papa
1077 3150 1101 3187 a
1121 3132 1182 3199 304,
1201 3134 1344 3189 saeviente

161 3241 354 3309 perseeutione
369 3239 567 3303 Diocletianea,
582 3240 677 3293 titulos
692 3243 721 3292 tn
740 3240 813 3294 Urbe
828 3241 977 3307 constituit,
987 3243 1067 3309 quasi
1079 3241 1219 3293 dioeceses
1224 3250 1344 3309 propter

160 3359 327 3398 snrrrsnun
346 3347 375 3397 et
394 3358 620 3415 ronnnnnrnn.
633 3340 711 3394 -In
732 3341 935 3395 constituendis
954 3343 983 3395 in
1004 3341 1080 3409 hunc
1098 3359 1211 3412 scopum
1229 3344 1345 3397 urbanis

162 3452 298 3521 paroeciis
318 3451 434 3505 Romam
454 3448 577 3504 omniurn
597 3451 686 3519 prima
699 3450 812 3504 imitata
825 3455 868 3505 est
881 3450 1061 3505 Alexandria.
1082 3452 1134 3505 Sed
1154 3453 1302 3523 praecipue
1315 3454 1344 3507 in

159 3558 276 3613 Oriente
294 3557 350 3611 iam
369 3574 387 3611 e
405 3558 501 3613 saenlo
520 3574 537 3611 v
553 3558 723 3630 constitutus
738 3558 793 3612 fnit
806 3575 891 3627 pensa
903 3574 1000 3613 omnes
1013 3558 1152 3615 Ecclesiae
1166 3561 1344 3630 Episcopales

163 3666 316 3737 Presbyter
329 3666 576 3720 Poenitentierius.
588 3665 627 3721 De
639 3666 861 3721 poenitentiario
874 3667 1117 3737 Constantinopoli
1131 3668 1283 3721 constituto
1293 3669 1344 3721 sub

160 3788 195 3827 ea
214 3776 308 3827 astate
327 3772 448 3826 ceiebria
474 3777 571 3826 extant
596 3771 771 3827 documenta.
791 3774 822 3827 ln
841 3773 991 3828 Occidente
1006 3773 1135 3843 Episcopi
1154 3791 1204 3843 per
1222 3791 1251 3827 se
1269 3775 1344 3843 ipsos
1382 3752 1385 3759 Ι

165 3880 273 3932 tantum
287 3895 387 3931 munus
401 3877 553 3945 exsolvere,
567 3883 599 3932 ut
612 3878 772 3948 plurimum,
785 3879 861 3933 soliti
875 3880 996 3946 fuerunt
1007 3882 1037 3933 at
1050 3879 1150 3948 passim
1164 3880 1344 3933 inveniuntur

163 3983 417 4056 Archypresbyteri
432 3986 576 4039 constituti
592 3985 626 4037 ad
639 4003 740 4039 munna
750 3986 964 4040 poenitentiarii
978 3985 1024 4041 sed
1038 3987 1127 4040 serius
1137 3987 1345 4040 constituuntur

163 4088 391 4152 poenitentiarii;
412 4088 499 4144 donec
518 4089 673 4143 Concilium
689 4090 877 4143 Lateranense
890 4108 914 4142 u
930 4091 1005 4142 1215
1018 4090 1106 4157 iussit,
1120 4090 1192 4159 apud
1205 4090 1346 4144 Ecclesies

161 4192 344 4250 Cathedrales
369 4195 593 4249 constituendum
613 4211 673 4251 esse
693 4195 952 4250 Poenitentiarium.
972 4224 1006 4236 -
1026 4196 1056 4249 ln
1075 4196 1201 4250 Ecclesia
1219 4213 1343 4261 romana,

162 4300 290 4355 nonnulli
309 4300 410 4355 eruditi
432 4306 568 4369 asserunt,
589 4302 839 4357 Poenitentiarinm
863 4302 1090 4357 eCardinalibus
1114 4304 1199 4357 fnisse
1224 4303 1345 4358 electum

161 4406 217 4461 iam
237 4426 254 4461 a
273 4408 423 4463 Benedicto
443 4410 465 4463 ll
485 4408 516 4481 (†
536 4410 617 4479 685>;
636 4412 670 4464 cf.
691 4410 894 4479 plettemberg,
913 4410 1020 4464 Neritia
1038 4430 1097 4464 cur.
1116 4428 1203 4479 rom.‚·
1223 4411 1270 4466 sed
1291 4410 1346 4465 hoc
