3292 5109
301 260 369 329 392
818 285 904 335 raas
928 286 965 334 11.

301 400 558 469 iurisdictionem
573 406 669 470 etiam
683 406 876 482 iudicialem,
893 412 1035 493 possunt
1052 408 1222 496 collegiale
1246 410 1483 477 constituentes

302 520 455 588 tribuual.

391 645 468 711 313.
492 647 671 714 Praeterea
693 650 942 734 exploratissimi
969 651 1049 717 iuris
1072 656 1130 734 est,
1154 672 1220 717 non
1243 671 1337 738 posse
1367 652 1480 737 plures

301 766 449 855 deputari
464 772 615 840 Vicarios
632 774 810 841 Generales
833 776 888 860 qui
911 776 1125 863 collegialiter
1140 778 1320 863 procedant
1343 783 1376 845 et
1400 779 1480 845 hinc

302 913 418 961 causas
440 904 638 982 cognoscant
663 898 705 965 ad
735 900 839 967 instar
868 900 1039 968 tribunalis
1071 902 1258 987 collegiatis.
1285 939 1303 953 -
1329 904 1379 970 Re
1403 923 1485 971 sane

302 1037 392 1092 vera,
417 1018 449 1084 S.
474 1021 574 1108 (long.
599 1023 733 1089 Ooncilii
756 1025 790 1088 in
814 1044 879 1090 una
906 1025 1053 1091 Romam
1076 1022 1154 1109 (per
1175 1046 1299 1093 summ.
1322 1026 1483 1112 precum)

302 1141 366 1208 diei
389 1144 413 1209 6
434 1145 523 1211 Maii
544 1146 638 1213 1893
667 1148 769 1214 edixit
797 1151 832 1215 in
863 1149 957 1215 ltalia
987 1150 1073 1217 duos
1104 1151 1262 1219 constitui
1289 1172 1360 1219 non
1378 1170 1485 1236 posse

311 1268 463 1337 Vicarios
488 1272 679 1339 Generctcs.
705 1275 777 1339 Hoc
798 1274 964 1340 decretum
989 1295 1048 1361 pro
1072 1277 1168 1343 ltalia
1197 1274 1298 1342 latum
1322 1276 1384 1343 fuit
1407 1276 1483 1362 quia

302 1394 387 1470 alibi,
412 1398 459 1462 nti
480 1399 515 1464 in
538 1400 653 1472 Gallia,
677 1401 876 1467 consuetudo
899 1402 989 1487 viget
1010 1402 1122 1488 plures
1145 1403 1362 1469 constituendi
1380 1405 1484 1470 Vica-

302 1518 370 1584 rios
399 1520 593 1599 Generalas;
617 1522 674 1589 sed
704 1544 817 1590 omues
848 1525 1004 1592 Doctores
1033 1526 1232 1593 unanimiter
1263 1526 1399 1603 docent,
1424 1526 1486 1593 hos

303 1644 501 1733 deputandos
532 1668 602 1713 esse
633 1668 698 1715 non
720 1656 757 1715 ut
779 1652 998 1739 collcpiatiter
1028 1650 1223 1737 procedant,
1248 1652 1303 1718 sed
1337 1654 1383 1717 ita
1412 1672 1485 1719 esse

302 1771 542 1838 constituendos
566 1775 757 1859 utquisque
780 1775 818 1841 in
839 1776 988 1842 solidum
1002 1776 1190 1861 generalem
1213 1774 1333 1843 habeat
1360 1776 1485 1842 iurisdi-

302 1898 442 1963 ctionem
471 1900 506 1962 in
535 1900 771 1985 spiritualibus:
795 1900 837 1965 ci.
863 1902 984 1975 Bouix,
1008 1900 1060 1967 De
1081 1901 1154 1966 iud.
1179 1900 1319 1977 dioclea„
1344 1906 1424 1969 tom.
1451 1901 1481 1979 1,

298 2038 382 2108 pap.
408 2020 493 2087 380.

392 2145 473 2210 Item
497 2145 527 2211 S.
554 2147 650 2211 (lonc.
675 2146 810 2212 concilii
834 2146 958 2231 pluries
985 2146 1096 2224 edixit,
1125 2168 1223 2213 unum
1249 2154 1374 2215 tantum
1404 2168 1485 2215 con-

301 2269 497 2335 stituendum
513 2290 584 2336 esse
599 2272 770 2338 Vicarium
784 2271 1021 2357 capitularem
1046 2274 1091 2339 ita
1108 2274 1141 2339 iu
1158 2274 1390 2339 Panormitano
1415 2274 1485 2342 dici

301 2392 346 2457 21
368 2394 500 2477 Aprilis
522 2394 617 2461 1592
641 2396 834 2481 rescriptum
857 2396 934 2462 fuit:
962 2396 1225 2484 ‹Conprcpatio
1247 2395 1389 2465 Caecilii
1405 2416 1484 2465 cca-

300 2518 377 2592 sm't,
402 2538 448 2584 cm
470 2518 603 2586 decreto
630 2519 772 2587 Concidit
795 2522 905 2603 capite
927 2520 979 2596 16,
1003 2518 1091 2587 Sese.
1107 2521 1206 2596 2d‚c
1230 2522 1381 2604 capitulo
1404 2522 1485 2588 sede

301 2650 452 2719 caracle,
476 2665 587 2711 unum
610 2651 743 2711 tactem
768 2646 938 2713 vicarium
967 2665 1038 2713 esre
1069 2648 1275 2735 elipandum.
1303 2647 1485 2714 Caeterum

300 2786 510 2834 amesseae
526 2769 659 2834 decreto
682 2766 852 2835 metatam
872 2768 1162 2851 consuetudinem,
1181 2770 1267 2836 duos
1284 2774 1345 2835 cut
1362 2770 1484 2853 plures

301 2892 462 2981 clipmdi,
490 2895 697 2978 pracsertim
719 2872 1026 2961 immemorabilem
1058 2895 1133 2980 (Eoo
1163 2892 1218 2961 tib.
1252 2894 1318 2960 Vll
1341 2895 1484 2969 Deerat,

299 3018 359 3102 sol.
384 3018 434 3085 39
456 3040 479 3085 a
501 3018 619 3107 mccc).
644 3016 787 3085 Sufficiat
810 3020 897 3085 inter
918 3018 1030 3104 plures
1053 3020 1132 3084 alias
1148 3019 1233 3083 hanc
1258 3018 1409 3084 retulisse
1426 3018 1485 3085 de-

301 3142 464 3208 cisionem.
479 3178 497 3190 -
510 3141 573 3208 Sed
588 3146 679 3207 certe
694 3141 748 3207 ubi
764 3142 861 3207 etiarn
874 3142 1018 3227 legitima
1029 3144 1139 3228 vigeat
1155 3142 1353 3208 consuetudo
1372 3142 1485 3228 plures

301 3266 475 3355 deputandi
490 3268 564 3334 Vic.
582 3267 792 3353 Capitilares,
809 3266 844 3332 hi
868 3286 978 3332 omnes
999 3267 1038 3333 ic
1060 3268 1207 3333 solidum
1227 3266 1484 3333 iurisdictionem

301 3389 421 3456 habent
443 3389 658 3466 ordinariam3
681 3409 787 3473 neque
810 3388 895 3475 adigi
921 3393 1053 3475 possunt
1068 3410 1089 3454 a
1103 3389 1250 3475 Capitulo
1274 3394 1311 3455 ut
1333 3390 1485 3475 collegia·

300 3514 379 3579 liter
400 3514 579 3599 procedant
593 3514 627 3579 in
642 3514 748 3581 causis
764 3513 995 3599 cognoscendis
1012 3518 1045 3579 et
1065 3511 1255 3579 deliniendis
1277 3512 1484 3580 iudicialiter.

325 3704 336 3727 l
390 3635 454 3701 Sed
466 3642 638 3721 antequam
655 3636 875 3720 relinquamus
890 3638 1117 3703 tractationem
1133 3636 1173 3701 dc
1188 3637 1332 3702 Vicariis
1349 3637 1484 3723 Episco-

300 3777 416 3843 porum
431 3760 567 3825 innuere
579 3766 732 3846 praestat,
749 3762 835 3824 inter
849 3760 1000 3845 Episcopi
1015 3760 1166 3825 Vicarios
1180 3758 1401 3824 recensendos
1413 3778 1485 3825 esse

301 3878 539 3969 Suffraganeos
552 3884 761 3951 Goadiutores
775 3904 834 3949 seu
845 3883 1041 3965 Auxiliares,
1056 3888 1089 3948 et
1101 3882 1253 3947 Vicarios
1269 3900 1326 3947 seu
1341 3881 1487 3949 Admini-

302 4010 461 4072 stratores
475 4006 687 4093 Apostolioos.
704 4008 771 4081 Isti,
788 4026 849 4093 pro
872 4027 929 4073 suo
952 4026 1097 4088 munere,
1113 4005 1286 4090 aliquando
1309 4025 1485 4092 personam

300 4128 414 4197 iudicis
428 4135 530 4216 agunt
543 4132 578 4195 in
588 4129 743 4196 tribunali
756 4132 916 4216 Episcopi.
932 4132 1018 4196 Hinc
1032 4129 1260 4216 explicandum
1277 4135 1330 4195 est
1344 4150 1485 4215 quanam

302 4255 427 4319 ratione
444 4260 477 4320 et
491 4275 644 4321 mensura
658 4257 750 4321 vices
765 4262 883 4341 gerant
898 4256 1058 4340 Episcopi,
1075 4253 1230 4320 eiusmodi
1248 4254 1386 4320 Vicarii.

390 4376 595 4467 Suffraganei
609 4401 676 4447 non
690 4401 819 4468 semper
834 4381 918 4447 idem
935 4386 984 4449 est
997 4400 1113 4447 munus
1129 4385 1162 4445 et
1176 4376 1326 4445 officium.
1344 4380 1426 4445 Rem
1437 4379 1484 4445 ita
