3292 5109
325 237 391 302 444
853 256 937 306 suns
962 255 999 301 11.

325 396 387 462 per
409 377 567 463 analysim
591 396 708 444 enteca
730 380 762 443 et
783 377 936 462 singulos
959 396 1058 445 casus
1085 376 1332 463 perpendentes,
1356 395 1426 442 non
1449 374 1512 440 ad·
1610 418 1611 469 ,

324 500 453 567 modum
476 505 551 567 sunt
573 501 702 567 solliciti
725 501 767 567 dc
789 501 947 586 synticen,
965 522 1023 567 seu
1045 500 1086 567 de
1109 501 1354 567 coordinatione
1377 502 1513 566 conclu·

324 626 450 691 sionum
468 624 509 691 ad
525 646 676 710 suprema
698 626 867 711 principia.
887 624 936 691 lite
951 645 1032 691 vero
1055 626 1197 692 intimius
1220 632 1405 713 perspecta.
1424 626 1513 689 ratio

325 751 490 818 invenitur
513 757 545 817 et
567 750 709 817 solidior.
735 786 754 801 ·
780 753 861 817 Nam
892 752 945 817 isti
973 758 1133 835 auctores,
1159 753 1192 818 in
1218 772 1353 838 genere,
1378 752 1511 816 Vicarii

323 876 558 960 competentiae
574 874 758 941 abiudicant
774 896 888 943 causm
903 878 1073 962 graviores
1089 876 1287 953 criminales;
1312 875 1372 941 sed
1397 876 1458 949 illi,
1478 876 1511 939 in
1610 888 1611 943 l

322 1001 432 1085 specie
455 999 637 1067 concedunt
659 1021 759 1086 agere
782 1019 897 1067 causas
921 1002 979 1066 etsi
1001 1002 1180 1088 graviores.
1197 998 1326 1085 quando
1342 1002 1458 1087 agitur
1472 1000 1510 1066 de

324 1121 462 1217 simplici
485 1127 517 1187 et
539 1140 623 1206 pene
645 1142 709 1187 non
733 1128 944 1187 controversa
975 1122 1190 1208 applicatione
1216 1123 1298 1209 legis
1327 1124 1510 1189 communis
1610 1112 1611 1147 f

323 1244 544 1318 Tridentinae,
569 1264 652 1329 quae
674 1246 785 1332 plures
806 1266 929 1333 poenas
951 1248 1062 1313 statuit
1081 1246 1247 1329 ferendae
1269 1246 1474 1312 centwine.
1491 1280 1509 1293 -
1610 1260 1611 1263 ’

323 1371 435 1445 Quare
458 1371 558 1437 multo
580 1374 683 1458 magis
705 1374 757 1438 isti
782 1374 947 1447 Doctores,
965 1377 999 1438 et
1022 1374 1054 1438 in
1077 1372 1140 1437 hoc
1163 1391 1275 1437 omnes
1295 1375 1508 1453 conveniunt,

323 1504 476 1563 asserunt
491 1499 635 1581 Vicario,
659 1500 691 1562 vi
716 1500 880 1585 generalis
900 1498 1097 1571 vicariatus,
1121 1504 1305 1584 competere
1330 1499 1510 1563 sententias

324 1623 425 1689 edere
447 1623 693 1709 declaratorios
715 1623 769 1687 vel
792 1622 833 1687 de
856 1623 1055 1709 gravissimis
1077 1623 1206 1708 poenis;
1231 1620 1364 1707 quando
1395 1642 1508 1709 nempe
1610 1612 1611 1629 ³

324 1751 388 1816 hae
410 1749 496 1815 latae
519 1755 595 1815 sunt
613 1751 720 1815 aiure
743 1751 913 1821 communi.
938 1769 996 1816 seu
1018 1754 1093 1816 sunt
1115 1752 1204 1815 lotoe
1225 1751 1428 1823 sententiae,
1446 1757 1508 1816 eta
1610 1772 1611 1793 ³

324 1872 431 1938 iudice
453 1892 519 1937 non
542 1872 749 1957 expostulant
771 1874 832 1938 nisi
855 1872 1120 1939 declarationem
1150 1872 1270 1957 patrati
1301 1874 1455 1939 criminis
1477 1878 1506 1937 et

324 1994 403 2061 hinc
425 1996 576 2061 incursae
598 2016 733 2082 poenae.

415 2119 481 2183 Pro
503 2122 598 2206 praxi
613 2139 703 2192 vero,
722 2118 888 2185 Ordinarii
908 2120 1055 2185 locorum
1078 2119 1142 2185 hoc
1165 2118 1309 2185 habeant
1326 2122 1502 2201 criterium,
1610 2122 1611 2209 ᾗ

272 2221 277 2230 ’
325 2245 477 2309 nimirum
498 2249 619 2311 utnon
642 2245 749 2309 sinant
767 2244 841 2311 Vic.
860 2245 939 2311 Gen.
956 2263 1154 2330 cognoscere
1178 2263 1294 2309 causas
1318 2245 1503 2310 criminales

324 2387 408 2452 quae
436 2388 496 2455 pro
522 2367 682 2433 adiunctis
705 2387 815 2433 rerum
846 2373 879 2433 et
905 2387 1117 2454 personarum
1149 2369 1312 2455 gravioris
1337 2374 1417 2435 sunt
1439 2388 1502 2434 mo·
1610 2364 1611 2393 l

323 2494 435 2574 menti,
447 2494 524 2577 quin
540 2493 685 2557 muniant
699 2490 845 2557 eumdem
863 2492 1031 2558 Vicarium
1045 2492 1185 2575 speciali
1199 2491 1381 2559 mandate.
1396 2528 1414 2541 -
1428 2491 1504 2567 Quo
1610 2470 1611 2503 ¹

325 2638 402 2683 nam
425 2622 519 2702 pacto
543 2621 695 2703 praestet,
712 2616 752 2681 ad
772 2636 886 2683 causas
908 2614 1062 2681 eiusmodi
1085 2614 1313 2701 expediendas,
1332 2615 1501 2703 collegium

323 2746 522 2811 constituere
545 2742 685 2809 iudicum
707 2742 963 2827 collegiatarum,
987 2740 1219 2829 explicavimus
1242 2761 1275 2806 n.
1298 2741 1380 2807 316.

416 2866 556 2932 Proinde
580 2864 706 2950 quando
729 2885 828 2931 causa
850 2864 1046 2933 instituenda
1068 2866 1109 2932 sit
1131 2864 1321 2939 criminalis,
1340 2865 1374 2931 in
1390 2864 1503 2950 quade

322 2993 462 3059 crimine
484 2994 593 3078 agitur
615 2991 800 3058 mulctando
822 2990 875 3057 vel
899 2972 1231 3057 excommunicatione
1254 2990 1309 3055 vel
1333 2990 1503 3056 interdicto

323 3115 378 3179 vel
408 3115 617 3197 suspensione
644 3115 697 3178 vel
729 3115 910 3199 privatione
933 3113 985 3178 vel
1009 3112 1074 3178 alia
1103 3115 1248 3199 graviori
1276 3133 1396 3199 poena,
1421 3112 1502 3179 dnm·
1610 3206 1611 3213 ἵ

324 3240 418 3305 modo
440 3255 505 3304 non
530 3259 583 3305 res
606 3240 648 3305 sit
669 3238 709 3304 de
738 3238 876 3325 simplici
899 3243 933 3304 et
954 3258 1020 3305 non
1051 3238 1147 3305 dubia
1177 3239 1396 3325 applicatione
1428 3240 1505 3326 legis
1610 3220 1611 3279 l

324 3361 513 3434 communis,
537 3362 679 3425 maxime
694 3359 914 3442 Tridentinae,
930 3359 971 3425 ad
989 3358 1231 3445 praecavendas
1247 3380 1383 3427 reorum
1406 3361 1504 3427 caril-

322 3483 460 3549 lationes
492 3489 523 3549 el
554 3484 781 3568 exceptionum
807 3481 968 3570 ambages,
994 3483 1147 3550 Vicarius
1176 3484 1344 3550 muniatur
1375 3484 1503 3571 speciali
1610 3530 1611 3533 ,

324 3608 486 3676 mandato.

414 3735 534 3810 Quaeri
558 3741 665 3821 posset
687 3755 731 3799 an
753 3736 920 3822 suspensio
943 3754 966 3802 a
989 3734 1115 3801 divinis
1137 3755 1220 3821 quae
1242 3736 1285 3802 ad
1304 3736 1409 3804 breve
1431 3746 1506 3804 tem·

323 3880 383 3947 pus
405 3859 541 3941 feratur,
565 3860 726 3926 habeatur
747 3866 783 3926 ut
805 3862 916 3947 gravis
938 3879 1051 3946 poena.
1078 3896 1095 3909 -
1121 3860 1182 3927 Ast
1204 3860 1339 3929 videtur
1354 3863 1438 3948 quod
1454 3882 1503 3928 res

321 3984 469 4051 absolute
492 3982 618 4050 definiri
642 4005 706 4051 non
723 3985 839 4068 valeat,
856 3985 913 4051 sed
929 3984 1130 4071 exquirenda
1145 3986 1210 4055 sint
1225 3984 1384 4055 adiuncta
1404 4006 1504 4075 perso

323 4132 440 4179 narum
456 4117 489 4177 et
504 4112 660 4178 locorum.
678 4110 726 4177 of.
744 4111 935 4191 Leurenius,
953 4112 974 4176 l.
992 4131 1019 4177 c.
1037 4108 1199 4197 q.148.-
1218 4110 1319 4179 Certe
1343 4114 1501 4200 suspensio

320 4231 476 4298 diuturna
487 4232 539 4297 vel
552 4238 717 4318 perpetua,
733 4236 766 4296 et
781 4231 960 4317 suspensio,
978 4231 1024 4298 uti
1036 4250 1175 4297 censura
1190 4229 1318 4299 inflicta
1333 4236 1369 4301 in
1383 4238 1498 4321 tempus

323 4356 617 4431 indeterminatum,
634 4362 685 4424 est
699 4377 805 4444 poena
822 4358 966 4443 gravior.
985 4391 1003 4407 -
1021 4356 1139 4424 Levior
1153 4362 1204 4423 est
1219 4362 1395 4445 suspensio
1416 4360 1465 4427 vel
1482 4378 1500 4423 a
