<?xml version="1.0" encoding="UTF-8"?>
<!DOCTYPE html PUBLIC "-//W3C//DTD XHTML 1.0 Transitional//EN"
    "http://www.w3.org/TR/xhtml1/DTD/xhtml1-transitional.dtd">
<html xmlns="http://www.w3.org/1999/xhtml" xml:lang="en" lang="en">
 <head>
  <title>
</title>
<meta http-equiv="Content-Type" content="text/html;charset=utf-8" />
  <meta name='ocr-system' content='tesseract 3.04.00' />
  <meta name='ocr-capabilities' content='ocr_page ocr_carea ocr_par ocr_line ocrx_word'/>
</head>
<body>
  <div class='ocr_page' id='page_1' title='image "./praelectionesin03legagoog_0483.png"; bbox 0 0 3292 5109; ppageno 0'>
   <div class='ocr_carea' id='block_1_1' title="bbox 654 268 1376 333">
    <p class='ocr_par' dir='ltr' id='par_1_1' title="bbox 654 268 1376 333">
     <span class='ocr_line' id='line_1_1' title="bbox 654 268 1376 333; baseline 0.001 -1"><span class='ocrx_word' id='word_1_1' title='bbox 654 283 860 332; x_wconf 81' lang='lat' dir='ltr'>annnoaruu</span> <span class='ocrx_word' id='word_1_2' title='bbox 884 284 920 330; x_wconf 90' lang='lat'>11.</span> <span class='ocrx_word' id='word_1_3' title='bbox 1309 268 1376 333; x_wconf 84' lang='grc'>479</span> 
     </span>
    </p>
   </div>
   <div class='ocr_carea' id='block_1_2' title="bbox 195 402 1376 1549">
    <p class='ocr_par' dir='ltr' id='par_1_2' title="bbox 196 402 1376 690">
     <span class='ocr_line' id='line_1_2' title="bbox 290 402 1376 472; baseline 0.006 -17"><span class='ocrx_word' id='word_1_4' title='bbox 290 403 330 456; x_wconf 87' lang='grc'>16.</span> <span class='ocrx_word' id='word_1_5' title='bbox 352 402 529 458; x_wconf 81' lang='lat' dir='ltr'>Excellentiu</span> <span class='ocrx_word' id='word_1_6' title='bbox 553 404 731 470; x_wconf 84' lang='lat' dir='ltr'>meritorum,</span> <span class='ocrx_word' id='word_1_7' title='bbox 751 419 813 456; x_wconf 90' lang='lat' dir='ltr'>cum</span> <span class='ocrx_word' id='word_1_8' title='bbox 833 402 936 472; x_wconf 84' lang='lat' dir='ltr'>aliquis</span> <span class='ocrx_word' id='word_1_9' title='bbox 954 407 1004 456; x_wconf 88' lang='lat' dir='ltr'>aut</span> <span class='ocrx_word' id='word_1_10' title='bbox 1022 407 1119 457; x_wconf 87' lang='lat' dir='ltr'>contra</span> <span class='ocrx_word' id='word_1_11' title='bbox 1136 403 1201 459; x_wconf 87' lang='lat' dir='ltr'>fidei</span> <span class='ocrx_word' id='word_1_12' title='bbox 1220 402 1376 462; x_wconf 86' lang='lat' dir='ltr'>catholicae</span> 
     </span>
     <span class='ocr_line' id='line_1_3' title="bbox 196 512 1376 582; baseline 0.001 -14"><span class='ocrx_word' id='word_1_13' title='bbox 196 515 292 569; x_wconf 90' lang='lat' dir='ltr'>hostes</span> <span class='ocrx_word' id='word_1_14' title='bbox 312 514 499 580; x_wconf 81' lang='lat' dir='ltr'>dimicatione,</span> <span class='ocrx_word' id='word_1_15' title='bbox 518 517 567 567; x_wconf 91' lang='lat' dir='ltr'>aut</span> <span class='ocrx_word' id='word_1_16' title='bbox 586 512 759 567; x_wconf 85' lang='lat' dir='ltr'>liberalitate</span> <span class='ocrx_word' id='word_1_17' title='bbox 778 529 846 582; x_wconf 90' lang='lat' dir='ltr'>erga</span> <span class='ocrx_word' id='word_1_18' title='bbox 865 513 1026 580; x_wconf 87' lang='lat' dir='ltr'>Ecclesiam,</span> <span class='ocrx_word' id='word_1_19' title='bbox 1046 518 1096 566; x_wconf 89' lang='lat' dir='ltr'>aut</span> <span class='ocrx_word' id='word_1_20' title='bbox 1115 513 1250 580; x_wconf 89' lang='lat' dir='ltr'>doctrina,</span> <span class='ocrx_word' id='word_1_21' title='bbox 1263 515 1376 582; x_wconf 86' lang='lat' dir='ltr'>virtute,</span> 
     </span>
     <span class='ocr_line' id='line_1_4' title="bbox 198 621 919 690; baseline -0.004 -14"><span class='ocrx_word' id='word_1_22' title='bbox 198 622 289 678; x_wconf 87' lang='lat' dir='ltr'>aliove</span> <span class='ocrx_word' id='word_1_23' title='bbox 309 623 389 677; x_wconf 89' lang='lat' dir='ltr'>modo</span> <span class='ocrx_word' id='word_1_24' title='bbox 407 622 442 677; x_wconf 92' lang='lat' dir='ltr'>de</span> <span class='ocrx_word' id='word_1_25' title='bbox 461 621 597 690; x_wconf 85' lang='lat' dir='ltr'>religione</span> <span class='ocrx_word' id='word_1_26' title='bbox 616 621 654 674; x_wconf 92' lang='lat' dir='ltr'>sit</span> <span class='ocrx_word' id='word_1_27' title='bbox 671 621 776 690; x_wconf 87' lang='lat' dir='ltr'>optima</span> <span class='ocrx_word' id='word_1_28' title='bbox 795 621 919 676; x_wconf 89' lang='lat' dir='ltr'>meritus.</span> 
     </span>
    </p>

    <p class='ocr_par' dir='ltr' id='par_1_3' title="bbox 197 731 1376 1016">
     <span class='ocr_line' id='line_1_5' title="bbox 287 731 1376 801; baseline 0.004 -17"><span class='ocrx_word' id='word_1_29' title='bbox 287 731 347 786; x_wconf 87' lang='lat' dir='ltr'>Hae</span> <span class='ocrx_word' id='word_1_30' title='bbox 366 735 432 784; x_wconf 88' lang='lat' dir='ltr'>sunt</span> <span class='ocrx_word' id='word_1_31' title='bbox 450 731 666 796; x_wconf 88' lang='lat' dir='ltr'>communiores,</span> <span class='ocrx_word' id='word_1_32' title='bbox 686 731 863 800; x_wconf 76' lang='lat' dir='ltr'>potioresque</span> <span class='ocrx_word' id='word_1_33' title='bbox 882 747 995 797; x_wconf 89' lang='lat' dir='ltr'>causae,</span> <span class='ocrx_word' id='word_1_34' title='bbox 1013 746 1084 801; x_wconf 88' lang='lat' dir='ltr'>quae</span> <span class='ocrx_word' id='word_1_35' title='bbox 1103 731 1138 784; x_wconf 91' lang='lat' dir='ltr'>ad</span> <span class='ocrx_word' id='word_1_36' title='bbox 1156 733 1376 788; x_wconf 77' lang='lat' dir='ltr'>matrimoniales</span> 
     </span>
     <span class='ocr_line' id='line_1_6' title="bbox 197 836 1375 908; baseline 0 -16"><span class='ocrx_word' id='word_1_37' title='bbox 197 839 419 908; x_wconf 77' lang='lat' dir='ltr'>dispensationes</span> <span class='ocrx_word' id='word_1_38' title='bbox 432 837 620 907; x_wconf 77' lang='lat' dir='ltr'>impetrandas</span> <span class='ocrx_word' id='word_1_39' title='bbox 632 837 729 890; x_wconf 88' lang='lat' dir='ltr'>adduci</span> <span class='ocrx_word' id='word_1_40' title='bbox 740 836 847 900; x_wconf 79' lang='lat' dir='ltr'>solent3</span> <span class='ocrx_word' id='word_1_41' title='bbox 859 837 892 890; x_wconf 92' lang='lat' dir='ltr'>de</span> <span class='ocrx_word' id='word_1_42' title='bbox 905 838 1006 907; x_wconf 86' lang='lat' dir='ltr'>quibus</span> <span class='ocrx_word' id='word_1_43' title='bbox 1018 838 1128 907; x_wconf 86' lang='lat' dir='ltr'>copiose</span> <span class='ocrx_word' id='word_1_44' title='bbox 1141 844 1229 908; x_wconf 89' lang='lat' dir='ltr'>agunt</span> <span class='ocrx_word' id='word_1_45' title='bbox 1242 837 1375 908; x_wconf 79' lang='lat' dir='ltr'>theologi,</span> 
     </span>
     <span class='ocr_line' id='line_1_7' title="bbox 198 944 794 1016; baseline -0.007 -16"><span class='ocrx_word' id='word_1_46' title='bbox 198 962 230 1000; x_wconf 89' lang='lat' dir='ltr'>ae</span> <span class='ocrx_word' id='word_1_47' title='bbox 249 961 389 999; x_wconf 87' lang='lat' dir='ltr'>sacrorum</span> <span class='ocrx_word' id='word_1_48' title='bbox 410 961 546 998; x_wconf 87' lang='lat' dir='ltr'>canonum</span> <span class='ocrx_word' id='word_1_49' title='bbox 567 944 734 1014; x_wconf 87' lang='lat' dir='ltr'>interpretes</span> <span class='ocrx_word' id='word_1_50' title='bbox 746 944 794 1016; x_wconf 78' lang='lat' dir='ltr'>(ll.</span> 
     </span>
    </p>

    <p class='ocr_par' dir='ltr' id='par_1_4' title="bbox 195 1049 1375 1440">
     <span class='ocr_line' id='line_1_8' title="bbox 286 1049 1375 1122; baseline 0 -17"><span class='ocrx_word' id='word_1_51' title='bbox 286 1053 339 1107; x_wconf 88' lang='lat' dir='ltr'>Sed</span> <span class='ocrx_word' id='word_1_52' title='bbox 358 1053 413 1105; x_wconf 89' lang='lat' dir='ltr'>iam</span> <span class='ocrx_word' id='word_1_53' title='bbox 433 1069 462 1106; x_wconf 89' lang='lat' dir='ltr'>se</span> <span class='ocrx_word' id='word_1_54' title='bbox 482 1051 621 1107; x_wconf 86' lang='lat' dir='ltr'>convertit</span> <span class='ocrx_word' id='word_1_55' title='bbox 640 1049 789 1105; x_wconf 85' lang='lat' dir='ltr'>instructio</span> <span class='ocrx_word' id='word_1_56' title='bbox 807 1050 842 1103; x_wconf 87' lang='lat' dir='ltr'>ad</span> <span class='ocrx_word' id='word_1_57' title='bbox 861 1067 903 1117; x_wconf 89' lang='lat' dir='ltr'>aa,</span> <span class='ocrx_word' id='word_1_58' title='bbox 919 1068 990 1122; x_wconf 89' lang='lat' dir='ltr'>quae</span> <span class='ocrx_word' id='word_1_59' title='bbox 1010 1056 1120 1120; x_wconf 87' lang='lat' dir='ltr'>praeter</span> <span class='ocrx_word' id='word_1_60' title='bbox 1133 1069 1230 1105; x_wconf 83' lang='lat' dir='ltr'>causas</span> <span class='ocrx_word' id='word_1_61' title='bbox 1244 1053 1272 1105; x_wconf 94' lang='lat' dir='ltr'>in</span> <span class='ocrx_word' id='word_1_62' title='bbox 1284 1052 1375 1108; x_wconf 87' lang='lat' dir='ltr'>literis</span> 
     </span>
     <span class='ocr_line' id='line_1_9' title="bbox 198 1155 1375 1230; baseline -0.001 -18"><span class='ocrx_word' id='word_1_63' title='bbox 198 1157 369 1228; x_wconf 83' lang='lat' dir='ltr'>supplicibus</span> <span class='ocrx_word' id='word_1_64' title='bbox 389 1173 438 1226; x_wconf 90' lang='lat' dir='ltr'>pro</span> <span class='ocrx_word' id='word_1_65' title='bbox 457 1157 661 1225; x_wconf 78' lang='lat' dir='ltr'>dispensatione</span> <span class='ocrx_word' id='word_1_66' title='bbox 675 1155 826 1210; x_wconf 84' lang='lat' dir='ltr'>obtinenda</span> <span class='ocrx_word' id='word_1_67' title='bbox 840 1156 873 1210; x_wconf 93' lang='lat' dir='ltr'>de</span> <span class='ocrx_word' id='word_1_68' title='bbox 886 1157 945 1210; x_wconf 90' lang='lat' dir='ltr'>iure</span> <span class='ocrx_word' id='word_1_69' title='bbox 958 1155 1003 1210; x_wconf 86' lang='lat' dir='ltr'>vel</span> <span class='ocrx_word' id='word_1_70' title='bbox 1017 1157 1224 1223; x_wconf 88' lang='lat' dir='ltr'>consuetudine,</span> <span class='ocrx_word' id='word_1_71' title='bbox 1238 1162 1287 1210; x_wconf 90' lang='lat' dir='ltr'>aut</span> <span class='ocrx_word' id='word_1_72' title='bbox 1298 1157 1375 1230; x_wconf 86' lang='lat' dir='ltr'>stylo</span> 
     </span>
     <span class='ocr_line' id='line_1_10' title="bbox 195 1264 1375 1336; baseline -0.004 -14"><span class='ocrx_word' id='word_1_73' title='bbox 195 1266 295 1322; x_wconf 86' lang='lat' dir='ltr'>Curiae</span> <span class='ocrx_word' id='word_1_74' title='bbox 319 1265 499 1336; x_wconf 79' lang='lat' dir='ltr'>exprimenda</span> <span class='ocrx_word' id='word_1_75' title='bbox 518 1268 591 1330; x_wconf 88' lang='lat' dir='ltr'>sunt,</span> <span class='ocrx_word' id='word_1_76' title='bbox 610 1265 650 1317; x_wconf 88' lang='lat' dir='ltr'>ita</span> <span class='ocrx_word' id='word_1_77' title='bbox 669 1267 700 1317; x_wconf 93' lang='lat' dir='ltr'>ut</span> <span class='ocrx_word' id='word_1_78' title='bbox 719 1264 742 1316; x_wconf 90' lang='lat' dir='ltr'>si</span> <span class='ocrx_word' id='word_1_79' title='bbox 762 1264 848 1317; x_wconf 88' lang='lat' dir='ltr'>etiam</span> <span class='ocrx_word' id='word_1_80' title='bbox 868 1265 1031 1333; x_wconf 85' lang='lat' dir='ltr'>ignoranter</span> <span class='ocrx_word' id='word_1_81' title='bbox 1048 1268 1175 1318; x_wconf 81' lang='lat' dir='ltr'>taceatur</span> <span class='ocrx_word' id='word_1_82' title='bbox 1194 1265 1306 1330; x_wconf 88' lang='lat' dir='ltr'>veritas,</span> <span class='ocrx_word' id='word_1_83' title='bbox 1324 1269 1375 1318; x_wconf 89' lang='lat' dir='ltr'>aut</span> 
     </span>
     <span class='ocr_line' id='line_1_11' title="bbox 197 1369 1216 1440; baseline -0.004 -14"><span class='ocrx_word' id='word_1_84' title='bbox 197 1377 327 1427; x_wconf 89' lang='lat' dir='ltr'>narretur</span> <span class='ocrx_word' id='word_1_85' title='bbox 346 1370 462 1434; x_wconf 81' lang='lat' dir='ltr'>falsilas,</span> <span class='ocrx_word' id='word_1_86' title='bbox 483 1369 652 1440; x_wconf 89' lang='lat' dir='ltr'>dispensatio</span> <span class='ocrx_word' id='word_1_87' title='bbox 670 1369 748 1423; x_wconf 91' lang='lat' dir='ltr'>nulla</span> <span class='ocrx_word' id='word_1_88' title='bbox 767 1369 911 1424; x_wconf 89' lang='lat' dir='ltr'>efficiatur.</span> <span class='ocrx_word' id='word_1_89' title='bbox 932 1370 1006 1425; x_wconf 90' lang='lat' dir='ltr'>Haec</span> <span class='ocrx_word' id='word_1_90' title='bbox 1026 1376 1119 1424; x_wconf 89' lang='lat' dir='ltr'>autem</span> <span class='ocrx_word' id='word_1_91' title='bbox 1138 1374 1216 1422; x_wconf 88' lang='lat' dir='ltr'>eunt:</span> 
     </span>
    </p>

    <p class='ocr_par' dir='ltr' id='par_1_5' title="bbox 288 1477 1374 1549">
     <span class='ocr_line' id='line_1_12' title="bbox 288 1477 1374 1549; baseline 0.001 -17"><span class='ocrx_word' id='word_1_92' title='bbox 288 1481 309 1532; x_wconf 90' lang='lat' dir='ltr'>l.</span> <span class='ocrx_word' id='word_1_93' title='bbox 330 1480 439 1533; x_wconf 83' lang='lat' dir='ltr'>Nomen</span> <span class='ocrx_word' id='word_1_94' title='bbox 459 1489 485 1533; x_wconf 86' lang='lat' dir='ltr'>et</span> <span class='ocrx_word' id='word_1_95' title='bbox 503 1495 663 1546; x_wconf 69' lang='lat' dir='ltr'>cognomen,</span> <span class='ocrx_word' id='word_1_96' title='bbox 682 1477 840 1539; x_wconf 85' lang='lat' dir='ltr'>Oratorum,</span> <span class='ocrx_word' id='word_1_97' title='bbox 858 1482 1006 1549; x_wconf 91' lang='lat' dir='ltr'>utrumque</span> <span class='ocrx_word' id='word_1_98' title='bbox 1024 1478 1165 1544; x_wconf 86' lang='lat' dir='ltr'>distincte,</span> <span class='ocrx_word' id='word_1_99' title='bbox 1184 1496 1216 1532; x_wconf 90' lang='lat' dir='ltr'>ac</span> <span class='ocrx_word' id='word_1_100' title='bbox 1234 1478 1322 1533; x_wconf 90' lang='lat' dir='ltr'>nitide</span> <span class='ocrx_word' id='word_1_101' title='bbox 1340 1495 1374 1533; x_wconf 93' lang='lat' dir='ltr'>ac</span> 
     </span>
    </p>
   </div>
   <div class='ocr_carea' id='block_1_3' title="bbox 194 1585 1374 1758">
    <p class='ocr_par' dir='ltr' id='par_1_6' title="bbox 194 1585 1374 1758">
     <span class='ocr_line' id='line_1_13' title="bbox 194 1585 926 1642; baseline -0.004 -2"><span class='ocrx_word' id='word_1_102' title='bbox 194 1589 255 1642; x_wconf 90' lang='lat' dir='ltr'>sine</span> <span class='ocrx_word' id='word_1_103' title='bbox 275 1587 333 1641; x_wconf 90' lang='lat' dir='ltr'>ulla</span> <span class='ocrx_word' id='word_1_104' title='bbox 352 1586 496 1641; x_wconf 87' lang='lat' dir='ltr'>literarum</span> <span class='ocrx_word' id='word_1_105' title='bbox 515 1585 725 1640; x_wconf 85' lang='lat' dir='ltr'>abbreviatione</span> <span class='ocrx_word' id='word_1_106' title='bbox 743 1586 926 1640; x_wconf 86' lang='lat' dir='ltr'>scribendum.</span> 
     </span>
     <span class='ocr_line' id='line_1_14' title="bbox 283 1687 1374 1758; baseline -0.002 -14"><span class='ocrx_word' id='word_1_107' title='bbox 283 1693 307 1744; x_wconf 87' lang='lat'>2.</span> <span class='ocrx_word' id='word_1_108' title='bbox 332 1691 468 1744; x_wconf 86' lang='lat' dir='ltr'>Dioecesis</span> <span class='ocrx_word' id='word_1_109' title='bbox 486 1690 604 1758; x_wconf 73' lang='lat' dir='ltr'>oripinis</span> <span class='ocrx_word' id='word_1_110' title='bbox 623 1687 666 1742; x_wconf 85' lang='lat' dir='ltr'>vel</span> <span class='ocrx_word' id='word_1_111' title='bbox 686 1690 806 1742; x_wconf 73' lang='lat' dir='ltr'>nataralia</span> <span class='ocrx_word' id='word_1_112' title='bbox 824 1690 967 1742; x_wconf 82' lang='lat' dir='ltr'>domicilii.</span> <span class='ocrx_word' id='word_1_113' title='bbox 986 1689 1101 1756; x_wconf 86' lang='lat' dir='ltr'>Quando</span> <span class='ocrx_word' id='word_1_114' title='bbox 1120 1689 1250 1744; x_wconf 87' lang='lat' dir='ltr'>Oratores</span> <span class='ocrx_word' id='word_1_115' title='bbox 1269 1688 1374 1743; x_wconf 87' lang='lat' dir='ltr'>habent</span> 
     </span>
    </p>
   </div>
   <div class='ocr_carea' id='block_1_4' title="bbox 192 1795 1374 1974">
    <p class='ocr_par' dir='ltr' id='par_1_7' title="bbox 192 1795 1374 1974">
     <span class='ocr_line' id='line_1_15' title="bbox 192 1795 1374 1866; baseline -0.001 -16"><span class='ocrx_word' id='word_1_116' title='bbox 192 1797 365 1852; x_wconf 89' lang='lat' dir='ltr'>domicilium</span> <span class='ocrx_word' id='word_1_117' title='bbox 384 1802 467 1852; x_wconf 80' lang='lat' dir='ltr'>extra</span> <span class='ocrx_word' id='word_1_118' title='bbox 484 1797 632 1850; x_wconf 89' lang='lat' dir='ltr'>dioecesim</span> <span class='ocrx_word' id='word_1_119' title='bbox 652 1795 777 1864; x_wconf 89' lang='lat' dir='ltr'>originis,</span> <span class='ocrx_word' id='word_1_120' title='bbox 792 1801 915 1865; x_wconf 86' lang='lat' dir='ltr'>possunt,</span> <span class='ocrx_word' id='word_1_121' title='bbox 934 1798 957 1850; x_wconf 90' lang='lat' dir='ltr'>si</span> <span class='ocrx_word' id='word_1_122' title='bbox 976 1796 1072 1860; x_wconf 84' lang='lat' dir='ltr'>velint,</span> <span class='ocrx_word' id='word_1_123' title='bbox 1093 1801 1196 1866; x_wconf 86' lang='lat' dir='ltr'>petere,</span> <span class='ocrx_word' id='word_1_124' title='bbox 1216 1802 1247 1851; x_wconf 91' lang='lat' dir='ltr'>ut</span> <span class='ocrx_word' id='word_1_125' title='bbox 1264 1797 1374 1866; x_wconf 87' lang='lat' dir='ltr'>dispen-</span> 
     </span>
     <span class='ocr_line' id='line_1_16' title="bbox 192 1902 1192 1974; baseline -0.002 -17"><span class='ocrx_word' id='word_1_126' title='bbox 192 1905 267 1958; x_wconf 84' lang='lat' dir='ltr'>satio</span> <span class='ocrx_word' id='word_1_127' title='bbox 286 1904 415 1958; x_wconf 90' lang='lat' dir='ltr'>mittatur</span> <span class='ocrx_word' id='word_1_128' title='bbox 432 1903 468 1957; x_wconf 87' lang='lat' dir='ltr'>ad</span> <span class='ocrx_word' id='word_1_129' title='bbox 487 1903 661 1956; x_wconf 87' lang='lat' dir='ltr'>Ordinarium</span> <span class='ocrx_word' id='word_1_130' title='bbox 681 1902 823 1969; x_wconf 86' lang='lat' dir='ltr'>dioecesis,</span> <span class='ocrx_word' id='word_1_131' title='bbox 843 1904 871 1956; x_wconf 90' lang='lat' dir='ltr'>in</span> <span class='ocrx_word' id='word_1_132' title='bbox 891 1921 946 1974; x_wconf 90' lang='lat' dir='ltr'>qua</span> <span class='ocrx_word' id='word_1_133' title='bbox 965 1921 1037 1956; x_wconf 90' lang='lat' dir='ltr'>nunc</span> <span class='ocrx_word' id='word_1_134' title='bbox 1056 1903 1192 1956; x_wconf 78' lang='lat' dir='ltr'>habitant</span> 
     </span>
    </p>
   </div>
   <div class='ocr_carea' id='block_1_5' title="bbox 282 1985 1373 2084">
    <p class='ocr_par' dir='ltr' id='par_1_8' title="bbox 282 1985 1373 2084">
     <span class='ocr_line' id='line_1_17' title="bbox 282 1985 1373 2084; baseline -0.004 -16"><span class='ocrx_word' id='word_1_135' title='bbox 282 2013 307 2068; x_wconf 89' lang='lat'>3.</span> <span class='ocrx_word' id='word_1_136' title='bbox 329 2013 442 2084; x_wconf 79' lang='lat' dir='ltr'>Species</span> <span class='ocrx_word' id='word_1_137' title='bbox 461 2012 545 2066; x_wconf 90' lang='lat' dir='ltr'>etiam</span> <span class='ocrx_word' id='word_1_138' title='bbox 566 2013 661 2081; x_wconf 78' lang='lat' dir='ltr'>infima</span> <span class='ocrx_word' id='word_1_139' title='bbox 681 2009 880 2079; x_wconf 87' lang='lat' dir='ltr'>impedimenti,</span> <span class='ocrx_word' id='word_1_140' title='bbox 894 2028 930 2063; x_wconf 89' lang='lat' dir='ltr'>an</span> <span class='ocrx_word' id='word_1_141' title='bbox 943 2011 980 2064; x_wconf 91' lang='lat' dir='ltr'>sit</span> <span class='ocrx_word' id='word_1_142' title='bbox 993 1985 1227 2079; x_wconf 81' lang='lat' dir='ltr'>consanguinitas,</span> <span class='ocrx_word' id='word_1_143' title='bbox 1246 2010 1292 2064; x_wconf 86' lang='lat' dir='ltr'>vel</span> <span class='ocrx_word' id='word_1_144' title='bbox 1310 2011 1373 2064; x_wconf 85' lang='lat' dir='ltr'>affi-</span> 
     </span>
    </p>
   </div>
   <div class='ocr_carea' id='block_1_6' title="bbox 149 2115 1373 4112">
    <p class='ocr_par' dir='ltr' id='par_1_9' title="bbox 190 2115 1373 2722">
     <span class='ocr_line' id='line_1_18' title="bbox 193 2115 1373 2188; baseline -0.003 -14"><span class='ocrx_word' id='word_1_145' title='bbox 193 2121 278 2188; x_wconf 89' lang='lat' dir='ltr'>nitas,</span> <span class='ocrx_word' id='word_1_146' title='bbox 297 2123 359 2173; x_wconf 87' lang='lat' dir='ltr'>orta</span> <span class='ocrx_word' id='word_1_147' title='bbox 378 2137 412 2174; x_wconf 85' lang='lat' dir='ltr'>ex</span> <span class='ocrx_word' id='word_1_148' title='bbox 431 2117 531 2188; x_wconf 86' lang='lat' dir='ltr'>copula</span> <span class='ocrx_word' id='word_1_149' title='bbox 549 2117 628 2171; x_wconf 87' lang='lat' dir='ltr'>licita</span> <span class='ocrx_word' id='word_1_150' title='bbox 647 2117 693 2172; x_wconf 86' lang='lat' dir='ltr'>vel</span> <span class='ocrx_word' id='word_1_151' title='bbox 714 2117 828 2180; x_wconf 76' lang='lat' dir='ltr'>illicita,</span> <span class='ocrx_word' id='word_1_152' title='bbox 849 2117 961 2185; x_wconf 89' lang='lat' dir='ltr'>publica</span> <span class='ocrx_word' id='word_1_153' title='bbox 973 2115 1104 2171; x_wconf 87' lang='lat' dir='ltr'>honestas</span> <span class='ocrx_word' id='word_1_154' title='bbox 1117 2118 1253 2186; x_wconf 81' lang='lat' dir='ltr'>originem</span> <span class='ocrx_word' id='word_1_155' title='bbox 1269 2119 1373 2173; x_wconf 89' lang='lat' dir='ltr'>ducens</span> 
     </span>
     <span class='ocr_line' id='line_1_19' title="bbox 192 2224 1373 2297; baseline -0.003 -15"><span class='ocrx_word' id='word_1_156' title='bbox 192 2246 227 2282; x_wconf 81' lang='lat' dir='ltr'>ax</span> <span class='ocrx_word' id='word_1_157' title='bbox 246 2227 430 2297; x_wconf 88' lang='lat' dir='ltr'>sponsalibus,</span> <span class='ocrx_word' id='word_1_158' title='bbox 450 2224 493 2280; x_wconf 87' lang='lat' dir='ltr'>vel</span> <span class='ocrx_word' id='word_1_159' title='bbox 514 2225 692 2279; x_wconf 88' lang='lat' dir='ltr'>matrimonio</span> <span class='ocrx_word' id='word_1_160' title='bbox 712 2229 789 2290; x_wconf 79' lang='lat' dir='ltr'>rat03</span> <span class='ocrx_word' id='word_1_161' title='bbox 803 2225 831 2278; x_wconf 94' lang='lat' dir='ltr'>in</span> <span class='ocrx_word' id='word_1_162' title='bbox 845 2224 1044 2293; x_wconf 88' lang='lat' dir='ltr'>impedimento</span> <span class='ocrx_word' id='word_1_163' title='bbox 1057 2226 1191 2291; x_wconf 82' lang='lat' dir='ltr'>criminis,</span> <span class='ocrx_word' id='word_1_164' title='bbox 1205 2229 1297 2278; x_wconf 87' lang='lat' dir='ltr'>utrum</span> <span class='ocrx_word' id='word_1_165' title='bbox 1310 2242 1373 2295; x_wconf 90' lang='lat' dir='ltr'>pro-</span> 
     </span>
     <span class='ocr_line' id='line_1_20' title="bbox 194 2334 1371 2404; baseline -0.002 -14"><span class='ocrx_word' id='word_1_166' title='bbox 194 2336 303 2391; x_wconf 90' lang='lat' dir='ltr'>venerit</span> <span class='ocrx_word' id='word_1_167' title='bbox 321 2353 355 2389; x_wconf 77' lang='lat' dir='ltr'>es</span> <span class='ocrx_word' id='word_1_168' title='bbox 374 2335 560 2404; x_wconf 87' lang='lat' dir='ltr'>coniugicidio</span> <span class='ocrx_word' id='word_1_169' title='bbox 579 2351 639 2388; x_wconf 92' lang='lat' dir='ltr'>cum</span> <span class='ocrx_word' id='word_1_170' title='bbox 661 2335 842 2404; x_wconf 84' lang='lat' dir='ltr'>promissione</span> <span class='ocrx_word' id='word_1_171' title='bbox 862 2334 1045 2401; x_wconf 90' lang='lat' dir='ltr'>matrimonii,</span> <span class='ocrx_word' id='word_1_172' title='bbox 1064 2339 1113 2387; x_wconf 89' lang='lat' dir='ltr'>aut</span> <span class='ocrx_word' id='word_1_173' title='bbox 1131 2351 1166 2388; x_wconf 86' lang='lat' dir='ltr'>ex</span> <span class='ocrx_word' id='word_1_174' title='bbox 1185 2334 1371 2404; x_wconf 89' lang='lat' dir='ltr'>couiugicidio</span> 
     </span>
     <span class='ocr_line' id='line_1_21' title="bbox 191 2440 1370 2509; baseline 0 -14"><span class='ocrx_word' id='word_1_175' title='bbox 191 2460 254 2496; x_wconf 92' lang='lat' dir='ltr'>cum</span> <span class='ocrx_word' id='word_1_176' title='bbox 273 2441 419 2507; x_wconf 88' lang='lat' dir='ltr'>adulterio,</span> <span class='ocrx_word' id='word_1_177' title='bbox 439 2440 483 2496; x_wconf 86' lang='lat' dir='ltr'>vel</span> <span class='ocrx_word' id='word_1_178' title='bbox 504 2459 537 2496; x_wconf 87' lang='lat' dir='ltr'>ex</span> <span class='ocrx_word' id='word_1_179' title='bbox 557 2440 617 2495; x_wconf 91' lang='lat' dir='ltr'>solo</span> <span class='ocrx_word' id='word_1_180' title='bbox 636 2440 774 2495; x_wconf 90' lang='lat' dir='ltr'>adulterio</span> <span class='ocrx_word' id='word_1_181' title='bbox 793 2458 857 2494; x_wconf 94' lang='lat' dir='ltr'>cum</span> <span class='ocrx_word' id='word_1_182' title='bbox 876 2440 1057 2509; x_wconf 86' lang='lat' dir='ltr'>promissione</span> <span class='ocrx_word' id='word_1_183' title='bbox 1070 2440 1256 2506; x_wconf 83' lang='lat' dir='ltr'>matrimonii3</span> <span class='ocrx_word' id='word_1_184' title='bbox 1274 2441 1303 2494; x_wconf 94' lang='lat' dir='ltr'>in</span> <span class='ocrx_word' id='word_1_185' title='bbox 1322 2457 1370 2494; x_wconf 91' lang='lat' dir='ltr'>co-</span> 
     </span>
     <span class='ocr_line' id='line_1_22' title="bbox 190 2542 1370 2616; baseline -0.001 -18"><span class='ocrx_word' id='word_1_186' title='bbox 190 2545 324 2616; x_wconf 86' lang='lat' dir='ltr'>gnatione</span> <span class='ocrx_word' id='word_1_187' title='bbox 334 2543 484 2614; x_wconf 88' lang='lat' dir='ltr'>spirituali,</span> <span class='ocrx_word' id='word_1_188' title='bbox 498 2548 590 2598; x_wconf 91' lang='lat' dir='ltr'>utrum</span> <span class='ocrx_word' id='word_1_189' title='bbox 605 2545 642 2598; x_wconf 89' lang='lat' dir='ltr'>sit</span> <span class='ocrx_word' id='word_1_190' title='bbox 655 2544 728 2599; x_wconf 88' lang='lat' dir='ltr'>inter</span> <span class='ocrx_word' id='word_1_191' title='bbox 742 2544 885 2598; x_wconf 86' lang='lat' dir='ltr'>levantem</span> <span class='ocrx_word' id='word_1_192' title='bbox 899 2549 928 2597; x_wconf 89' lang='lat' dir='ltr'>et</span> <span class='ocrx_word' id='word_1_193' title='bbox 941 2543 1072 2610; x_wconf 79' lang='lat' dir='ltr'>levatum,</span> <span class='ocrx_word' id='word_1_194' title='bbox 1083 2542 1128 2598; x_wconf 90' lang='lat' dir='ltr'>vel</span> <span class='ocrx_word' id='word_1_195' title='bbox 1141 2545 1215 2598; x_wconf 90' lang='lat' dir='ltr'>inter</span> <span class='ocrx_word' id='word_1_196' title='bbox 1227 2544 1370 2598; x_wconf 82' lang='lat' dir='ltr'>levantem</span> 
     </span>
     <span class='ocr_line' id='line_1_23' title="bbox 190 2651 496 2722; baseline -0.01 -15"><span class='ocrx_word' id='word_1_197' title='bbox 190 2656 219 2707; x_wconf 90' lang='lat' dir='ltr'>et</span> <span class='ocrx_word' id='word_1_198' title='bbox 238 2651 323 2707; x_wconf 85' lang='lat' dir='ltr'>levati</span> <span class='ocrx_word' id='word_1_199' title='bbox 344 2656 496 2722; x_wconf 90' lang='lat' dir='ltr'>parentem.</span> 
     </span>
    </p>

    <p class='ocr_par' dir='ltr' id='par_1_10' title="bbox 149 2755 1369 3250">
     <span class='ocr_line' id='line_1_24' title="bbox 279 2755 1369 2827; baseline -0.001 -16"><span class='ocrx_word' id='word_1_200' title='bbox 279 2759 303 2811; x_wconf 81' lang='grc'>4.</span> <span class='ocrx_word' id='word_1_201' title='bbox 328 2759 441 2812; x_wconf 82' lang='lat' dir='ltr'>Gradus</span> <span class='ocrx_word' id='word_1_202' title='bbox 461 2758 718 2826; x_wconf 78' lang='lat' dir='ltr'>consonpuinitotis,</span> <span class='ocrx_word' id='word_1_203' title='bbox 737 2755 781 2813; x_wconf 81' lang='lat' dir='ltr'>vel</span> <span class='ocrx_word' id='word_1_204' title='bbox 802 2756 965 2827; x_wconf 80' lang='lat' dir='ltr'>Affinitntis,</span> <span class='ocrx_word' id='word_1_205' title='bbox 984 2762 1034 2810; x_wconf 89' lang='lat' dir='ltr'>aut</span> <span class='ocrx_word' id='word_1_206' title='bbox 1052 2759 1202 2812; x_wconf 67' lang='lat' dir='ltr'>loricatoris</span> <span class='ocrx_word' id='word_1_207' title='bbox 1221 2775 1255 2812; x_wconf 82' lang='lat' dir='ltr'>ex</span> <span class='ocrx_word' id='word_1_208' title='bbox 1274 2758 1369 2812; x_wconf 90' lang='lat' dir='ltr'>matri·</span> 
     </span>
     <span class='ocr_line' id='line_1_25' title="bbox 191 2865 1369 2936; baseline 0.005 -18"><span class='ocrx_word' id='word_1_209' title='bbox 191 2866 285 2920; x_wconf 89' lang='lat' dir='ltr'>monio</span> <span class='ocrx_word' id='word_1_210' title='bbox 304 2871 375 2931; x_wconf 90' lang='lat' dir='ltr'>rato,</span> <span class='ocrx_word' id='word_1_211' title='bbox 388 2869 416 2920; x_wconf 90' lang='lat' dir='ltr'>et</span> <span class='ocrx_word' id='word_1_212' title='bbox 430 2883 464 2920; x_wconf 92' lang='lat' dir='ltr'>an</span> <span class='ocrx_word' id='word_1_213' title='bbox 478 2867 515 2920; x_wconf 87' lang='lat' dir='ltr'>sit</span> <span class='ocrx_word' id='word_1_214' title='bbox 528 2867 654 2936; x_wconf 82' lang='lat' dir='ltr'>simplex.</span> <span class='ocrx_word' id='word_1_215' title='bbox 672 2865 717 2920; x_wconf 89' lang='lat' dir='ltr'>vel</span> <span class='ocrx_word' id='word_1_216' title='bbox 736 2865 849 2930; x_wconf 85' lang='lat' dir='ltr'>mixtus,</span> <span class='ocrx_word' id='word_1_217' title='bbox 871 2881 924 2919; x_wconf 91' lang='lat' dir='ltr'>non</span> <span class='ocrx_word' id='word_1_218' title='bbox 945 2871 1055 2922; x_wconf 88' lang='lat' dir='ltr'>tantum</span> <span class='ocrx_word' id='word_1_219' title='bbox 1069 2869 1210 2935; x_wconf 90' lang='lat' dir='ltr'>remotior,</span> <span class='ocrx_word' id='word_1_220' title='bbox 1222 2869 1269 2922; x_wconf 90' lang='lat' dir='ltr'>sed</span> <span class='ocrx_word' id='word_1_221' title='bbox 1283 2869 1369 2924; x_wconf 89' lang='lat' dir='ltr'>etiam</span> 
     </span>
     <span class='ocr_line' id='line_1_26' title="bbox 149 2971 1368 3043; baseline 0.006 -19"><span class='ocrx_word' id='word_1_222' title='bbox 149 2999 152 3008; x_wconf 89' lang='lat'>.</span> <span class='ocrx_word' id='word_1_223' title='bbox 190 2971 379 3043; x_wconf 88' lang='lat' dir='ltr'>propinquior,</span> <span class='ocrx_word' id='word_1_224' title='bbox 399 2973 439 3028; x_wconf 89' lang='lat' dir='ltr'>uti</span> <span class='ocrx_word' id='word_1_225' title='bbox 459 2979 488 3028; x_wconf 90' lang='lat' dir='ltr'>et</span> <span class='ocrx_word' id='word_1_226' title='bbox 507 2974 596 3040; x_wconf 89' lang='lat' dir='ltr'>linea,</span> <span class='ocrx_word' id='word_1_227' title='bbox 615 2991 650 3027; x_wconf 90' lang='lat' dir='ltr'>an</span> <span class='ocrx_word' id='word_1_228' title='bbox 670 2973 707 3027; x_wconf 90' lang='lat' dir='ltr'>sit</span> <span class='ocrx_word' id='word_1_229' title='bbox 726 2979 803 3028; x_wconf 90' lang='lat' dir='ltr'>recta</span> <span class='ocrx_word' id='word_1_230' title='bbox 827 2975 872 3029; x_wconf 89' lang='lat' dir='ltr'>vel</span> <span class='ocrx_word' id='word_1_231' title='bbox 893 2978 1067 3040; x_wconf 74' lang='lat' dir='ltr'>transversa,</span> <span class='ocrx_word' id='word_1_232' title='bbox 1091 2977 1159 3030; x_wconf 89' lang='lat' dir='ltr'>item</span> <span class='ocrx_word' id='word_1_233' title='bbox 1179 2993 1214 3029; x_wconf 88' lang='lat' dir='ltr'>an</span> <span class='ocrx_word' id='word_1_234' title='bbox 1238 2976 1368 3032; x_wconf 87' lang='lat' dir='ltr'>Oratores</span> 
     </span>
     <span class='ocr_line' id='line_1_27' title="bbox 189 3077 1367 3151; baseline 0.006 -22"><span class='ocrx_word' id='word_1_235' title='bbox 189 3077 246 3130; x_wconf 89' lang='lat' dir='ltr'>siut</span> <span class='ocrx_word' id='word_1_236' title='bbox 270 3079 411 3132; x_wconf 87' lang='lat' dir='ltr'>coniuncti</span> <span class='ocrx_word' id='word_1_237' title='bbox 436 3095 470 3134; x_wconf 86' lang='lat' dir='ltr'>ex</span> <span class='ocrx_word' id='word_1_238' title='bbox 496 3079 600 3149; x_wconf 92' lang='lat' dir='ltr'>duplici</span> <span class='ocrx_word' id='word_1_239' title='bbox 620 3077 731 3133; x_wconf 84' lang='lat' dir='ltr'>vinculo</span> <span class='ocrx_word' id='word_1_240' title='bbox 750 3079 1015 3148; x_wconf 81' lang='lat' dir='ltr'>consanguinitatis,</span> <span class='ocrx_word' id='word_1_241' title='bbox 1038 3084 1095 3134; x_wconf 90' lang='lat' dir='ltr'>tam</span> <span class='ocrx_word' id='word_1_242' title='bbox 1114 3097 1149 3135; x_wconf 85' lang='lat' dir='ltr'>ex</span> <span class='ocrx_word' id='word_1_243' title='bbox 1167 3088 1247 3150; x_wconf 88' lang='lat' dir='ltr'>parte</span> <span class='ocrx_word' id='word_1_244' title='bbox 1266 3083 1367 3151; x_wconf 84' lang='lat' dir='ltr'>patris,</span> 
     </span>
     <span class='ocr_line' id='line_1_28' title="bbox 189 3184 550 3250; baseline 0.003 -17"><span class='ocrx_word' id='word_1_245' title='bbox 189 3197 272 3250; x_wconf 85' lang='lat' dir='ltr'>quam</span> <span class='ocrx_word' id='word_1_246' title='bbox 292 3198 327 3235; x_wconf 82' lang='lat' dir='ltr'>ex</span> <span class='ocrx_word' id='word_1_247' title='bbox 346 3187 425 3250; x_wconf 92' lang='lat' dir='ltr'>parte</span> <span class='ocrx_word' id='word_1_248' title='bbox 444 3184 550 3236; x_wconf 89' lang='lat' dir='ltr'>matris.</span> 
     </span>
    </p>

    <p class='ocr_par' dir='ltr' id='par_1_11' title="bbox 185 3287 1367 3662">
     <span class='ocr_line' id='line_1_29' title="bbox 278 3287 1367 3366; baseline 0.005 -25"><span class='ocrx_word' id='word_1_249' title='bbox 278 3288 302 3341; x_wconf 88' lang='lat'>5.</span> <span class='ocrx_word' id='word_1_250' title='bbox 323 3287 469 3342; x_wconf 84' lang='lat' dir='ltr'>Numerus</span> <span class='ocrx_word' id='word_1_251' title='bbox 495 3291 771 3360; x_wconf 74' lang='lat' dir='ltr'>torpedirnentorum,</span> <span class='ocrx_word' id='word_1_252' title='bbox 791 3311 814 3350; x_wconf 88' lang='lat' dir='ltr'>e.</span> <span class='ocrx_word' id='word_1_253' title='bbox 834 3312 875 3364; x_wconf 90' lang='lat' dir='ltr'>gr.</span> <span class='ocrx_word' id='word_1_254' title='bbox 895 3297 918 3349; x_wconf 92' lang='lat' dir='ltr'>si</span> <span class='ocrx_word' id='word_1_255' title='bbox 938 3295 1009 3350; x_wconf 89' lang='lat' dir='ltr'>adsit</span> <span class='ocrx_word' id='word_1_256' title='bbox 1031 3294 1133 3366; x_wconf 83' lang='lat' dir='ltr'>duplex</span> <span class='ocrx_word' id='word_1_257' title='bbox 1151 3298 1201 3349; x_wconf 88' lang='lat' dir='ltr'>aut</span> <span class='ocrx_word' id='word_1_258' title='bbox 1219 3292 1367 3362; x_wconf 88' lang='lat' dir='ltr'>multiplex</span> 
     </span>
     <span class='ocr_line' id='line_1_30' title="bbox 189 3394 1366 3471; baseline 0.007 -25"><span class='ocrx_word' id='word_1_259' title='bbox 189 3394 416 3463; x_wconf 81' lang='lat' dir='ltr'>consanguinitas</span> <span class='ocrx_word' id='word_1_260' title='bbox 435 3395 479 3450; x_wconf 81' lang='lat' dir='ltr'>vel</span> <span class='ocrx_word' id='word_1_261' title='bbox 500 3397 634 3464; x_wconf 89' lang='lat' dir='ltr'>affinitas,</span> <span class='ocrx_word' id='word_1_262' title='bbox 655 3397 698 3452; x_wconf 90' lang='lat' dir='ltr'>vel</span> <span class='ocrx_word' id='word_1_263' title='bbox 718 3400 742 3452; x_wconf 90' lang='lat' dir='ltr'>si</span> <span class='ocrx_word' id='word_1_264' title='bbox 761 3406 872 3470; x_wconf 86' lang='lat' dir='ltr'>praeter</span> <span class='ocrx_word' id='word_1_265' title='bbox 891 3403 1087 3471; x_wconf 80' lang='lat' dir='ltr'>cognationem</span> <span class='ocrx_word' id='word_1_266' title='bbox 1105 3402 1177 3456; x_wconf 90' lang='lat' dir='ltr'>adsit</span> <span class='ocrx_word' id='word_1_267' title='bbox 1202 3402 1286 3455; x_wconf 88' lang='lat' dir='ltr'>etiam</span> <span class='ocrx_word' id='word_1_268' title='bbox 1305 3399 1366 3453; x_wconf 86' lang='lat' dir='ltr'>affi-</span> 
     </span>
     <span class='ocr_line' id='line_1_31' title="bbox 186 3498 1366 3574; baseline 0.007 -22"><span class='ocrx_word' id='word_1_269' title='bbox 186 3498 276 3563; x_wconf 89' lang='lat' dir='ltr'>nitas,</span> <span class='ocrx_word' id='word_1_270' title='bbox 299 3504 348 3553; x_wconf 87' lang='lat' dir='ltr'>aut</span> <span class='ocrx_word' id='word_1_271' title='bbox 372 3499 448 3552; x_wconf 87' lang='lat' dir='ltr'>aliud</span> <span class='ocrx_word' id='word_1_272' title='bbox 474 3501 665 3573; x_wconf 87' lang='lat' dir='ltr'>quodcumque</span> <span class='ocrx_word' id='word_1_273' title='bbox 689 3503 917 3574; x_wconf 90' lang='lat' dir='ltr'>impedimentum</span> <span class='ocrx_word' id='word_1_274' title='bbox 942 3508 1001 3562; x_wconf 83' lang='lat' dir='ltr'>aira</span> <span class='ocrx_word' id='word_1_275' title='bbox 1026 3507 1171 3573; x_wconf 90' lang='lat' dir='ltr'>dirimens,</span> <span class='ocrx_word' id='word_1_276' title='bbox 1195 3507 1254 3560; x_wconf 90' lang='lat' dir='ltr'>sive</span> <span class='ocrx_word' id='word_1_277' title='bbox 1276 3505 1366 3574; x_wconf 88' lang='lat' dir='ltr'>impe·</span> 
     </span>
     <span class='ocr_line' id='line_1_32' title="bbox 185 3606 273 3662; baseline 0.023 -4"><span class='ocrx_word' id='word_1_278' title='bbox 185 3606 273 3662; x_wconf 90' lang='lat' dir='ltr'>diens.</span> 
     </span>
    </p>

    <p class='ocr_par' dir='ltr' id='par_1_12' title="bbox 184 3715 1366 4112">
     <span class='ocr_line' id='line_1_33' title="bbox 275 3715 1366 3789; baseline 0.006 -22"><span class='ocrx_word' id='word_1_279' title='bbox 275 3715 300 3767; x_wconf 89' lang='lat'>6.</span> <span class='ocrx_word' id='word_1_280' title='bbox 327 3716 428 3770; x_wconf 71' lang='lat' dir='ltr'>Variae</span> <span class='ocrx_word' id='word_1_281' title='bbox 447 3718 680 3785; x_wconf 79' lang='lat' dir='ltr'>circumstantiae,</span> <span class='ocrx_word' id='word_1_282' title='bbox 694 3719 803 3776; x_wconf 87' lang='lat' dir='ltr'>scilicet</span> <span class='ocrx_word' id='word_1_283' title='bbox 818 3739 853 3775; x_wconf 91' lang='lat' dir='ltr'>an</span> <span class='ocrx_word' id='word_1_284' title='bbox 866 3724 1076 3777; x_wconf 89' lang='lat' dir='ltr'>matrimonium</span> <span class='ocrx_word' id='word_1_285' title='bbox 1089 3723 1126 3776; x_wconf 88' lang='lat' dir='ltr'>sit</span> <span class='ocrx_word' id='word_1_286' title='bbox 1138 3721 1366 3789; x_wconf 88' lang='lat' dir='ltr'>contrahendum,</span> 
     </span>
     <span class='ocr_line' id='line_1_34' title="bbox 185 3820 1365 3899; baseline 0.008 -24"><span class='ocrx_word' id='word_1_287' title='bbox 185 3820 230 3876; x_wconf 86' lang='lat' dir='ltr'>vel</span> <span class='ocrx_word' id='word_1_288' title='bbox 250 3827 438 3889; x_wconf 85' lang='lat' dir='ltr'>contractum3</span> <span class='ocrx_word' id='word_1_289' title='bbox 458 3825 481 3878; x_wconf 88' lang='lat' dir='ltr'>si</span> <span class='ocrx_word' id='word_1_290' title='bbox 500 3826 557 3879; x_wconf 88' lang='lat' dir='ltr'>iam</span> <span class='ocrx_word' id='word_1_291' title='bbox 576 3831 758 3896; x_wconf 86' lang='lat' dir='ltr'>contractum,</span> <span class='ocrx_word' id='word_1_292' title='bbox 777 3832 879 3899; x_wconf 86' lang='lat' dir='ltr'>aperiri</span> <span class='ocrx_word' id='word_1_293' title='bbox 893 3832 985 3894; x_wconf 84' lang='lat' dir='ltr'>debet,</span> <span class='ocrx_word' id='word_1_294' title='bbox 997 3850 1033 3886; x_wconf 88' lang='lat' dir='ltr'>an</span> <span class='ocrx_word' id='word_1_295' title='bbox 1052 3835 1125 3887; x_wconf 89' lang='lat' dir='ltr'>bona</span> <span class='ocrx_word' id='word_1_296' title='bbox 1143 3831 1206 3899; x_wconf 87' lang='lat' dir='ltr'>fide,</span> <span class='ocrx_word' id='word_1_297' title='bbox 1218 3832 1317 3886; x_wconf 87' lang='lat' dir='ltr'>saltem</span> <span class='ocrx_word' id='word_1_298' title='bbox 1330 3849 1365 3886; x_wconf 80' lang='lat' dir='ltr'>ex</span> 
     </span>
     <span class='ocr_line' id='line_1_35' title="bbox 185 3926 1366 4005; baseline 0.008 -26"><span class='ocrx_word' id='word_1_299' title='bbox 185 3929 265 3995; x_wconf 88' lang='lat' dir='ltr'>parte</span> <span class='ocrx_word' id='word_1_300' title='bbox 285 3926 376 3993; x_wconf 89' lang='lat' dir='ltr'>unius,</span> <span class='ocrx_word' id='word_1_301' title='bbox 395 3927 441 3982; x_wconf 87' lang='lat' dir='ltr'>vel</span> <span class='ocrx_word' id='word_1_302' title='bbox 460 3945 522 3983; x_wconf 89' lang='lat' dir='ltr'>cum</span> <span class='ocrx_word' id='word_1_303' title='bbox 541 3931 659 3985; x_wconf 88' lang='lat' dir='ltr'>scientia</span> <span class='ocrx_word' id='word_1_304' title='bbox 675 3933 880 4002; x_wconf 79' lang='lat' dir='ltr'>impedimenti3</span> <span class='ocrx_word' id='word_1_305' title='bbox 900 3935 972 3990; x_wconf 91' lang='lat' dir='ltr'>idem</span> <span class='ocrx_word' id='word_1_306' title='bbox 990 3953 1027 3990; x_wconf 91' lang='lat' dir='ltr'>an</span> <span class='ocrx_word' id='word_1_307' title='bbox 1046 3937 1203 4005; x_wconf 88' lang='lat' dir='ltr'>praemissis</span> <span class='ocrx_word' id='word_1_308' title='bbox 1220 3936 1366 3990; x_wconf 84' lang='lat' dir='ltr'>denuntia·</span> 
     </span>
     <span class='ocr_line' id='line_1_36' title="bbox 184 4032 1365 4112; baseline 0.01 -28"><span class='ocrx_word' id='word_1_309' title='bbox 184 4032 317 4100; x_wconf 87' lang='lat' dir='ltr'>tionibus,</span> <span class='ocrx_word' id='word_1_310' title='bbox 335 4039 366 4089; x_wconf 90' lang='lat' dir='ltr'>et</span> <span class='ocrx_word' id='word_1_311' title='bbox 383 4034 463 4088; x_wconf 86' lang='lat' dir='ltr'>iuxta</span> <span class='ocrx_word' id='word_1_312' title='bbox 487 4036 605 4090; x_wconf 85' lang='lat' dir='ltr'>sormam</span> <span class='ocrx_word' id='word_1_313' title='bbox 625 4037 794 4105; x_wconf 84' lang='lat' dir='ltr'>Tridentini3</span> <span class='ocrx_word' id='word_1_314' title='bbox 814 4041 860 4095; x_wconf 84' lang='lat' dir='ltr'>vel</span> <span class='ocrx_word' id='word_1_315' title='bbox 879 4059 914 4096; x_wconf 89' lang='lat' dir='ltr'>an</span> <span class='ocrx_word' id='word_1_316' title='bbox 934 4059 982 4112; x_wconf 87' lang='lat' dir='ltr'>spe</span> <span class='ocrx_word' id='word_1_317' title='bbox 1000 4042 1111 4096; x_wconf 86' lang='lat' dir='ltr'>facilius</span> <span class='ocrx_word' id='word_1_318' title='bbox 1132 4043 1365 4112; x_wconf 88' lang='lat' dir='ltr'>dispensationem</span> 
     </span>
    </p>
   </div>
   <div class='ocr_carea' id='block_1_7' title="bbox 279 4227 1363 4294">
    <p class='ocr_par' dir='ltr' id='par_1_13' title="bbox 279 4227 1363 4294">
     <span class='ocr_line' id='line_1_37' title="bbox 279 4227 1363 4294; baseline 0.011 -24"><span class='ocrx_word' id='word_1_319' title='bbox 279 4227 310 4282; x_wconf 77' lang='lat' dir='ltr'>(l)</span> <span class='ocrx_word' id='word_1_320' title='bbox 325 4229 389 4272; x_wconf 85' lang='lat' dir='ltr'>Inter</span> <span class='ocrx_word' id='word_1_321' title='bbox 406 4236 494 4274; x_wconf 79' lang='lat' dir='ltr'>ceteros</span> <span class='ocrx_word' id='word_1_322' title='bbox 508 4231 642 4276; x_wconf 80' lang='lat' dir='ltr'>consulendi</span> <span class='ocrx_word' id='word_1_323' title='bbox 658 4234 762 4288; x_wconf 80' lang='lat' dir='ltr'>Pyrrhus</span> <span class='ocrx_word' id='word_1_324' title='bbox 776 4235 893 4280; x_wconf 77' lang='lat' dir='ltr'>corradus</span> <span class='ocrx_word' id='word_1_325' title='bbox 904 4257 916 4269; x_wconf 92' lang='lat'><strong>·</strong></span> <span class='ocrx_word' id='word_1_326' title='bbox 926 4238 1018 4282; x_wconf 81' lang='lat' dir='ltr'>Praecla</span> <span class='ocrx_word' id='word_1_327' title='bbox 1032 4240 1236 4293; x_wconf 76' lang='lat' dir='ltr'>dispensationum</span> <span class='ocrx_word' id='word_1_328' title='bbox 1245 4240 1363 4294; x_wconf 80' lang='lat' dir='ltr'>Apostoli·</span> 
     </span>
    </p>
   </div>
   <div class='ocr_carea' id='block_1_8' title="bbox 182 4299 1364 4418">
    <p class='ocr_par' dir='ltr' id='par_1_14' title="bbox 182 4299 1364 4418">
     <span class='ocr_line' id='line_1_38' title="bbox 182 4299 1364 4416; baseline 0.009 -74"><span class='ocrx_word' id='word_1_329' title='bbox 182 4309 279 4416; x_wconf 52' lang='lat' dir='ltr'>¹appropi,</span> <span class='ocrx_word' id='word_1_330' title='bbox 294 4299 332 4344; x_wconf 85' lang='lat' dir='ltr'>lib.</span> <span class='ocrx_word' id='word_1_331' title='bbox 347 4301 503 4356; x_wconf 79' lang='lat' dir='ltr'>v11etvt11,</span> <span class='ocrx_word' id='word_1_332' title='bbox 517 4314 545 4345; x_wconf 83' lang='lat' dir='ltr'>ac</span> <span class='ocrx_word' id='word_1_333' title='bbox 560 4305 696 4348; x_wconf 81' lang='lat' dir='ltr'>Vincentius</span> <span class='ocrx_word' id='word_1_334' title='bbox 710 4304 738 4348; x_wconf 89' lang='lat' dir='ltr'>de</span> <span class='ocrx_word' id='word_1_335' title='bbox 752 4306 825 4350; x_wconf 86' lang='lat' dir='ltr'>Iustis</span> <span class='ocrx_word' id='word_1_336' title='bbox 835 4329 846 4339; x_wconf 94' lang='lat'><em>·</em></span> <span class='ocrx_word' id='word_1_337' title='bbox 860 4308 896 4352; x_wconf 85' lang='lat' dir='ltr'>De</span> <span class='ocrx_word' id='word_1_338' title='bbox 907 4311 1126 4364; x_wconf 73' lang='lat' dir='ltr'>tspemauouteus</span> <span class='ocrx_word' id='word_1_339' title='bbox 1138 4311 1364 4362; x_wconf 76' lang='lat' dir='ltr'>matrimonialibus,</span> 
     </span>
     <span class='ocr_line' id='line_1_39' title="bbox 192 4372 283 4418; baseline 0.011 -4"><span class='ocrx_word' id='word_1_340' title='bbox 192 4372 197 4382; x_wconf 83' lang='lat'>‘</span> <span class='ocrx_word' id='word_1_341' title='bbox 215 4373 247 4418; x_wconf 91' lang='lat'>.1</span> <span class='ocrx_word' id='word_1_342' title='bbox 263 4372 283 4416; x_wconf 93' lang='lat'>1.</span> 
     </span>
    </p>
   </div>
   <div class='ocr_carea' id='block_1_9' title="bbox 0 0 1650 5109">
    <p class='ocr_par' dir='ltr' id='par_1_15' title="bbox 0 0 1650 5109">
     <span class='ocr_line' id='line_1_40' title="bbox 0 0 1650 5109; baseline 0 4"><span class='ocrx_word' id='word_1_343' title='bbox 0 0 1650 5109; x_wconf 95' lang='lat' dir='ltr'> </span> 
     </span>
    </p>
   </div>
  </div>
 </body>
</html>
