3292 5109
285 258 352 325 336
815 277 901 325 raas
925 277 962 323 11.

284 402 487 467 invenientes
510 402 728 489 poenitentem
753 403 787 466 in
811 402 961 467 censuris
981 400 1036 465 vel
1059 402 1203 486 peccatis
1225 402 1401 467 reservatis
1422 402 1470 465 in-

285 526 537 601 sordesoentem,
555 534 611 593 aut
634 528 728 601 votis,
746 524 1040 591 matrimonialibus
1053 526 1299 611 impedimentis,
1314 524 1367 589 vel
1389 525 1470 589 irre

285 651 510 737 gularitatibus
534 650 732 725 innodatum,
749 652 858 717 statim
881 651 1003 735 absque
1026 651 1092 717 ullo
1107 651 1273 737 dispendio
1296 655 1330 715 et
1351 650 1469 716 secreti

284 776 470 843 violationis
494 778 639 863 periculo
663 777 705 842 ad
721 777 1010 843 Poenitentiariam
1026 797 1087 864 pro
1102 776 1340 863 poenitentibus
1355 776 1469 841 confu-

285 922 365 989 gere
388 908 530 988 possunt.
548 901 609 979 Qui
627 922 780 967 recursus
803 907 855 968 est
875 901 1040 988 legitimus
1061 902 1121 967 etsi
1137 902 1317 988 Episcopus
1340 899 1471 965 aliunde

286 1034 481 1115 opportunas
494 1025 631 1093 haberet
642 1028 826 1103 facultates
839 1026 881 1092 ad
894 1030 999 1113 ipsum
1011 1028 1097 1092 enim
1109 1025 1281 1111 aliquando
1294 1046 1471 1093 recurrere

285 1157 418 1242 gravius
434 1159 484 1222 est
499 1154 550 1219 vel
567 1154 659 1220 adest
681 1154 928 1219 sacramentalis
944 1154 1043 1239 sigilli
1059 1152 1264 1219 infractionis
1278 1152 1467 1239 pericnlum.

375 1278 409 1366 5)
434 1281 599 1353 Quaenam
624 1280 761 1363 exprimi
786 1278 928 1344 debeant
949 1280 983 1343 in
1003 1277 1140 1364 supplici
1163 1277 1272 1342 libello
1288 1298 1330 1343 ne
1345 1277 1472 1363 dispen-

286 1405 367 1471 satio
398 1404 473 1469 dein
498 1424 652 1469 concessa
680 1424 737 1469 suo
768 1403 963 1468 destituatur
992 1404 1124 1476 valore,
1157 1402 1300 1488 explicat
1330 1402 1470 1468 dilucide

287 1531 462 1597 Instructio
486 1529 518 1595 S.
544 1530 660 1613 Congr.
686 1527 726 1593 de
750 1528 850 1615 Prop.
875 1528 954 1594 Fide
978 1528 1064 1594 edita
1086 1528 1142 1594 aie
1158 1528 1182 1593 9
1196 1528 1285 1593 Maii
1306 1527 1398 1593 1877
1411 1548 1469 1592 sa-

282 1671 350 1735 per
381 1652 690 1735 dispensationibus
722 1652 1043 1719 matrimonialibus.
1078 1688 1096 1699 -
1129 1651 1224 1717 Hanc
1259 1652 1469 1716 commentari

287 1781 434 1841 nostrum
458 1796 522 1840 non
547 1781 608 1851 est;
633 1777 791 1843 adeantur
823 1776 949 1862 probati
981 1778 1152 1842 tinctores.
1179 1774 1284 1839 -Sed
1315 1774 1470 1839 nonnulla

286 1904 425 1966 innuere
447 1901 594 1965 volumus
617 1920 699 1984 quae
723 1920 766 1965 ex
788 1900 974 1984 quotidiana
998 1900 1274 1966 Poenitentiariae
1301 1899 1470 1984 experien-

287 2024 334 2089 tia
356 2025 482 2095 scimus,
508 2042 573 2087 non
597 2023 674 2088 satis
697 2022 734 2087 in
761 2022 873 2105 praeci
904 2023 1056 2108 cognosci
1079 2026 1113 2086 et
1142 2020 1320 2085 observari.
1346 2055 1364 2067 -
1390 2020 1471 2084 lam·

287 2168 367 2213 vero
391 2150 477 2211 inter
500 2146 573 2221 alia,
598 2166 681 2231 quae
704 2148 843 2234 exprimi
867 2145 996 2229 debent,
1020 2145 1223 2213 recensenda
1237 2149 1287 2211 est
1305 2145 1397 2230 origo
1412 2164 1470 2209 sen

287 2274 512 2358 provenientia
535 2272 755 2357 impedimenti
779 2274 812 2337 in
836 2272 888 2338 his
911 2272 1052 2338 casibus:

378 2395 413 2482 a)
437 2401 474 2463 ln
498 2397 644 2463 omnibus
668 2397 902 2483 impedimentis
924 2398 994 2463 sive
1017 2397 1314 2482 consanguinitatis,
1338 2396 1406 2460 sive
1424 2394 1469 2458 ef·

288 2520 419 2588 finitatis
442 2542 485 2587 ex
508 2522 623 2607 copula
645 2523 744 2603 licita,
769 2542 852 2607 quae
882 2524 1021 2608 primum
1052 2522 1189 2607 gradum
1219 2523 1390 2607 attingant,
1414 2539 1468 2583 ex-

287 2646 457 2733 primenda
480 2653 529 2712 est
551 2649 643 2714 clare
666 2647 893 2732 provenientia
916 2648 1135 2733 impedimenti
1151 2648 1265 2733 ipsius:
1282 2648 1328 2711 ita
1348 2666 1401 2709 ex.
1417 2665 1469 2729 gr.

289 2774 316 2837 si
333 2771 446 2837 affines
469 2774 532 2839 sint
548 2774 771 2858 nupturientes
787 2773 820 2836 in
838 2768 873 2837 1⁰
888 2772 992 2858 gradu
1011 2772 1069 2838 lin.
1087 2772 1172 2853 coll,
1189 2772 1264 2856 quia
1286 2774 1398 2837 orator
1420 2774 1471 2833 est

289 2898 403 2963 viduus
420 2919 462 2962 ox
481 2918 594 2963 sorore
610 2898 776 2973 oratricis;
800 2900 827 2961 si
843 2899 1073 2984 consanguinei
1090 2899 1123 2963 in
1142 2900 1175 2963 1⁰
1197 2902 1230 2963 et
1252 2894 1287 2961 2⁰
1311 2897 1370 2962 lin.
1394 2897 1469 2963 coll.

289 3022 402 3109 gratim
419 3025 493 3106 quia
509 3027 621 3087 orator
636 3028 686 3088 est
700 3026 834 3108 patruus
850 3023 904 3088 vel
920 3023 1101 3088 avunculus
1116 3024 1282 3098 oratricis;
1306 3024 1333 3089 si
1357 3020 1472 3085 affines

289 3152 324 3212 in
339 3143 370 3212 1Ο
385 3152 418 3212 et
433 3143 468 3211 2⁰
484 3148 559 3231 quia
582 3150 708 3213 oratrix
725 3152 773 3213 est
792 3148 890 3212 vidua
907 3166 950 3212 ex
965 3153 1082 3232 patruo
1096 3148 1150 3212 vel
1165 3147 1328 3212 avunculo
1350 3146 1467 3231 sponsi,

289 3276 351 3337 etc.
376 3278 439 3338 etc.
458 3308 475 3321 -
494 3272 595 3353 Quod,
613 3274 639 3337 si
663 3276 780 3358 agatur
796 3271 837 3337 de
854 3272 1089 3358 impedimentis
1115 3271 1281 3338 affinitatis
1296 3292 1339 3336 ex
1355 3269 1470 3355 copula

289 3394 412 3477 illicita,
443 3397 588 3480 quamvis
620 3396 734 3461 melius
764 3397 806 3461 sit
837 3398 1023 3482 exprimere
1053 3396 1312 3481 provenientiam
1341 3391 1470 3478 impedi·

290 3520 400 3600 menti,
426 3540 490 3583 non
515 3524 694 3584 esttamen
718 3520 955 3585 necessarium:
979 3524 1059 3584 tunc
1085 3539 1166 3584 vero
1189 3540 1261 3585 cum
1286 3538 1350 3581 non
1366 3516 1470 3582 deter-

290 3643 441 3716 minetur,
467 3643 497 3709 S.
524 3644 779 3709 Poenitentiaria
810 3644 988 3708 clausulam
1016 3643 1123 3709 addit:
1155 3648 1323 3728 quatenns
1353 3645 1473 3707 orator

291 3786 369 3832 cnm
392 3773 502 3833 matre
524 3786 670 3850 sponsae
688 3768 891 3851 peccaverit,
916 3767 1103 3834 dnmmodo
1125 3767 1286 3832 nativitas
1312 3763 1472 3832 amatricis

286 3892 513 3973 praecesserit
536 3894 696 3975 copulam
719 3892 762 3958 ab
790 3898 927 3959 oratore
958 3912 1036 3959 cam
1066 3892 1139 3957 eins
1168 3897 1279 3957 matre
1309 3888 1469 3956 habitam.

381 4015 412 4102 b)
437 4016 469 4081 Si
493 4021 610 4102 agatur
641 4014 681 4080 de
711 4016 904 4101 cognatione
934 4017 1102 4100 spirituali,
1134 4017 1270 4081 interest
1300 4013 1473 4079 declarare

291 4142 400 4204 utrum
423 4140 464 4205 sit
485 4139 630 4221 primae,
654 4158 696 4203 an
727 4138 870 4204 alterins
892 4140 1011 4223 speciei
1036 4174 1054 4187 ·
1078 4139 1161 4205 idest
1190 4144 1300 4204 utrum
1320 4138 1406 4202 alter
1427 4156 1471 4201 ex

291 4264 417 4348 sponsis
447 4263 606 4328 levaverit
629 4283 646 4327 e
671 4262 783 4335 Fonte,
808 4262 863 4329 vel
891 4264 924 4328 in
952 4262 1203 4329 confirmatione
1224 4264 1368 4329 tenuerit
1393 4261 1470 4326 alte·

290 4408 372 4455 ram
396 4394 572 4456 oratorum
595 4386 643 4475 (1⁰
661 4386 802 4475 species)
828 4424 845 4437 -
871 4408 912 4453 an
933 4392 1068 4473 prolem
1092 4391 1226 4456 alterius
1248 4386 1305 4477 (2⁰
1320 4384 1468 4474 species),
