3292 5109
505 272 552 319 na
573 272 712 321 remens
736 272 1001 321 accrasmsrrers
1290 256 1353 323 451

170 574 197 655 g
220 570 253 637 2.
277 570 453 638 Nonnulla
469 570 687 654 explicantur
705 590 795 656 qaae
807 572 971 655 specialia
985 578 1066 639 snat
1080 571 1119 637 ia
1133 574 1357 656 competentia

266 701 337 759 tum
363 694 487 760 Viearii
505 693 712 777 Capitalaris
732 699 803 758 tam
829 693 954 759 Viearii
976 714 1037 761 sea
1057 695 1357 763 Administratoris

264 819 459 902 Apostolici.

170 1046 391 1105 Samarium.
408 1048 523 1103 -317,
543 1048 649 1105 Causae
668 1064 740 1119 quae
757 1048 787 1102 in
806 1048 897 1118 prima
915 1048 1050 1103 instantia
1068 1049 1276 1119 cognoscendae
1290 1056 1357 1107 sunt

263 1158 298 1211 ab
317 1156 462 1227 Episcopo,
480 1156 550 1211 Sede
567 1163 694 1224 vacante,
715 1160 923 1225 cognoscuntur
942 1160 972 1211 et
997 1156 1167 1211 deliniuntur
1186 1172 1204 1209 a
1223 1156 1283 1211 Via.
1302 1156 1356 1213 Ga·

262 1264 386 1335 pitnlari.
402 1294 435 1305 -
454 1262 514 1318 348.
531 1263 654 1317 Nullitns
666 1262 812 1318 electionis
827 1262 885 1316 Vic.
900 1262 1069 1332 capitularis
1083 1262 1206 1333 qualiter
1218 1268 1247 1319 et
1260 1280 1357 1327 coram

262 1388 317 1443 quo
335 1371 495 1427 deducenda
512 1371 549 1424 sit
567 1376 597 1425 et
614 1369 814 1440 cognoscenda.
833 1398 866 1411 -
886 1368 946 1423 349.
968 1372 991 1423 Α
1011 1386 1130 1441 quonam
1154 1372 1283 1439 cognosci
1305 1370 1355 1427 de·

264 1482 328 1533 beat
345 1459 551 1551 exceptioque
566 1477 694 1532 vicarius
712 1482 858 1533 recusatur
877 1477 919 1531 uti
938 1482 1090 1546 suspectus.
1110 1504 1144 1518 -
1163 1478 1224 1532 350.
1245 1477 1284 1532 De
1303 1494 1355 1532 neu

262 1586 429 1641 muletarum
454 1604 522 1657 qnae
547 1587 673 1655 infligere
692 1585 768 1639 valet
787 1585 846 1639 Via.
866 1585 932 1655 Gap.
952 1585 986 1639 ad
1013 1585 1136 1655 urgenda
1158 1602 1209 1639 sue
1233 1585 1354 1641 decreta.

260 1724 297 1737 -
308 1694 370 1749 ³51.
384 1694 444 1748 Vic.
458 1692 627 1763 Capitularis
639 1710 706 1747 suae
721 1692 970 1747 administrationis
985 1693 1121 1747 rationem
1137 1692 1250 1748 reddere
1262 1692 1354 1760 debet,

260 1820 309 1859 eeu
327 1805 422 1859 subest
440 1802 605 1875 syndacatui
624 1820 703 1857 seem
722 1818 755 1855 ac
774 1801 835 1855 Via.
854 1800 999 1855 Generalis
1020 1801 1155 1870 Episcopi.
1169 1831 1206 1843 -
1220 1800 1282 1855 352.
1303 1802 1356 1856 Pe·

260 1913 347 1963 testas
366 1908 426 1962 Vic.
445 1925 492 1961 eeu
511 1906 754 1961 Administratoris
767 1907 864 1977 Apost.
883 1910 927 1961 est
946 1906 1101 1971 ordinaria,
1121 1905 1240 1960 hincab
1260 1906 1356 1959 huius·

260 2014 333 2068 modi
346 2014 459 2067 Vicario
472 2014 600 2083 Episcopi
612 2012 695 2091 detur
708 2011 861 2082 appellatio
874 2012 907 2065 ad
921 2012 1179 2081 Metropolitanum.
1191 2042 1227 2054 -
1240 2012 1301 2067 353.
1316 2014 1355 2067 E·

260 2122 388 2191 piscopos
405 2139 435 2175 se
454 2121 609 2175 immiscere
629 2136 683 2174 non
702 2119 785 2175 debet
803 2120 832 2173 in
852 2120 1122 2174 administrationem
1150 2137 1216 2176 suae
1246 2120 1351 2175 Eccles.

259 2232 397 2297 qnatenus
415 2225 485 2280 haec
508 2226 656 2279 commissa
672 2230 717 2281 est
734 2224 963 2279 administratori
982 2225 1154 2294 Apostolico.
1174 2254 1208 2267 -
1227 2225 1289 2280 354.
1309 2228 1354 2279 An

259 2336 348 2386 cesset
365 2348 465 2384 munus
485 2331 544 2385 vic.
563 2330 708 2386 Generalis
726 2330 856 2399 Episcopi
877 2346 926 2399 per
939 2330 1147 2399 deputationem
1164 2330 1354 2386 Administra-

258 2436 328 2489 toris
346 2436 509 2505 Apostolici.
528 2466 544 2476 ·
563 2438 608 2489 An
627 2435 673 2490 hic
692 2437 845 2491 constituat
865 2434 927 2489 Via.
948 2434 1015 2489 Gen.
1035 2464 1068 2475 -
1087 2434 1148 2489 355.
1176 2438 1220 2492 An
1240 2440 1268 2489 et
1287 2452 1356 2506 qua·

258 2550 340 2599 tenus
353 2545 449 2599 eadem
467 2544 582 2613 vigeant
600 2543 736 2613 principia
749 2543 840 2615 quoad
854 2543 1051 2613 Suffraganeos
1066 2549 1095 2597 et
1108 2542 1289 2597 Goadiutores
1304 2560 1354 2599 sen

258 2652 425 2719 Auxiliares,
443 2654 466 2705 si
486 2652 532 2707 isti
551 2658 701 2708 exerceant
719 2655 889 2723 potestatem
910 2652 1121 2706 iurisdictionis.

257 2886 336 2951 347.
362 2887 394 2952 S.
429 2887 645 2971 Gongregatio
677 2886 810 2951 Concilii
842 2888 874 2950 in
906 2906 970 2951 una
994 2887 1204 2962 Dertlronen„
1231 2889 1285 2954 die
1309 2889 1354 2953 12

165 3009 319 3076 Decemb.
344 3010 437 3081 1691,
465 3010 633 3075 ‹ceasait
655 3010 913 3076 rescribendum
940 3010 987 3075 acl
1012 3010 1078 3076 Vic.
1104 3010 1351 3092 Capitatarera‚

166 3136 255 3203 Sede
284 3142 436 3215 vacante,
459 3136 727 3201 iurisdictionem
750 3136 912 3217 Episcopi
942 3136 1009 3219 ipsi
1039 3157 1134 3202 arrae
1163 3142 1353 3219 competere

163 3263 294 3327 nectam
316 3262 543 3345 spirituatem,
567 3261 627 3325 sect
655 3259 854 3326 universam
879 3282 908 3324 s.
934 3260 1150 3334 Quamobrem
1182 3282 1221 3325 ea
1245 3263 1354 3326 omnia

162 3408 248 3472 quae
271 3392 390 3452 statuta
412 3391 487 3451 sunt
510 3388 543 3451 in
567 3384 652 3452 Sess
676 3384 735 3457 24,
760 3406 835 3469 cap.
859 3386 914 3451 20
940 3386 987 3451 De
1011 3386 1073 3469 ref.
1096 3384 1224 3454 Concit.
1254 3386 1352 3455 Trici.

163 3509 269 3595 quoad
292 3530 405 3576 causas
430 3511 461 3572 in
485 3510 590 3594 prima
612 3510 764 3575 instantia
786 3508 940 3573 videndas
964 3528 1074 3571 eoram
1099 3507 1286 3575 ordinariis
1301 3508 1352 3573 lo-

162 3654 287 3707 corum,
305 3633 388 3700 Sede
403 3639 550 3704 vacante,
566 3633 785 3698 attribuuntur
806 3633 960 3701 tribunali
979 3634 1052 3699 Vic.
1070 3632 1279 3718 capitularis.
1299 3634 1348 3699 of.

163 3759 348 3825 Merchetti.
373 3758 504 3823 Proseis
534 3755 600 3822 Vic.
628 3756 819 3839 Capitalari
842 3774 915 3838 cap.
942 3755 999 3819 le.
1026 3756 1112 3820 Hinc
1143 3756 1269 3821 clarius
1296 3776 1355 3843 ap.

163 3886 257 3964 paret
280 3878 359 3944 illud
381 3879 564 3944 decretum:
590 3876 676 3942 «Ad
699 3878 782 3942 haec
805 3898 921 3942 causae
944 3878 1197 3943 matrimoniales
1229 3884 1262 3943 et
1285 3882 1356 3945 ori-

166 4002 303 4067 minales
325 4022 391 4066 non
415 4001 537 4065 Deoani
560 4000 832 4074 Archidiaconi..‚.
852 4001 911 4066 sed
935 4000 1094 4084 episcopi
1118 4007 1251 4067 tantam
1268 4021 1353 4070 aaa·

162 4124 250 4190 mini
272 4129 306 4190 et
326 4123 553 4191 iurisdietioai
575 4124 895 4209 r·eliaqaantar...‚›
922 4126 1164 4211 intelligendum
1184 4146 1256 4192 esse
1277 4146 1354 4213 pro.

162 4250 277 4315 hibere
299 4249 421 4315 iudices
453 4249 610 4334 Episcopo
634 4250 816 4324 inferiores,
841 4249 985 4315 sednon
1009 4251 1084 4315 Via.
1114 4251 1350 4336 Capitularem.

253 4378 291 4441 ln
315 4377 378 4441 hoc
401 4377 597 4461 propositum
620 4375 810 4441 advertatur
832 4377 915 4462 apud
942 4376 1131 4443 canonistas
1158 4378 1253 4463 paulo
1290 4397 1354 4443 an·
