3292 5109
289 305 334 374 54
815 332 900 380 anns
923 332 960 380 11.

293 453 327 519 in
342 452 406 519 hoc
422 454 594 541 collegium
609 455 807 542 cooptandus
823 457 951 544 publico
968 460 1191 544 experimento
1206 460 1240 525 in
1257 458 1344 526 Aula
1357 478 1480 547 magna

179 664 185 679 ,
294 577 528 663 Gancellariee,
545 582 686 647 examini
709 602 749 647 ac
769 583 934 669 processui
954 582 996 649 de
1017 584 1085 650 vita
1103 581 1138 650 'et
1151 583 1295 651 moribus
1313 582 1360 672 (1)
1383 584 1480 651 subii-

187 754 188 759 ,
292 703 449 779 aiebatur,
474 724 539 771 nan
562 725 656 773 secus
679 726 719 773 ac
743 707 848 773 Rotae
871 707 1055 776 Auditoros.

386 832 452 897 Pro
469 830 658 898 adiuvandis
674 832 851 899 Advocatis
867 834 900 899 in
918 835 1114 900 consistorio
1134 854 1248 901 causas
1263 835 1481 903 tractantibus

294 956 467 1042 collegium
498 956 677 1023 institutum
701 958 774 1031 suit,
800 959 907 1025 femur
929 979 949 1024 a
973 958 1149 1025 Benedicta
1172 960 1257 1035 Xll,
1280 960 1477 1047 appellatum

287 1082 477 1175 'Collegium
495 1083 749 1150 Procuratorum
766 1104 936 1193 causarum
954 1084 985 1151 S.
1002 1082 1129 1152 Palatii.
1148 1120 1165 1133 -
1190 1085 1265 1150 Huc
1279 1089 1481 1151 revocentur

295 1228 381 1293 quae
404 1208 614 1275 disseruimus
631 1210 663 1275 in
681 1210 929 1296 prolegomenis
950 1211 1027 1276 Vol.
1044 1210 1070 1282 Ι,
1087 1231 1119 1276 n.
1135 1210 1180 1277 98
1191 1230 1238 1295 sq.
1255 1217 1288 1278 et
1309 1210 1414 1295 quoad
1437 1230 1482 1277 ea
1504 1184 1513 1203 ⁵

299 1352 382 1418 quae
405 1318 547 1400 dicemus
571 1334 614 1399 cf.
638 1354 670 1400 n.
690 1333 754 1400 132
765 1354 812 1419 sq.

389 1460 443 1526 58.
470 1458 643 1525 Pontifices
667 1478 709 1526 ex
733 1460 918 1546 principata
945 1466 1013 1526 tum
1040 1459 1259 1525 ecclesiastico
1286 1462 1353 1525 tum
1387 1458 1478 1524 civili

298 1580 422 1649 habent
444 1583 517 1649 iura
539 1580 675 1657 fiscalia,
700 1602 739 1649 ee
763 1602 880 1668 nempe
910 1584 983 1649 iura
1005 1587 1039 1648 et
1060 1583 1347 1668 negotiaquoram
1371 1582 1479 1669 gestio

292 1712 329 1773 et
353 1705 497 1772 defensio
523 1707 668 1791 Principi
691 1706 855 1772 incumbit..
879 1740 895 1756 -
921 1706 1035 1772 Fiscus
1058 1704 1225 1772 Pontificis
1242 1706 1389 1773 Camera
1411 1707 1478 1773 iam

299 1828 475 1913 antiquitus
510 1827 666 1913 appellari
698 1828 881 1900 consuevit,
914 1827 959 1893 uti
993 1826 1133 1910 Capella
1162 1826 1283 1893 dictum
1313 1830 1363 1891 est
1400 1826 1478 1892 'll-i-

295 1950 396 2018 bunal
418 1972 478 2039 pro
502 1953 639 2039 negotiis
663 1952 874 2018 contentiosis
897 1950 1076 2017 minoribus
1098 1949 1288 2017 definiendis
1303 1956 1339 2016 et
1350 1952 1480 2037 gravio·

294 2075 393 2150 ribus,
418 2076 492 2141 olim
517 2079 644 2143 tantum
669 2075 876 2151 instruendis,
900 2074 1001 2140 velati
1020 2073 1264 2143 consistorium
1281 2073 1476 2141 destinatam

291 2195 355 2263 tuit
384 2195 426 2261 ad
456 2196 613 2262 solemnia
635 2196 754 2262 iudicia
789 2202 822 2262 et
857 2198 1026 2283 gramores
1056 2195 1306 2262 deliberationes
1331 2196 1476 2263 omnium

295 2321 518 2389 Cardinalium-
538 2342 648 2388 coram
672 2320 762 2409 Papa
784 2322 990 2391 adstantium.
1016 2358 1034 2371 ·
1060 2322 1098 2386 la
1123 2321 1269 2388 Camera
1292 2319 1478 2386 Cardiaalis

294 2444 501 2513 Camerarius
517 2453 551 2512 et
562 2446 680 2512 Clerici
696 2447 725 2511 ei
741 2446 861 2512 addicti
876 2448 1005 2512 nomine
1019 2442 1185 2511 Pontiflcis
1199 2446 1330 2530 negotia
1346 2464 1476 2530 quoque

295 2570 457 2637 iudicialis
472 2569 701 2657 expediebant;
718 2592 819 2656 quare
835 2592 894 2659 pro
906 2590 1053 2658 congrua
1064 2572 1266 2656 negotiorum
1278 2571 1477 2637 tractatione

295 2692 481 2761 Advocatus
491 2693 564 2781 fisci
583 2700 613 2761 et
633 2670 799 2760 Gamerae
821 2714 963 2759 necnon
980 2694 1043 2760 duo
1059 2695 1305 2769 Procuratores,
1321 2694 1405 2759 alter
1420 2714 1476 2780 ap-

281 2818 434 2905 pellatus
449 2818 522 2905 fisci
537 2816 738 2884 Procurator
754 2817 810 2904 (2),
828 2818 912 2892 alter
928 2818 1174 2884 commissarius
1188 2818 1362 2899 Gamerae,
1378 2815 1476 2903 depa-

298 2946 354 3011 tati
369 2950 455 3011 sunt.
476 2981 517 2994 -
534 2945 724 3011 Adiutorem
741 2944 862 3011 habent
880 2944 915 3009 hi
939 2945 1175 3010 Procuratores
1189 2945 1221 3008 in
1247 2944 1477 3012 Sollicitatore

292 3068 457 3137 Gamerae.

385 3190 480 3275 Apud
511 3191 574 3255 alia
605 3192 700 3255 etiam
731 3189 907 3255 tribunalia
936 3188 969 3252 in
1001 3189 1115 3274 quibus
1148 3189 1278 3274 negotia
1307 3188 1339 3253 id
1369 3188 1502 3274 genus'

292 3313 334 3380 ad
358 3316 487 3400 fiscum,
512 3314 604 3400 large
628 3319 804 3399 sumptum,
829 3314 1009 3400 spectantia
1031 3316 1283 3398 pertractantur,
1308 3312 1474 3377 constituti

383 3600 423 3668 (l)
443 3600 513 3653 Huic
533 3599 662 3669 collegio,
682 3604 714 3653 at
732 3599 853 3669 collegio
866 3600 1080 3669 Theologoram,
1093 3604 1123 3654 et
1140 3599 1320 3664 Medicorum,
1336 3600 1380 3653 ius
1397 3615 1476 3653 com·

292 3705 406 3774 petebat
431 3704 588 3759 conterendi
614 3702 715 3773 gradus
741 3703 922 3767 Doctoratae3
949 3718 1048 3772 nempe
1073 3706 1238 3771 cuicumque
1264 3701 1418 3770 respective
1436 3701 1474 3755 ad

291 3810 431 3879 propriam
450 3809 604 3864 materiam.
624 3808 766 3863 Privative
778 3824 846 3861 vero
858 3805 984 3876 Collegio
1006 3807 1209 3860 advocatorum
1228 3804 1474 3861 concistorialium

294 3918 471 3986 competebat
490 3915 694 3970 administratio
713 3914 913 3970 Universitatie
931 3912 1097 3981 Studiorum,
1111 3912 1196 3983 uulgo
1209 3914 1238 3967 ta
1253 3914 1400 3983 Sopianae,
1419 3914 1475 3967 sub

291 4023 467 4092 praefectura
485 4019 640 4074 Cardinalie
658 4018 819 4074 Camerarii.

384 4130 424 4200 (2)
443 4130 575 4191 Quamuis
593 4146 706 4185 camera
718 4128 755 4183 eit
766 4130 859 4199 fiscus,
873 4134 965 4183 tamen
984 4128 1069 4199 fiscus
1080 4127 1166 4182 soluit
1180 4128 1313 4197 distingui
1327 4143 1345 4179 a
1358 4142 1473 4197 camera

292 4238 383 4310 quoad
408 4242 486 4293 certa
504 4237 619 4306 negotia
636 4236 757 4291 maxime
775 4235 885 4298 odioea3
903 4234 991 4290 veluti
1010 4236 1217 4306 confiscationes
1235 4236 1371 4290 bonorum
1389 4238 1473 4290 erent

293 4358 395 4397 causae
413 4341 526 4412 fiscales
543 4356 598 4394 non
618 4338 783 4405 cameratas,
795 4342 825 4393 et
842 4339 877 4393 ad
895 4338 960 4393 illas
977 4337 1141 4394 intendebat
1159 4341 1322 4408 procurator
1340 4337 1416 4402 tioci3
1435 4335 1472 4391 ed

291 4448 363 4503 alias
382 4448 493 4519 proprie
512 4447 678 4513 cameratas,
697 4448 904 4501 commissarius
922 4444 1059 4499 camerae.
1078 4444 1118 4497 cf.
1137 4443 1191 4498 vol.
1211 4444 1232 4511 l,
1250 4462 1277 4497 n.
1293 4444 1338 4498 52,
