3292 5109
274 268 342 336 314
794 287 880 335 esus
903 288 940 335 11.

363 412 412 462 ent
428 414 493 464 unte
513 408 707 464 executionem
726 426 775 465 eeu
787 410 1017 481 fulminationem
1029 409 1245 479 dispensationis
1261 426 1277 463 e
1294 413 1371 463 stetu
1390 426 1462 479 pau·

364 515 482 584 portatis
506 518 693 571 excesserunt.
711 544 749 556 -
767 514 829 569 273.
849 515 952 587 Aliqua
970 515 1125 570 innuuntur
1143 516 1173 568 in
1192 515 1285 584 specie
1302 513 1396 585 quoad
1413 515 1458 567 fs·

363 622 484 677 cultates
506 621 745 678 poenitentiariee
767 622 795 676 in
814 622 1015 691 impedimenta
1038 622 1264 677 matrimonialis.
1283 652 1299 663 -
1318 623 1358 677 De
1376 628 1459 693 pote-

362 728 436 779 state
455 742 510 796 que
528 724 599 779 haec
619 726 706 795 pollet
724 727 753 778 in
771 730 837 797 saro
856 738 974 781 externa
993 742 1044 795 pro
1058 728 1236 797 pauperibus
1253 731 1284 781 et
1301 730 1365 796 fere
1381 743 1458 796 pau·

361 836 477 905 peribus
501 835 590 905 quoad
616 834 815 904 impedimenta
839 834 1067 889 matrimonialis.
1092 863 1129 875 -
1152 835 1214 888 274.
1234 834 1273 889 De
1297 837 1388 891 forme
1412 834 1459 889 rel

362 938 549 1011 91·ariosavel
570 941 761 993 commissario
785 940 831 993 vel
856 943 946 993 mictu
970 958 1026 1011 qua
1048 941 1244 1010 concipiuntur
1263 941 1400 1009 rescripte
1416 939 1461 993 di·

364 1050 580 1117 spensationum.
597 1077 634 1091 —
652 1050 714 1103 275.
732 1049 770 1103 De
784 1048 880 1105 valore
898 1054 928 1105 et
945 1050 1112 1105 executione
1130 1050 1230 1104 horum
1249 1050 1458 1119 rescriptorum.

362 1184 397 1197 -
416 1156 476 1209 276.
497 1154 639 1210 Nonnulla
658 1156 688 1211 in
706 1158 798 1226 specie
816 1157 989 1212 adnotentur
1007 1157 1042 1213 de
1060 1157 1141 1211 modo
1160 1156 1334 1227 concipiendi
1353 1155 1462 1225 suppli·

363 1263 489 1316 cationes
507 1262 610 1316 dandas
624 1262 658 1314 ed
677 1261 704 1315 S.
720 1262 979 1317 poenitentiarium.
999 1292 1033 1305 -
1052 1264 1113 1317 277.
1133 1263 1174 1318 De
1186 1262 1268 1317 modo
1286 1261 1459 1317 rescribendi

363 1384 412 1436 pro
431 1373 495 1439 fara
514 1370 632 1424 interno.
650 1396 688 1408 -
705 1368 767 1422 278.
788 1368 827 1423 De
840 1370 923 1424 modo
941 1370 1111 1425 rescribendi
1130 1386 1181 1442 pro
1198 1376 1264 1443 saro
1283 1381 1409 1427 extenuo.
1422 1400 1460 1412 -

362 1475 423 1529 279.
439 1476 476 1529 De
490 1476 633 1531 nonnullis
646 1478 850 1532 mutationibus
860 1478 980 1535 inductis
993 1480 1106 1537 decreto
1119 1482 1177 1536 diei
1187 1482 1231 1535 28
1241 1482 1364 1553 Anausti
1371 1483 1459 1539 1885

362 1580 391 1633 in
413 1580 546 1635 clausulis
569 1581 734 1637 adiiciendis
755 1600 772 1635 a
798 1582 912 1637 Deteris
935 1585 1078 1654 rescriptis
1103 1585 1342 1657 dispensetionum
1361 1590 1460 1645 metri·

362 1690 534 1743 monialium.

361 1923 437 1989 263.
463 1924 556 1989 Nunc
571 1922 706 2009 gradum
722 1924 860 1989 facimus
875 1924 915 1988 ed
931 1923 962 1989 S.
978 1924 1266 1992 Paenitentiariam
1278 1946 1362 2011 quae
1378 1949 1460 1995 sene

273 2047 364 2109 extet
386 2045 548 2127 antiquior·
571 2044 657 2108 inter
681 2045 788 2108 omnia
811 2045 904 2109 curia
927 2063 1081 2109 romanae
1098 2043 1225 2112 Officia.
1251 2048 1344 2112 Inter
1365 2047 1459 2114 adiu-

272 2176 361 2237 tores
384 2172 470 2235 enim
494 2191 573 2255 quos
595 2167 655 2235 sibi
678 2171 777 2256 elegit
800 2170 972 2244 pontifex,
997 2170 1141 2237 assiduos
1164 2178 1198 2237 et
1223 2172 1457 2248 cubicularios,

272 2294 313 2359 ad
329 2293 544 2380 expediendas
560 2294 607 2359 sui
624 2294 766 2358 muneris
789 2292 959 2377 pastoralis
980 2298 1100 2379 partes,
1118 2314 1192 2359 cum
1210 2298 1326 2381 primis
1345 2316 1459 2362 recen-

270 2422 361 2489 sendi
389 2426 462 2487 sunt
490 2420 735 2486 poenitentiarii
766 2420 820 2503 qui
851 2420 982 2485 nominc
1006 2417 1172 2487 Pontificis
1202 2421 1376 2488 absolvere
1399 2422 1459 2487 de-

271 2706 344 2760 heud
363 2710 438 2760 certe
457 2708 576 2767 constet3
597 2709 642 2757 est
660 2708 726 2758 ante
746 2703 913 2773 Gregorium
932 2704 960 2758 X
979 2704 1011 2775 (†
1028 2705 1108 2768 1276)
1122 2704 1376 2759 poenitentiarium
1388 2704 1461 2759 Car·

270 2812 398 2866 dinelitie
417 2812 559 2880 dignitate
574 2813 659 2865 fuisse
679 2816 792 2864 auctum
812 2810 915 2865 eruditi
934 2812 1062 2880 probent,
1081 2816 1110 2865 et
1130 2812 1183 2867 iste
1200 2812 1330 2866 Pontifex
1349 2813 1380 2867 in
1397 2814 1458 2867 suis

271 2919 381 2990 legibus
399 2921 499 2989 quibus
519 2917 657 2975 conclave
676 2916 824 2984 ordinavit,
838 2919 923 2971 etiem
936 2918 969 2973 de
984 2918 1126 2973 cardinali
1140 2919 1362 2973 poenitentiario
1375 2919 1458 2989 plura

271 3026 408 3089 decrevit3
427 3027 461 3078 cs.
481 3022 591 3090 Gomon,
610 3023 645 3076 ln
665 3025 796 3095 praemia
820 3026 859 3078 ad
880 3024 949 3094 Rea.
973 3024 1097 3079 Cancell.
1116 3054 1154 3066 -
1171 3026 1317 3079 Arenione
1335 3025 1459 3079 Benedi-

271 3139 333 3189 ctus
352 3134 403 3187 xli
423 3132 454 3204 (†
476 3132 558 3203 1342)
584 3132 820 3187 Constitutionem
846 3133 933 3188 edidit
956 3132 990 3187 de
1016 3132 1255 3187 Paenitentieriae
1274 3134 1373 3188 Officio
1389 3149 1408 3189 c<
1422 3134 1459 3188 ln

271 3256 341 3310 aare
366 3241 504 3293 dominico
528 3237 687 3292 universali
706 3236 852 3290 Ecclesiae
877 3237 1002 3305 operarii
1013 3251 1038 3292 n.
1057 3265 1092 3278 -
1112 3236 1143 3290 ln
1161 3235 1233 3289 hanc
1252 3236 1402 3291 materiem
1421 3240 1459 3299 cs,

270 3344 498 3407 Thornassinum,
518 3344 559 3396 De
584 3352 635 3397 vet.
659 3353 687 3396 et
711 3358 772 3395 noe.
793 3344 891 3411 discip
913 3351 975 3394 tam,
997 3341 1019 3408 Ι,
1041 3343 1088 3396 lib.
1106 3344 1136 3407 2,
1155 3360 1214 3412 cap.
1238 3342 1315 3396 7αὰ
1337 3361 1399 3413 cap.
1419 3346 1461 3398 17

270 3463 298 3509 et
322 3464 386 3507 tam.
407 3452 450 3519 ll,
472 3452 518 3506 lib.
540 3452 567 3517 1,
586 3469 646 3521 cap.
668 3452 711 3503 50
729 3468 783 3521 seq.
805 3460 832 3505 et
858 3452 904 3504 lib.
924 3451 954 3515 3,
974 3469 1034 3521 cap.
1056 3451 1115 3518 593
1135 3456 1165 3505 et
1190 3451 1270 3505 Cerd.
1290 3454 1391 3519 Petne,
1417 3456 1461 3511 De

270 3556 488 3609 Paenitentieria
507 3552 588 3625 (opus
607 3570 662 3607 non
682 3553 872 3622 absolutum);
890 3554 1011 3608 Tiburtii
1031 3554 1134 3621 Neues,
1152 3554 1222 3609 olim
1241 3556 1459 3613 poenitentiarii

270 3662 300 3715 in
325 3660 447 3714 Basilice
469 3660 666 3725 Laterenensi‚
686 3661 867 3714 Manedumia
892 3663 930 3714 aal
950 3663 1069 3731 praxim
1094 3666 1269 3716 executionis
1295 3664 1460 3719 litterarium

272 3766 376 3820 Sacrae
397 3764 647 3829 poenitentiarium
667 3767 695 3818 et
715 3763 845 3829 Bernino,
866 3764 960 3817 Storia
986 3764 1065 3818 delle
1090 3767 1190 3821 eresie.
1210 3765 1284 3819 Hinc
1304 3767 1460 3823 poeniten·

269 3871 369 3927 tisrius
387 3886 436 3924 seu
456 3868 689 3939 Archipresbyter
708 3868 864 3939 antiquitus
883 3874 945 3923 eret
964 3869 1058 3938 papae
1083 3870 1193 3924 adiutor
1212 3877 1242 3927 et
1259 3888 1385 3927 assessor
1403 3889 1456 3943 pro

270 3979 391 4048 negotiis
410 3980 469 4048 sari
484 3975 691 4047 poenitentialis
712 3980 741 4029 et
760 3975 894 4044 appositis
911 3975 1023 4045 {litteris
1041 3976 1210 4041 scribendis3
1231 3992 1282 4047 pro
1301 3978 1369 4032 eliis
1387 3979 1460 4033 sctis

270 4080 444 4137 excribendis
454 4079 549 4134 ederat
562 4079 796 4133 Bibliothecarius
809 4094 859 4131 scu
874 4079 1056 4133 Scriniarius.
1074 4079 1113 4134 De
1128 4097 1158 4133 se
1171 4081 1270 4135 scribit
1283 4080 1371 4135 Divus
1385 4083 1461 4137 lero·

269 4186 373 4239 nimus:
394 4182 493 4255 (Epist.
507 4184 540 4236 ad
554 4182 723 4245 Gerontiem,
739 4182 781 4236 Dc
797 4182 997 4253 Manaqamia).
1010 4196 1029 4238 ct
1041 4185 1113 4239 Ante
1126 4201 1216 4238 annas
1230 4185 1376 4255 plurimas
1395 4203 1460 4241 cum

270 4296 300 4345 in
325 4293 429 4346 chartis
454 4291 648 4346 ecclesiasticis
673 4291 802 4344 iuvarern
827 4289 982 4343 Damasum
1001 4290 1145 4345 Romanae
1169 4292 1250 4345 llrlris
1269 4292 1457 4361 Episcopum,

269 4409 296 4455 et
318 4398 437 4453 Orientis
456 4407 539 4466 atque
562 4396 716 4451 Occidentis
737 4397 883 4465 Syreadicis
902 4397 1150 4451 carasultatianilncs
1168 4400 1373 4469 responderem
1385 4412 1411 4454 ».
