3292 5109
273 282 294 348 4
794 300 879 349 raas
902 303 940 349 11.

269 424 312 493 de
334 424 549 492 tribunalibus
573 427 696 493 Romae
719 426 895 509 ordinatis,
918 434 987 495 tum
1010 427 1051 494 ad
1073 428 1260 496 universale
1289 429 1460 498 Ecclesiae

270 550 475 639 Catholicae,
498 556 566 618 tum
595 550 636 618 ad
666 552 807 639 speciale
836 551 991 621 dioecesis
1021 574 1175 621 romanae
1206 558 1369 643 regimen,
1393 578 1458 625 nec

262 697 333 776 non
362 676 404 743 de
432 676 645 743 tribunalibus
676 678 709 742 in
738 677 866 764 singula
897 677 1038 745 dioecesi
1069 681 1260 747 constitutis.
1291 680 1454 767 Siquidem

267 800 301 865 in
324 800 377 865 his
399 805 466 865 tum
491 800 616 865 ratione
632 818 854 885 personarum,
872 805 939 864 tum
962 801 1090 865 ratione
1106 821 1276 886 processus
1292 802 1456 870 iudicialis

265 924 422 989 nonnulla
452 924 616 989 habentur
637 922 770 1009 speciali
801 922 907 989 studio
931 922 1145 1001 addiscenda;
1171 928 1288 1013 quippe
1311 928 1452 995 iudicum

265 1051 298 1113 et
321 1045 530 1112 tribunalium
553 1044 782 1120 ordinationes,
808 1048 842 1111 in
866 1046 1022 1133 pluribus,
1046 1067 1111 1113 non
1143 1052 1350 1116 necessariae
1376 1057 1452 1118 aunt

263 1171 496 1259 applicationes
519 1170 721 1257 generalium
745 1170 855 1257 legum
879 1170 1092 1254 iudicialium,
1115 1170 1172 1237 sed
1196 1176 1272 1239 sunt
1295 1174 1450 1259 specialia
1534 1182 1537 1185 ’

262 1296 381 1358 statuta
403 1312 424 1356 a
446 1292 600 1377 principis
628 1291 715 1357 iussu
737 1289 791 1355 vel
819 1308 840 1354 a
866 1289 1108 1357 consuetudinis
1131 1293 1165 1357 vi
1189 1292 1364 1378 repetenda
1389 1292 1449 1384 (1),

350 1419 381 1483 4.
406 1416 555 1489 Subiecta
578 1417 715 1481 materia
746 1422 860 1503 aperte
891 1415 985 1483 docet
1015 1436 1174 1501 quaenam
1197 1418 1240 1484 sit
1262 1419 1346 1483 ratio
1376 1424 1445 1485 tra-

259 1542 408 1610 ctationis
431 1540 602 1627 sequenda.
628 1542 670 1611 Ut
693 1541 778 1606 enim
801 1559 823 1604 a
845 1540 1045 1627 dignioribus
1060 1540 1269 1607 exordiamur
1291 1546 1389 1607 antea
1404 1542 1446 1609 de

258 1668 350 1733 curia
372 1687 508 1733 romana
531 1665 700 1732 dicendum
724 1667 797 1747 erit,
822 1670 934 1752 postea
957 1664 997 1730 de
1021 1666 1120 1732 curiis
1143 1665 1352 1732 dioecesanis.

346 1788 444 1857 Curia
468 1809 602 1855 romana
632 1788 690 1854 suh
713 1787 833 1874 triplici
856 1794 990 1873 aspectu
1012 1788 1213 1855 considerari
1243 1794 1366 1876 potest;
1391 1794 1443 1856 ni·

256 1916 373 1981 mirum
404 1914 463 1981 sub
490 1918 622 2000 aspectu
657 1912 688 1999 l)
716 1913 884 1999 regiminis
914 1913 1125 1980 ecclesiastici
1156 1917 1351 1982 universalis
1380 1937 1445 2004 pro

255 2040 408 2107 universa
435 2037 598 2114 Ecclesia;
623 2034 657 2121 2)
681 2037 847 2122 regiminis
864 2037 1037 2121 peculiaris
1052 2037 1264 2104 ecclesiastici
1280 2060 1340 2127 pro
1356 2040 1440 2107 dioe-

208 2192 212 2203 ’
254 2164 319 2231 cesi
336 2146 486 2238 romana;
504 2162 536 2247 3)
557 2162 723 2247 regiminis
746 2160 850 2226 civilis
872 2181 932 2246 pro
956 2162 1094 2247 negotiis
1116 2164 1316 2250 principatus
1335 2166 1441 2233 civilis

253 2290 389 2357 Sanctae
413 2287 513 2356 Sedis.
538 2323 555 2335 -
581 2288 676 2354 Patet
707 2286 791 2371 quod
813 2290 960 2353 nostrum
990 2307 1056 2352 non
1087 2292 1137 2355 est
1159 2288 1269 2354 dicere
1297 2288 1337 2356 de
1360 2291 1438 2357 indi·

251 2412 385 2479 cialibus
407 2413 544 2500 negotiis
568 2410 673 2477 civilis
696 2413 906 2499 principatus.
923 2432 996 2478 cum
1019 2432 1153 2499 agamus
1176 2412 1216 2477 de
1238 2412 1363 2479 indiciis
1386 2435 1438 2481 oc·
1537 2474 1541 2481 .

251 2540 442 2607 clesiasticis
472 2540 505 2603 in
530 2538 636 2605 causis
659 2539 896 2604 ecclesiasticis.
922 2572 941 2587 ·
966 2536 1135 2609 Ceterum,
1160 2558 1272 2604 omnes
1294 2544 1434 2613 norunt,

250 2662 426 2728 saecularis
449 2659 616 2747 regiminis
647 2661 738 2726 curia
767 2660 865 2726 hodie
894 2664 998 2735 tacet,
1022 2658 1062 2725 ab
1087 2662 1244 2728 exercitio
1276 2664 1325 2727 sui
1352 2664 1434 2727 iuris

247 2789 310 2853 iam
335 2787 388 2853 diu
410 2786 581 2874 prohibita.
607 2820 625 2835 -
650 2787 693 2852 At
716 2786 756 2852 de
778 2784 934 2852 tribunali
956 2786 988 2853 S.
1014 2788 1117 2853 Rotae
1141 2788 1307 2854 Romanae
1334 2792 1369 2853 et
1390 2787 1434 2854 de

247 2910 364 2997 duplici
389 2908 564 2997 Signatum
587 2930 668 2994 quas
696 2928 761 2974 non
793 2909 896 2975 solnm
919 2910 1102 2976 saecularia
1127 2910 1184 2976 sed
1208 2911 1431 2977 ecclesiastica

246 3052 373 3119 quoque
395 3034 525 3120 negotia
547 3031 723 3119 agitabant,
739 3032 861 3118 aliquid
884 3034 1063 3105 innuamus,
1089 3052 1127 3098 eo
1149 3033 1324 3119 praecipua
1350 3054 1430 3100 con-

245 3157 317 3223 silio
339 3162 376 3224 ut
397 3156 511 3224 melius
535 3156 768 3224 determinetur
791 3157 880 3224 notio
894 3161 927 3223 et
951 3157 1135 3223 constitutio
1150 3156 1326 3223 Sacrarum
1342 3157 1429 3224 Con-

243 3282 469 3367 gregationum
496 3282 726 3347 Romanarum.

332 3405 363 3471 5.
388 3406 629 3471 Tractationem
652 3403 862 3490 dispescimus
884 3404 918 3467 in
941 3402 1059 3477 titulos,
1086 3421 1165 3487 quos
1188 3400 1428 3471 subdividemus

242 3530 275 3595 in
298 3532 404 3617 capita
426 3536 459 3597 at
481 3530 713 3618 paragraphos,
737 3531 845 3617 prouti
867 3549 948 3614 opus
970 3528 1079 3595 fuerit.
1101 3528 1180 3594 -1n
1203 3530 1308 3616 primo
1330 3528 1427 3596 titulo

241 3654 435 3721 disseremus
458 3657 508 3723 De
531 3656 664 3744 origine
694 3660 724 3721 et
747 3658 876 3720 notura
902 3651 937 3717 S.
965 3630 1276 3741 Conprepationcm
1298 3654 1424 3723 Roma-

239 3794 377 3869 nomm,
395 3777 446 3842 cui
471 3776 690 3843 subnectimus
712 3776 746 3841 in
770 3775 872 3840 variis
886 3773 1044 3859 capitibus
1067 3778 1101 3839 et
1121 3776 1337 3862 paragraphis
1357 3781 1425 3843 tra-

328 3986 366 4057 (1)
387 3986 447 4041 Huc
466 3990 575 4056 spectat
593 3984 737 4041 distinctio
756 4000 828 4055 quae
846 3983 972 4054 rigorose
990 3988 1118 4040 servatur
1135 3986 1166 4039 in
1183 3985 1325 4041 hodiernis
1342 3988 1422 4042 codi-

237 4090 317 4147 cibus
334 4092 409 4148 intar
427 4092 505 4163 legas
518 4108 663 4164 processus
681 4091 829 4159 iudicialis,
841 4095 871 4147 et
888 4090 1093 4147 ordinationem
1111 4093 1233 4148 indicum
1248 4098 1277 4148 et
1289 4093 1419 4148 tribuua-

236 4198 314 4253 lium.
335 4198 410 4254 Haec
428 4199 570 4255 distinctio
589 4198 708 4255 habetur
727 4200 756 4254 in
775 4200 834 4255 cod.
851 4198 933 4271 Grag.
949 4200 1025 4267 xvi,
1043 4200 1118 4256 edito
1138 4201 1208 4255 1834
1227 4218 1277 4272 pro
1294 4202 1419 4272 negotiis

236 4304 366 4359 civilibus
384 4305 470 4360 etiam
490 4303 681 4372 iudicialibus,
699 4307 734 4361 oi.
748 4304 826 4371 rial,
845 4305 883 4359 11
896 4316 922 4361 et
942 4304 998 4372 ΙΙΙ,
1011 4303 1104 4359 Partis
1118 4302 1157 4370 ΙΙ,
1175 4315 1203 4360 ae
1223 4304 1337 4361 Panem
1356 4304 1417 4373 ΙΙΙ,

235 4421 262 4467 ct
279 4412 362 4467 ausus
382 4410 476 4465 Portis
490 4411 648 4483 praecipua
667 4409 706 4465 nt.
728 4410 777 4466 XI
790 4426 846 4482 seq.
