3292 5109
317 282 382 350 118
835 306 920 356 eins
943 306 980 355 11.

403 424 442 507 2)
467 425 541 492 «Si
563 432 678 493 antem
701 426 900 495 inchoatum
922 426 1029 511 fuerit
1050 429 1218 497 iudicium
1240 449 1359 497 coram
1381 431 1495 516 atiquo

314 547 444 624 iudice,
463 569 553 633 pars
586 570 705 619 coram
733 550 1005 638 Conprepatione
1039 559 1205 621 conuenta
1226 554 1257 621 si
1278 554 1429 620 renuerit
1458 554 1497 619 in

313 674 411 741 ittam
433 676 622 745 comentire
644 682 677 745 et
697 678 848 745 notuerit
878 698 1020 745 causam
1043 699 1066 745 a
1093 677 1363 767 Conprepatione
1387 680 1495 747 termi-

313 800 405 875 nari,
430 806 510 867 tuna
532 800 579 867 ad
594 800 742 869 iudicem
766 808 1008 887 competentem
1030 804 1272 871 remittatur».
1297 804 1389 870 Haec
1405 824 1496 897 pree

226 930 229 939 '
314 925 446 1010 scriptio
469 926 625 1012 prospicit
646 928 745 1009 casui,
763 946 826 1012 quo
847 948 922 994 reus
944 930 1158 995 conveniatur
1180 949 1291 995 caram
1315 929 1496 1015 Congrege-

315 1046 464 1129 tionibus,
481 1047 607 1132 quando
628 1048 733 1116 adhuc
750 1050 783 1114 in
799 1051 905 1135 prima
927 1051 1083 1117 instantia
1105 1071 1205 1118 causa
1226 1060 1336 1118 catam
1360 1052 1424 1117 loci
1447 1071 1496 1116 or

315 1167 442 1235 dinario
465 1168 596 1237 definita
617 1177 764 1247 nonest,
790 1178 823 1238 et
848 1177 928 1239 tunc
952 1174 1116 1255 Pontifex,
1140 1176 1293 1242 insistens
1316 1175 1497 1241 Tridentini

315 1291 450 1359 Consilii
473 1295 627 1382 vestigiis,
650 1295 720 1359 vult
742 1299 863 1361 tectum
888 1300 920 1360 et
943 1302 1088 1362 sanctum
1111 1298 1161 1362 ius
1176 1297 1436 1372 ordinariorum,
1456 1296 1498 1361 ad

314 1438 394 1506 quoe
416 1420 534 1487 debent
556 1424 590 1487 in
613 1422 716 1508 prima
742 1423 895 1487 instantia
918 1425 1039 1490 remitti
1063 1426 1318 1490 controversiae.

404 1546 438 1632 3)
463 1545 538 1613 «si
560 1566 679 1615 coram
706 1547 823 1631 atiquo
847 1547 961 1614 iudice
984 1548 1181 1615 inchoatam
1203 1547 1312 1632 tuerit
1331 1546 1497 1613 iudicium

314 1676 346 1739 et
368 1672 492 1739 deinde
513 1679 630 1757 portes
660 1676 846 1743 concordes
872 1674 1179 1761 Conprepationem
1205 1676 1393 1757 adiverim,
1417 1681 1500 1741 mac

317 1796 543 1883 Conprepatio
574 1818 717 1865 causam
746 1798 881 1865 decidat
908 1804 939 1864 et
962 1804 1041 1864 acta
1064 1798 1111 1864 ad
1134 1818 1171 1865 se
1194 1798 1426 1883 transportari
1447 1786 1498 1882 sa·

314 1918 382 1986 ciat
397 1940 429 1985 r.
454 1920 517 1987 Hic
540 1924 701 2005 statuitur,
722 1929 833 2009 partes
855 1942 949 2008 posse
972 1924 1171 1989 renunciare
1194 1924 1258 1988 iuri
1280 1921 1497 2008 prosequendi

315 2046 499 2111 instantiam
523 2048 576 2112 vel
604 2047 692 2113 iilam
716 2048 889 2113 inchoandi
914 2067 1026 2114 coram
1050 2047 1227 2114 Ordinatio
1250 2049 1324 2129 loci,
1349 2048 1499 2115 atillam

315 2171 465 2239 deferant
487 2173 528 2239 ad
551 2195 718 2260 supremos
742 2175 881 2252 iudices;
906 2181 955 2242 est
981 2176 1107 2260 species
1128 2176 1388 2263 proropationis
1410 2196 1500 2245 com·

313 2294 489 2378 oetentiae.
516 2294 564 2360 Oi.
588 2296 652 2361 vol.
678 2297 704 2379 I,
728 2316 761 2361 n.
785 2298 862 2363 342.

405 2422 438 2507 4)
468 2420 546 2488 <Si
580 2442 683 2489 causa
718 2442 838 2491 coram
872 2422 1144 2510 Conprepatioue
1178 2428 1298 2506 coepta
1329 2422 1440 2505 fuerit
1468 2428 1501 2489 et

314 2547 439 2615 deinde
453 2548 594 2633 aliquod
609 2568 784 2636 eruerpms
806 2549 1051 2633 supervenerit,
1069 2568 1147 2616 eum
1166 2548 1227 2615 itta
1250 2568 1356 2615 cansa
1378 2555 1500 2631 coepta

313 2692 432 2739 voum
455 2673 558 2740 etiam
580 2672 668 2739 iliud
690 2692 869 2759 emerpms
891 2692 914 2739 a
939 2672 1211 2759 Conprepatione
1241 2671 1497 2754 expediatur».

313 2796 495 2881 Emergens
526 2800 575 2861 est
606 2814 703 2861 causa
726 2794 942 2862 incidentalis
975 2797 1044 2861 sive
1079 2794 1136 2859 illa
1169 2814 1253 2879 quae
1286 2797 1432 2860 nascitur
1456 2815 1500 2861 ex

314 2938 413 2984 causa
442 2919 682 3003 principaliori,
715 2921 749 2983 et
780 2918 813 2982 in
849 2917 913 2982 hoc
943 2916 1141 3001 propositum
1175 2915 1330 2981 Pontifex
1363 2923 1501 2983 revocat

313 3044 505 3131 principium
534 3043 706 3129 generale,
732 3060 849 3129 nempe
873 3040 1009 3107 iudicem
1032 3058 1151 3107 causae
1173 3040 1360 3127 principalis
1382 3040 1499 3106 eodem
1612 3069 1613 3114 ᾗ

313 3190 468 3256 processu
491 3189 689 3256 cognoscere
721 3188 851 3235 causmn
882 3167 1076 3235 incidentem
1109 3166 1318 3250 eamdemque
1347 3164 1499 3232 definire.
1612 3181 1614 3214 ³

314 3292 362 3361 Gi.
386 3294 451 3359 vol.
465 3297 490 3365 Ι,
517 3314 548 3357 n.
566 3292 641 3360 356.

403 3417 437 3503 5)
463 3440 481 3482 ε
499 3417 537 3484 Si
552 3418 657 3485 alicui
674 3416 939 3503 Conprepationi
954 3414 1103 3482 occurrit
1122 3434 1188 3498 pro
1204 3414 1306 3481 ream
1320 3414 1500 3497 adipsum

316 3535 622 3623 Conprepatiouem
641 3534 871 3619 spectantibus
886 3534 1024 3601 brachio
1040 3534 1211 3599 saeculari
1233 3534 1398 3619 indique,
1416 3538 1503 3600 tunc

313 3668 518 3730 occurratur
533 3664 580 3761 aot
598 3662 878 3734 Gubanatorem
895 3660 1097 3727 Auditorum
1116 3660 1291 3732 Gamerae,
1310 3659 1498 3735 Viearium,

312 3787 383 3855 siae
399 3787 446 3855 od
465 3788 573 3854 atium
596 3788 755 3868 iudicem,
772 3786 832 3872 qui
851 3786 1045 3870 praeceptis
1067 3785 1111 3852 ab
1130 3786 1208 3869 ipsa
1226 3782 1501 3870 Conprepatione

311 3915 414 3998 sactis
436 3915 571 3983 obedire
596 3919 750 3981 teneatur
765 3935 796 3977 ›.
823 3913 914 3978 Haec
937 3917 1101 3998 postrema
1124 3912 1239 3997 regula
1263 3912 1397 3995 respicit
1419 3930 1499 3976 coa-

314 4046 399 4107 ciam
421 4040 625 4107 decretorum
650 4039 682 4105 S.
700 4039 994 4125 Congregationum
1019 4037 1253 4110 executionem,
1277 4056 1373 4121 quam
1396 4036 1501 4103 hodie

313 4186 380 4231 non
396 4166 445 4231 ias
468 4169 517 4230 est
540 4164 688 4229 obtinere
705 4182 765 4248 per
781 4181 820 4228 ea
834 4161 940 4227 media
962 4163 1026 4227 iam
1050 4160 1168 4226 dudum
1191 4164 1397 4246 comparatu
1422 4180 1500 4245 quo·

314 4306 386 4351 rum
410 4284 607 4353 mentionem
630 4283 710 4350 iacit
731 4281 905 4357 Pontifex;
931 4286 963 4345 et
984 4281 1048 4346 hac
1071 4280 1111 4345 de
1142 4300 1178 4346 re
1201 4280 1321 4365 aliquid
1350 4280 1500 4347 dicemus

312 4408 410 4473 infra.
