3292 5109
252 254 255 260 ¹
297 277 363 347 492
741 295 948 354 annacnruu
972 295 1023 344 111.

296 429 405 500 praxim
422 433 534 485 nostrae
552 427 661 483 tribuat
678 425 818 494 solertiae,
839 443 902 481 cum
921 425 970 480 illa
990 427 1111 496 profluat
1129 443 1147 480 a
1162 425 1319 481 Tridentini
1338 423 1472 482 Decretis

296 535 424 593 Sessione
442 537 547 594 etenim
565 535 661 592 XlllV
679 552 738 606 cap.
757 536 801 604 20,
820 535 854 591 de
871 536 982 590 reform.
1002 535 1044 589 ita
1062 533 1231 606 disponitur:
1247 535 1430 591 «Praeterea
1448 533 1473 588 si

296 645 358 717 quis
376 644 406 700 in
423 645 534 700 casibus
557 661 576 699 a
599 644 659 700 iure
682 643 825 714 permissis
848 642 1034 713 appellaverit
1058 647 1108 697 aut
1132 644 1165 700 de
1189 641 1286 716 aliquo
1310 646 1475 715 gravamine

295 757 464 826 conquestus
487 755 573 811 luerit
597 772 646 810 seu
671 755 742 810 alias
766 753 801 808 ob
827 753 936 824 lapsum
960 754 1066 810 biennii
1089 755 1124 810 de
1151 772 1208 828 quo
1231 772 1316 826 supra
1333 756 1368 809 ad
1386 756 1474 811 alium

295 864 414 920 iudicem
433 864 591 932 recurrerit,
605 867 734 920 teneatur
751 868 817 920 acta
834 866 928 920 omnia
941 882 1036 921 coram
1050 867 1187 937 Episcopo
1200 871 1281 938 gesta
1299 867 1334 922 ad
1352 867 1475 922 Iudicem

296 973 493 1044 appellationis
511 974 639 1044 expensis
658 973 715 1029 suis
734 975 894 1042 transferre,
908 979 1008 1032 codem
1026 987 1119 1032 tamen
1134 979 1271 1050 Episcopo
1282 979 1365 1050 priua
1377 980 1476 1033 admo-

295 1083 360 1148 nito,
379 1090 410 1135 ut
427 1084 453 1136 si
470 1082 539 1154 quid
556 1081 583 1136 ei
601 1098 652 1152 pro
672 1097 774 1136 causae
792 1082 974 1137 instructione
991 1083 1140 1151 videditur,
1159 1086 1247 1154 possit
1266 1085 1355 1139 iudici
1372 1085 1475 1156 appel·

284 1193 408 1248 lotionis
426 1195 597 1265 aipnificara.

385 1297 450 1354 «ut
468 1297 595 1370 quamvis
613 1298 674 1354 iure
693 1298 772 1354 uobis
790 1298 944 1354 timendum
963 1297 1008 1366 sit,
1021 1315 1057 1354 ne
1075 1299 1151 1354 dicta
1170 1300 1264 1370 praxis
1282 1299 1413 1356 monendi
1431 1299 1476 1354 iu·

295 1404 394 1472 dicem,
412 1422 429 1460 a
445 1419 501 1476 quo
520 1403 691 1475 appellatum
710 1407 767 1472 est,
786 1405 815 1460 in
834 1420 911 1459 more
929 1404 995 1458 olim
1022 1405 1114 1475 posita
1133 1404 1186 1460 hac
1205 1409 1374 1477 tempestate
1392 1406 1475 1461 obso-

296 1510 397 1569 leverit
414 1515 444 1569 et
462 1529 479 1567 a
496 1512 557 1568 foro
576 1513 736 1568 recesserit:
757 1515 882 1568 attamen
896 1512 1049 1583 Episcopus
1061 1511 1106 1584 (ut
1118 1513 1224 1570 dictum
1237 1514 1291 1588 est)
1305 1515 1329 1570 si
1340 1531 1377 1571 ex
1389 1531 1476 1570 causa

295 1620 348 1675 sibi
367 1623 477 1676 tantum
496 1623 526 1676 et
544 1636 600 1677 uon
619 1621 683 1676 aliis
701 1624 776 1688 uota,
789 1639 862 1694 quae
880 1626 975 1678 manen
994 1623 1141 1693 approbari
1158 1623 1245 1694 digna
1262 1625 1306 1692 ait,
1326 1624 1475 1680 ecclesiam

296 1731 460 1799 contulerit,
485 1733 565 1788 illam
590 1734 674 1789 iudici
700 1734 899 1804 appellationis
920 1735 994 1789 datis
1018 1739 1126 1792 secreto
1148 1734 1253 1791 litteris
1276 1735 1427 1792 denunciet
1445 1740 1475 1790 et

296 1842 413 1912 aperiat.
433 1842 529 1898 Sciant
547 1859 630 1914 porro
648 1844 754 1900 iudices
778 1843 886 1900 delatas
910 1846 946 1900 ab
964 1845 1102 1914 Episcopo
1124 1861 1223 1899 causas
1241 1847 1272 1900 et
1289 1845 1414 1901 rationes
1432 1845 1475 1900 in·

295 1952 436 2010 violabilis
454 1954 554 2011 secreti
573 1953 626 2008 flde
646 1970 706 2010 esse
725 1953 931 2018 custodiendas,
951 1969 1003 2007 nec
1022 1953 1101 2023 parvi
1119 1953 1294 2024 pendendum
1313 1971 1374 2010 esse
1387 1955 1475 2010 testi·

296 2063 418 2118 monium
437 2061 514 2117 illius
534 2062 661 2132 pastoris,
674 2061 719 2116 cui
731 2061 829 2116 divino
846 2061 995 2116 mandatur
1011 2059 1131 2133 eloquio,
1144 2078 1211 2117 oves
1230 2080 1294 2117 suas
1311 2079 1472 2132 agnoscere.

295 2169 389 2227 Facile
409 2172 483 2227 enim
503 2170 651 2226 credinon
672 2173 771 2241 potest,
792 2170 945 2240 Episcopos
969 2187 1036 2224 suae
1060 2187 1115 2226 non
1139 2171 1231 2225 minus
1258 2188 1341 2242 quam
1362 2171 1474 2227 alienae

209 2333 213 2344 ,
295 2279 394 2334 salutis
418 2279 488 2336 adeo
513 2279 703 2348 immemores,
723 2283 755 2334 ut
780 2296 835 2334 non
859 2278 987 2335 deterriti
1011 2279 1098 2334 divini
1123 2276 1351 2334 interminatione
1375 2278 1473 2333 iudicii

248 2422 250 2426 -
295 2387 358 2442 odio
376 2388 423 2444 vel
442 2389 537 2443 favore
556 2393 729 2450 moveantur.
743 2391 773 2446 et
791 2390 821 2444 in
840 2397 981 2444 sacrorum
1001 2404 1139 2443 canonum
1151 2387 1321 2458 singularem
1341 2388 1472 2444 iniuriam

295 2495 389 2548 dicuat
405 2494 514 2550 mamm
532 2497 640 2560 bonum,
661 2497 762 2550 donum
779 2497 897 2560 molum,
920 2505 1056 2567 ponentes
1074 2497 1204 2550 tenebras
1223 2497 1316 2550 lucem
1334 2505 1361 2549 et
1380 2495 1474 2550 lucem

294 2602 431 2656 ransom.

383 2707 444 2765 «Si
463 2725 529 2765 vero
548 2711 684 2780 Episcopo
702 2711 788 2767 fuerit
806 2714 936 2780 suspecta
948 2709 1016 2764 fides
1029 2710 1136 2776 iudicis,
1149 2709 1184 2764 ad
1196 2726 1281 2780 quem
1300 2708 1472 2779 appellatum

295 2815 346 2880 eat,
364 2829 416 2868 nec
435 2813 524 2869 eidem
543 2812 693 2869 revelanda
711 2813 852 2870 censuerit
863 2812 1021 2867 huiusmodi
1035 2813 1146 2868 occulta
1158 2813 1298 2868 rationum
1315 2818 1473 2870 momenta:

294 2918 343 2976 ille
362 2919 503 2989 significet
527 2918 643 2975 secretis
666 2917 769 2974 litteris
789 2919 815 2973 S.
836 2919 869 2973 R„
890 2918 922 2972 E.
942 2918 1082 2974 cardinali
1103 2919 1249 2975 Praefecto
1273 2935 1324 2990 pro
1347 2924 1473 2990 tempore

294 3023 528 3094 congregationis
540 3023 668 3090 concilii,
681 3025 729 3095 qui
749 3041 799 3080 nec
819 3024 936 3080 consilio
949 3041 1001 3080 nec
1014 3025 1183 3082 auctoritate
1194 3025 1292 3092 deerit,
1308 3043 1363 3098 quo
1381 3025 1474 3081 minus

295 3133 419 3188 aiudice
438 3130 636 3203 appellationis
653 3133 762 3189 debitus
781 3134 908 3189 iustitiae
926 3133 1007 3189 locus
1025 3135 1177 3190 tribuatur.

384 3258 400 3294 a
414 3245 431 3306 ἓ
452 3241 491 3295 17.
511 3241 663 3298 Praeterea
674 3243 741 3314 quia
752 3243 888 3314 aequitati
902 3244 989 3300 etiam
1002 3244 1141 3312 convenit,
1155 3260 1254 3299 causas
1266 3243 1472 3315 appellationis,

294 3366 365 3422 quae
384 3365 486 3419 magno
505 3349 679 3420 litigantium
692 3351 836 3422 dispendIc
854 3356 884 3408 et
902 3351 1046 3409 Ecclesiae
1060 3353 1183 3423 pernicie
1196 3352 1369 3410 immortales
1386 3371 1472 3426 quan·

294 3456 384 3526 doque
403 3455 536 3522 existunt,
550 3460 658 3527 quanta
670 3457 730 3512 fieri
744 3461 837 3528 potest
849 3458 989 3513 brevitate
1001 3458 1159 3512 terminari:
1176 3458 1279 3513 idcirco
1291 3460 1339 3515 ubi
1353 3478 1371 3514 a
1382 3461 1473 3515 iudice

295 3561 491 3634 appellationis
515 3562 574 3618 lata
599 3564 637 3618 sit
661 3566 817 3632 sententia,
840 3583 912 3637 quae
937 3566 1136 3637 praeelectioni
1160 3568 1252 3624 factae
1276 3570 1312 3623 ab
1336 3568 1473 3639 Episcopo

294 3669 407 3726 omnino
426 3669 463 3724 sit
481 3669 640 3731 conformis,
653 3669 748 3726 nullus
767 3675 863 3742 pateat
880 3689 969 3727 novae
988 3671 1171 3742 appellationi
1191 3673 1291 3739 aditus,
1312 3673 1361 3728 sed
1378 3678 1474 3730 auclo-

294 3777 379 3832 ritate
399 3777 438 3832 rei
458 3777 598 3834 iudicatae
617 3769 823 3835 controversiae
842 3780 907 3834 finis
930 3780 1099 3849 imponatur.
1119 3779 1167 3834 Sin
1186 3796 1256 3836 vero
1274 3782 1359 3836 iudex
1378 3783 1474 3852 appel·

294 3884 408 3939 lationis
427 3883 511 3941 aliter
529 3901 612 3956 quam
632 3885 794 3942 Ordinarius
813 3886 1053 3958 pronunciaverit,
1073 3886 1159 3942 liceat
1177 3887 1336 3958 praeelecto
1355 3889 1390 3944 ab
1409 3889 1475 3959 Epi-

294 4006 378 4062 scopo
401 3992 449 4064 qui
474 4009 559 4047 causa
583 3993 697 4061 cecidit,
719 3994 753 4049 ad
778 3994 865 4050 alium
890 3996 1010 4050 iudicem
1034 3993 1190 4066 appellare,
1217 3996 1337 4052 firmiter
1360 3998 1473 4053 interim

294 4103 403 4156 retenta
414 4097 584 4169 parochialia
597 4099 735 4156 ecclesiae
748 4103 928 4172 possessione.
943 4103 1065 4158 Tandem
1078 4106 1224 4174 postquam
1243 4103 1345 4159 tertius
1362 4122 1474 4177 quoque

188 4211 190 4216 ’
294 4203 378 4262 iudex
396 4207 563 4263 sententiam
582 4206 694 4275 dixerit,
713 4225 749 4264 ne
767 4213 862 4279 partes
881 4210 1085 4266 ultramodum
1111 4214 1263 4280 graventur
1282 4211 1426 4268 laboribus
1444 4217 1474 4268 et

294 4313 432 4383 expausis,
450 4315 615 4384 praesertim
641 4313 708 4386 quia
733 4317 828 4386 agitur
845 4317 880 4374 de
898 4335 966 4374 cura
990 4318 1162 4386 animarum,
1180 4317 1226 4374 cui
1248 4319 1411 4375 damnosum
1430 4325 1475 4376 est

295 4421 366 4484 certi
385 4419 504 4499 pastoris
517 4421 632 4482 destitui
650 4421 765 4481 solatio:
780 4423 804 4478 is
815 4422 973 4496 legitimum
987 4425 1125 4497 regendae
1137 4423 1270 4484 ecclesiae
1283 4425 1327 4480 ins
1339 4426 1474 4493 obtineat,
