3292 5109
468 298 512 343 na
537 296 676 345 runicus
700 295 967 343 aconusmsrrcrs
1239 276 1306 343 307
1424 256 1428 264 ¹

126 417 292 489 adnotant,
318 418 343 483 si
372 418 447 503 quid
470 420 503 483 in
527 419 759 505 supplicatione
788 418 974 503 reperiatur
996 422 1052 482 aut
1074 416 1114 481 ad
1138 419 1307 483 veritatem

127 543 197 607 sive
212 542 297 625 facti
312 544 381 608 sive
396 542 483 609 iuris
505 549 561 610 aut
583 542 623 607 ad
647 542 767 628 stylum
789 541 941 607 Datariae
963 560 1028 605 non
1052 547 1211 606 exactum.

221 665 452 751 Supplicationi
470 686 490 729 a
507 668 595 752 Papa
612 668 757 751 signatae
776 665 935 749 officialis
949 664 1113 731 detortum
1131 663 1313 750 apponebat

129 788 238 854 damin
267 810 349 875 quae
371 810 484 873 parvo
514 788 682 855 dicebatur
705 794 739 855 ut
766 789 1020 874 distingueretur
1042 809 1063 853 a
1086 788 1161 855 data
1182 806 1312 875 magna

130 910 205 977 dein
229 913 420 1000 apponenda
443 934 462 977 a
486 914 617 979 Datario
647 932 745 998 quum
768 915 832 978 iam
857 914 1047 999 supplicatio
1077 913 1240 999 supposita
1263 917 1312 977 est

132 1037 296 1123 legitimae
317 1043 415 1103 laxae
438 1038 522 1125 apud
545 1041 708 1105 Datariam
740 1040 918 1106 solvendae
940 1040 999 1106 sub
1022 1042 1152 1105 nomine
1174 1058 1311 1122 compo-

132 1162 289 1247 nendae5
312 1163 389 1228 hinc
416 1165 502 1229 inter
526 1162 692 1231 Oifioiales
715 1170 907 1231 recensetur
931 1165 1182 1231 Administrator
1205 1165 1312 1231 Gene-

135 1290 212 1355 ralis
236 1290 539 1375 componendarum.
566 1290 627 1357 Sed
644 1312 685 1357 ex
702 1311 787 1357 noua
803 1292 1034 1357 reformatione
1057 1312 1249 1378 suppressus
1264 1297 1313 1357 est

137 1414 297 1499 officiatis
327 1414 489 1481 datarum
513 1419 643 1502 eiusque
667 1417 849 1482 functiones
877 1416 1050 1483 attributae
1072 1422 1148 1483 sunt
1171 1414 1313 1484 Officiali

135 1536 380 1607 beneficialium.

226 1663 264 1725 ln
288 1681 409 1747 genere
434 1661 631 1734 advertatur,
656 1661 744 1727 hunc
767 1682 891 1727 morem
917 1661 1132 1729 conservandi
1155 1663 1314 1730 matrices

136 1804 233 1851 manu
258 1785 365 1870 Papae
387 1786 529 1871 signatas
553 1786 587 1849 in
609 1785 764 1851 archiviis
794 1788 863 1851 sive
893 1786 1044 1850 Datariae
1071 1788 1139 1851 sive
1162 1783 1314 1851 Secreta·
1360 1863 1363 1867 A

138 1911 206 1973 riae
231 1909 401 1983 Brevium,
428 1916 460 1974 et
484 1910 675 1994 expediendi
700 1910 827 1975 litteras
848 1910 916 1974 sive
940 1908 998 1975 sub
1022 1909 1127 1995 sigillo
1145 1909 1316 1993 plumbeo,

138 2034 205 2097 sive
238 2033 295 2098 sub
319 2034 425 2119 sigillo
449 2052 545 2100 cereo
569 2034 693 2121 signato
717 2032 757 2098 ab
781 2033 902 2098 annulo
927 2033 1117 2106 Piscatoris,
1141 2032 1316 2098 invaluisse

138 2160 170 2223 in
193 2160 285 2223 curia
307 2158 365 2224 sub
388 2159 518 2224 saeculo
542 2176 604 2225 xiv
627 2156 752 2242 quando
779 2158 925 2243 Regulae
949 2158 1172 2231 Cancellariae
1195 2157 1316 2222 consti·

139 2288 227 2348 tutae
251 2288 341 2357 sunt;
367 2283 408 2349 cf.
433 2283 644 2367 van-Espen
670 2284 730 2349 Ius
752 2284 829 2348 eccl.
854 2284 947 2349 univ.
972 2283 1012 2348 P.
1029 2282 1052 2347 I
1069 2282 1132 2347 Tit.
1147 2281 1207 2347 23.
1226 2281 1318 2349 Unde

140 2408 167 2471 si
191 2407 304 2471 Bullae
334 2407 387 2472 vel
420 2408 538 2471 Brevia
569 2404 788 2493 deperduntur
810 2411 866 2472 aut
892 2412 1152 2494 corrumpantur,
1177 2407 1229 2472 vel
1253 2428 1318 2473 non

142 2530 327 2596 authentica
358 2550 429 2595 esse
459 2529 623 2615 probetur,
648 2550 801 2595 recursus
833 2536 922 2615 patet
944 2528 983 2595 ad
1010 2531 1157 2596 archivia
1187 2530 1240 2597 ubi
1269 2551 1320 2597 as·

141 2660 315 2723 servantur
330 2656 498 2721 matrices.
515 2656 625 2730 Quare
648 2655 744 2721 hodie
761 2658 858 2721 etiam
876 2656 988 2721 Bullae
1004 2676 1086 2741 quae
1105 2656 1320 2742 expediuntur

143 2802 201 2868 pro
224 2782 362 2867 negotiis
387 2780 679 2855 Concistorialibus,
703 2780 898 2846 subaudiunt
919 2782 1077 2848 matrices
1099 2801 1197 2847 manu
1211 2778 1319 2866 Papae
1442 2842 1448 2853 ,

142 2912 296 2996 signatas,
322 2910 354 2973 in
378 2908 563 2975 Secretaria
587 2904 739 2974 Brevium
763 2907 985 2974 asservandas.

233 3034 309 3102 259.
335 3033 530 3119 Supplicatio
554 3037 719 3118 postquam
744 3053 763 3097 a
788 3034 877 3118 Papa
907 3035 1033 3119 signata
1060 3038 1093 3099 et
1123 3033 1185 3097 iam
1214 3030 1322 3097 datata

145 3158 308 3243 supposita
324 3156 384 3221 fuit
400 3157 541 3219 examini
566 3154 701 3220 duorum
719 3155 912 3220 Revisorum
927 3160 961 3221 et
975 3154 1101 3221 debitae
1124 3159 1233 3229 taxae,
1257 3154 1321 3217 iam

145 3288 260 3370 parata
290 3288 339 3348 est
370 3288 404 3347 ut
438 3282 587 3347 tradatur
609 3281 831 3348 cancellariae
853 3286 910 3345 aut
937 3278 1054 3346 Officio
1078 3280 1231 3345 Brevium
1263 3297 1323 3362 pro

147 3404 249 3470 Bullis
273 3404 453 3488 respective
478 3400 686 3487 expediendis
709 3406 765 3467 aut
788 3399 963 3475 Brevibus;
987 3398 1043 3465 sed
1062 3404 1159 3463 antea
1174 3398 1324 3463 Datarius

146 3526 279 3611 apponit
307 3519 421 3589 'datam
454 3541 620 3610 magnam
654 3523 743 3607 quasi
779 3518 974 3586 definitivam
1003 3526 1036 3585 et
1068 3518 1143 3585 dein
1167 3516 1324 3586 Officialis

148 3652 426 3737 Registratorum,
451 3648 555 3713 dictus
581 3646 739 3733 Magister
762 3647 1021 3732 Registratorum
1050 3645 1191 3709 insinuat
1213 3645 1247 3709 in
1270 3664 1323 3708 re·

148 3778 240 3859 gesta
265 3773 417 3837 Datariae
447 3792 504 3835 seu
534 3768 694 3855 registrat
717 3770 981 3854 supplicationem
1004 3786 1087 3851 quae
1110 3766 1228 3833 exinde
1251 3785 1325 3832 con·

147 3900 230 3965 tinet
253 3897 390 3982 gratiam
408 3896 471 3959 iam
488 3914 684 3960 concessam.
709 3889 853 3958 Effectus
877 3892 971 3957 huius
989 3891 1236 3977 Registrationis
1251 3895 1327 3956 sunt

149 4022 296 4087 maximi.
312 4018 467 4106 ponderis
499 4021 591 4084 iuxta
622 4017 763 4104 Regulus
786 4016 1027 4091 cancellariam
1050 4020 1084 4081 et
1106 4036 1176 4082 rem
1198 4016 1244 4083 ita
1266 4035 1325 4086 ex-

150 4151 248 4235 plicat
271 4149 318 4214 De
341 4136 438 4221 Luca,
463 4166 517 4230 op.
542 4148 606 4222 cit,
631 4144 719 4211 Disc.
745 4144 809 4219 cit,
833 4164 867 4209 a.
888 4143 939 4210 25
947 4163 958 4208 :
984 4144 1087 4207 ‹Per
1109 4142 1196 4208 hunc
1218 4147 1326 4207 autem

150 4272 389 4359 registrationis
412 4274 527 4344 actum,
553 4269 642 4353 sequi
665 4266 782 4333 dicitur
805 4264 988 4331 omnimoda
1010 4264 1135 4351 gratiae
1157 4264 1326 4350 perfectio,

152 4396 231 4463 adeo
255 4400 301 4471 ut,
324 4394 378 4462 ias
401 4393 591 4481 quaesitum
614 4392 750 4459 dicatur
771 4390 888 4478 pratia
909 4409 975 4454 non
998 4394 1105 4456 autem
1128 4390 1229 4477 prius,
1253 4388 1330 4455 dum
