3292 5109
455 334 498 380 DE
525 334 662 381 lUchilS
687 332 953 381 EGGLESIASTICIS
1249 314 1294 383 97

204 452 260 519 94.
287 454 392 519 Porro
408 455 440 519 iu
456 456 599 542 singulas
623 456 908 541 congregationes,
930 457 969 521 de
992 458 1107 542 quibus
1130 457 1223 522 modo
1247 466 1298 525 est

125 597 236 658 sermo,
261 578 434 644 nonnullos
454 578 642 645 cardinales
661 580 786 645 invexit
810 580 967 646 SixtusV
992 582 1099 646 Const.
1125 582 1298 650 Immensae

126 703 208 767 bisce
232 701 356 769 verbis:
383 724 400 767 s
423 703 625 771 Pontificium
649 706 713 771 hoc
736 724 818 770 onus
849 706 1005 791 angelicis
1035 707 1132 793 plana
1155 689 1299 773 humeris

127 829 357 895 formidandum
382 831 466 895 inter
482 831 657 900 Senatores
680 831 767 896 orbis
790 836 911 904 terrae,
936 831 1059 897 fratres
1081 839 1209 899 nostros
1225 834 1300 899 car·

126 952 260 1025 dinales,
285 956 361 1037 apta
384 952 519 1037 quadam
542 953 786 1036 distributione,
810 974 871 1040 pro
895 961 1075 1041 temporum
1100 956 1299 1029 conditione,

127 1082 325 1167 negotiorum
360 1078 563 1145 multitudine
586 1084 618 1147 et
641 1080 800 1145 varietate
829 1082 960 1165 ipsaque
988 1080 1133 1147 utilitatis
1160 1085 1301 1167 ratione,

126 1205 298 1290 salubriter
332 1206 448 1290 partiri
482 1205 735 1271 decrevimus».
765 1206 857 1281 Quod
885 1228 1000 1272 munus
1024 1206 1246 1275 cardinalibus
1269 1212 1302 1273 iu

130 1332 156 1398 S.
172 1331 485 1417 Congregationibus
499 1330 689 1397 attributum
714 1331 809 1397 bodie
826 1338 892 1398 tam
908 1337 1075 1421 proprium
1091 1334 1219 1400 videtur
1235 1355 1303 1400 car-

130 1457 289 1523 dinalitiae
309 1456 483 1541 dignitatis,
501 1460 535 1520 ut
557 1456 656 1520 semel
681 1475 721 1522 ac
745 1458 776 1519 iu
802 1458 993 1523 consistorio
1013 1460 1248 1524 renunciantur
1271 1465 1305 1525 et

130 1577 331 1660 publicantur
355 1576 552 1647 cardinales,
577 1576 702 1643 soleant
726 1580 760 1641 in
785 1577 957 1643 nonnullas
981 1578 1012 1644 S.
1032 1580 1305 1664 congregationes

130 1704 282 1789 coopburi
300 1704 360 1767 etsi
377 1702 501 1767 Romae
517 1701 661 1768 residere
679 1723 743 1767 nou
763 1702 910 1769 debeant.
930 1740 948 1753 -
966 1706 1013 1770 De
1028 1706 1099 1770 aliis
1117 1704 1306 1773 officialibus

132 1824 440 1911 Congregationibus
463 1822 648 1888 addicendis
673 1823 757 1889 haec
781 1824 927 1890 decrevit
950 1826 1059 1891 Sixtus
1082 1828 1114 1892 V
1138 1830 1170 1892 in
1194 1828 1306 1893 eadem

133 1954 251 2019 const:
271 1972 289 2013 a
307 1948 422 2017 Itidem
446 1948 634 2015 cardinales
658 1949 817 2015 dictarum
842 1950 1136 2037 congregationum
1159 1955 1308 2039 proprios

133 2072 316 2159 singillatim
347 2070 489 2136 habeant
519 2070 775 2137 Secretarios.....
802 2078 835 2138 et
857 2072 898 2137 ad
924 2093 977 2138 res
1003 2080 1086 2157 quae
1110 2077 1142 2137 in
1166 2074 1234 2140 dies
1256 2097 1309 2162 ge·

134 2204 247 2263 runtur
270 2196 470 2261 annotandas
494 2201 526 2261 et
551 2197 584 2259 ln
608 2196 769 2283 publicam
794 2196 931 2260 formam
955 2199 982 2262 si
1005 2217 1084 2282 opus
1106 2198 1206 2265 luerit
1229 2200 1308 2265 redi·

134 2322 260 2407 geudas.
286 2323 329 2387 Et
345 2322 494 2404 quoniam
517 2319 632 2384 divinis
655 2318 795 2385 oraculis
818 2320 1030 2385 admonemur
1045 2320 1098 2385 ubi
1114 2323 1214 2388 multa
1236 2344 1310 2389 con·

135 2448 205 2511 silia
222 2446 262 2511 ibi
279 2446 416 2511 salutem
440 2444 561 2518 adesse,
587 2444 717 2509 eaedem
736 2444 1011 2529 congregationes
1013 2494 1064 2509 .....
1083 2447 1170 2511 viros
1190 2448 1311 2514 Sacrae

136 2568 339 2655 Theologiae,
358 2565 518 2634 Pontificii
542 2567 755 2650 caesareique
769 2567 856 2631 Iuris
879 2568 1000 2652 peritos
1016 2572 1048 2632 et
1064 2589 1173 2633 rerum
1197 2590 1312 2653 geren·

136 2695 248 2760 darum
264 2692 481 2779 usupollentes
494 2694 526 2756 in
542 2691 829 2757 consultationibus
844 2690 1004 2756 advocent
1016 2696 1112 2775 atque
1128 2692 1310 2766 adhibeant,

139 2826 180 2893 ut,
198 2822 311 2892 causis,
329 2816 567 2903 quaestionibus
582 2823 615 2883 et
638 2818 774 2902 negotiis
800 2838 895 2902 quam
919 2819 1037 2906 optime
1053 2818 1213 2899 discussis,
1229 2839 1313 2903 quae

141 2944 197 3007 Dei
212 2943 344 3029 gloriae,
362 2943 604 3024 animarumque
624 2941 718 3005 saluti
737 2947 769 3007 et
792 2942 934 3007 iustitiae
957 2948 1053 3026 atque
1072 2942 1225 3025 aequitati
1241 2962 1314 3006 con·

142 3072 293 3134 sentanea
322 3068 463 3132 nranime
494 3070 606 3142 erunt,
639 3065 872 3138 decernantur.
904 3066 1069 3153 grattera
1098 3086 1178 3133 vero
1209 3086 1313 3151 quae-

143 3209 282 3274 camque
305 3188 470 3273 (notentur
493 3188 606 3274 rerba)
633 3188 680 3253 ud
709 3187 780 3254 Nos
803 3194 833 3254 et
860 3207 1069 3255 success-ores
1098 3193 1231 3254 nostros
1262 3188 1315 3256 de-

141 3314 318 3397 serantur,
346 3320 385 3380 ut
414 3314 497 3399 quid
525 3314 712 3380 secondum
743 3314 853 3379 Deum
885 3314 1063 3396 expediat,
1087 3314 1171 3379 Eius
1200 3314 1316 3399 gratia

142 3438 336 3513 adiurante,
361 3442 596 3502 statuamus».
622 3472 640 3483 -
664 3435 773 3509 Quare
797 3434 1002 3500 decernitur:

276 3561 305 3649 l)
331 3562 521 3645 cuicumque
543 3560 795 3646 congregationi
818 3580 912 3624 suum
928 3560 1148 3626 secretarium
1170 3560 1316 3625 addicen-

143 3687 228 3757 duru,
241 3707 318 3753 esse.
345 3724 362 3735 -
388 3687 497 3753 Sixtus
515 3687 545 3753 V
561 3687 755 3751 decreverat
779 3685 980 3751 Secretarios
999 3708 1017 3748 a
1033 3685 1072 3750 ab
1090 3684 1209 3750 eisdem
1225 3682 1318 3770 (Car-

144 3812 309 3899 dioulibus)
333 3813 436 3878 libere
467 3812 664 3897 deputandos
689 3832 761 3876 esse
780 3834 810 3885 r,
838 3816 872 3879 at
893 3817 1005 3899 postea
1027 3832 1095 3876 mos
1118 3812 1258 3877 invaluit
1284 3817 1320 3877 ut

146 3940 315 4005 Secretarii
345 3960 365 4003 a
397 3940 486 4023 Papa
520 3938 768 4003 nominarentur
803 3957 865 4022 per
897 3936 1085 4001 schedulam
1116 3936 1320 4001 Secretariae

148 4060 259 4126 Status.
278 4096 294 4109 -
313 4062 492 4126 Praeterea
515 4080 690 4145 progressu
707 4059 872 4143 temporis,
889 4057 974 4123 mole
997 4058 1199 4143 negotiorum
1214 4060 1319 4131 aucta,

151 4186 208 4269 ipsi
231 4185 410 4251 secretario
434 4183 607 4257 adiutores,
633 4182 751 4266 aliique
775 4178 931 4246 officiales
954 4178 1084 4266 adiungi
1108 4184 1141 4245 et
1162 4178 1321 4265 assignari

151 4312 396 4375 consueverunt.

279 4433 312 4520 2)
338 4434 531 4499 Decernitur
554 4437 589 4497 ut
613 4450 833 4516 quaecumque
857 4428 1072 4516 congregatio
1096 4448 1171 4494 suos
1193 4426 1323 4495 consul·

292 4560 352 4613 Suc.
372 4558 450 4629 Lego
1162 4552 1181 4606 7
