<?xml version="1.0" encoding="UTF-8"?>
<!DOCTYPE html PUBLIC "-//W3C//DTD XHTML 1.0 Transitional//EN"
    "http://www.w3.org/TR/xhtml1/DTD/xhtml1-transitional.dtd">
<html xmlns="http://www.w3.org/1999/xhtml" xml:lang="en" lang="en">
 <head>
  <title>
</title>
<meta http-equiv="Content-Type" content="text/html;charset=utf-8" />
  <meta name='ocr-system' content='tesseract 3.04.00' />
  <meta name='ocr-capabilities' content='ocr_page ocr_carea ocr_par ocr_line ocrx_word'/>
</head>
<body>
  <div class='ocr_page' id='page_1' title='image "./praelectionesin03legagoog_0129.png"; bbox 0 0 3292 5109; ppageno 0'>
   <div class='ocr_carea' id='block_1_1' title="bbox 430 290 1270 361">
    <p class='ocr_par' dir='ltr' id='par_1_1' title="bbox 430 290 1270 361">
     <span class='ocr_line' id='line_1_1' title="bbox 430 290 1270 361; baseline -0.005 -2"><span class='ocrx_word' id='word_1_1' title='bbox 430 312 473 360; x_wconf 83' lang='lat' dir='ltr'>on</span> <span class='ocrx_word' id='word_1_2' title='bbox 498 312 637 361; x_wconf 81' lang='lat' dir='ltr'>ionicus</span> <span class='ocrx_word' id='word_1_3' title='bbox 661 310 926 359; x_wconf 79' lang='lat' dir='ltr'>accunsmsricrs</span> <span class='ocrx_word' id='word_1_4' title='bbox 1205 290 1270 356; x_wconf 77' lang='lat'>125</span> 
     </span>
    </p>
   </div>
   <div class='ocr_carea' id='block_1_2' title="bbox 105 431 1282 2391">
    <p class='ocr_par' dir='ltr' id='par_1_2' title="bbox 105 431 1282 2391">
     <span class='ocr_line' id='line_1_2' title="bbox 184 431 1282 520; baseline 0.004 -25"><span class='ocrx_word' id='word_1_5' title='bbox 184 432 255 495; x_wconf 93' lang='grc'>111.</span> <span class='ocrx_word' id='word_1_6' title='bbox 279 433 332 497; x_wconf 82' lang='lat' dir='ltr'>Ex</span> <span class='ocrx_word' id='word_1_7' title='bbox 355 434 547 520; x_wconf 87' lang='lat' dir='ltr'>primigenia</span> <span class='ocrx_word' id='word_1_8' title='bbox 578 434 713 499; x_wconf 86' lang='lat' dir='ltr'>istorum</span> <span class='ocrx_word' id='word_1_9' title='bbox 745 432 956 519; x_wconf 85' lang='lat' dir='ltr'>collegiorum</span> <span class='ocrx_word' id='word_1_10' title='bbox 981 436 1099 496; x_wconf 89' lang='lat' dir='ltr'>natura</span> <span class='ocrx_word' id='word_1_11' title='bbox 1121 431 1282 513; x_wconf 87' lang='lat' dir='ltr'>sequitur.</span> 
     </span>
     <span class='ocr_line' id='line_1_3' title="bbox 108 552 1267 639; baseline -0.003 -21"><span class='ocrx_word' id='word_1_12' title='bbox 108 553 206 639; x_wconf 72' lang='lat' dir='ltr'>regum</span> <span class='ocrx_word' id='word_1_13' title='bbox 217 556 308 619; x_wconf 87' lang='lat' dir='ltr'>iuxta</span> <span class='ocrx_word' id='word_1_14' title='bbox 324 574 417 639; x_wconf 88' lang='lat' dir='ltr'>quam</span> <span class='ocrx_word' id='word_1_15' title='bbox 435 555 605 623; x_wconf 86' lang='lat' dir='ltr'>ordinatur</span> <span class='ocrx_word' id='word_1_16' title='bbox 619 556 739 623; x_wconf 85' lang='lat' dir='ltr'>solutio</span> <span class='ocrx_word' id='word_1_17' title='bbox 756 574 989 639; x_wconf 64' lang='lat' dir='ltr'>expavescerem</span> <span class='ocrx_word' id='word_1_18' title='bbox 1004 552 1228 621; x_wconf 84' lang='lat' dir='ltr'>iudicialium.</span> <span class='ocrx_word' id='word_1_19' title='bbox 1247 586 1267 601; x_wconf 85' lang='lat'>-</span> 
     </span>
     <span class='ocr_line' id='line_1_4' title="bbox 107 677 1268 765; baseline -0.002 -22"><span class='ocrx_word' id='word_1_20' title='bbox 107 678 158 743; x_wconf 90' lang='lat' dir='ltr'>Suo</span> <span class='ocrx_word' id='word_1_21' title='bbox 172 677 250 751; x_wconf 81' lang='lat' dir='ltr'>loco,</span> <span class='ocrx_word' id='word_1_22' title='bbox 267 678 309 743; x_wconf 81' lang='lat' dir='ltr'>ct.</span> <span class='ocrx_word' id='word_1_23' title='bbox 326 679 390 743; x_wconf 90' lang='lat' dir='ltr'>vol.</span> <span class='ocrx_word' id='word_1_24' title='bbox 408 680 434 753; x_wconf 88' lang='lat'>1,</span> <span class='ocrx_word' id='word_1_25' title='bbox 451 699 482 743; x_wconf 91' lang='lat' dir='ltr'>n.</span> <span class='ocrx_word' id='word_1_26' title='bbox 500 678 576 752; x_wconf 85' lang='lat'>668,</span> <span class='ocrx_word' id='word_1_27' title='bbox 594 679 828 765; x_wconf 83' lang='lat' dir='ltr'>explicavimus</span> <span class='ocrx_word' id='word_1_28' title='bbox 844 679 1034 744; x_wconf 91' lang='lat' dir='ltr'>solutionem</span> <span class='ocrx_word' id='word_1_29' title='bbox 1051 697 1268 763; x_wconf 79' lang='lat' dir='ltr'>expensarum</span> 
     </span>
     <span class='ocr_line' id='line_1_5' title="bbox 107 803 1267 893; baseline -0.003 -22"><span class='ocrx_word' id='word_1_30' title='bbox 107 826 141 871; x_wconf 86' lang='lat' dir='ltr'>ex</span> <span class='ocrx_word' id='word_1_31' title='bbox 160 806 226 871; x_wconf 92' lang='lat' dir='ltr'>iure</span> <span class='ocrx_word' id='word_1_32' title='bbox 252 808 413 871; x_wconf 89' lang='lat' dir='ltr'>communi</span> <span class='ocrx_word' id='word_1_33' title='bbox 444 826 514 873; x_wconf 88' lang='lat' dir='ltr'>esse</span> <span class='ocrx_word' id='word_1_34' title='bbox 544 826 680 893; x_wconf 89' lang='lat' dir='ltr'>poenam</span> <span class='ocrx_word' id='word_1_35' title='bbox 705 812 829 872; x_wconf 87' lang='lat' dir='ltr'>temere</span> <span class='ocrx_word' id='word_1_36' title='bbox 852 806 1056 892; x_wconf 83' lang='lat' dir='ltr'>litigantium.</span> <span class='ocrx_word' id='word_1_37' title='bbox 1077 805 1158 869; x_wconf 91' lang='lat' dir='ltr'>-De</span> <span class='ocrx_word' id='word_1_38' title='bbox 1181 803 1267 889; x_wconf 88' lang='lat' dir='ltr'>stylo</span> 
     </span>
     <span class='ocr_line' id='line_1_6' title="bbox 108 932 1266 1020; baseline -0.002 -21"><span class='ocrx_word' id='word_1_39' title='bbox 108 934 216 1007; x_wconf 79' lang='lat' dir='ltr'>(iuriae,</span> <span class='ocrx_word' id='word_1_40' title='bbox 240 956 271 998; x_wconf 91' lang='lat' dir='ltr'>n.</span> <span class='ocrx_word' id='word_1_41' title='bbox 296 934 350 1015; x_wconf 87' lang='lat'>63,</span> <span class='ocrx_word' id='word_1_42' title='bbox 374 954 536 1020; x_wconf 79' lang='lat' dir='ltr'><strong>expensae</strong></span> <span class='ocrx_word' id='word_1_43' title='bbox 560 934 725 999; x_wconf 89' lang='lat' dir='ltr'>iudiciales</span> <span class='ocrx_word' id='word_1_44' title='bbox 749 952 768 997; x_wconf 91' lang='lat' dir='ltr'>a</span> <span class='ocrx_word' id='word_1_45' title='bbox 790 934 877 998; x_wconf 89' lang='lat' dir='ltr'>victo</span> <span class='ocrx_word' id='word_1_46' title='bbox 905 932 1111 998; x_wconf 86' lang='lat' dir='ltr'>sustinendae</span> <span class='ocrx_word' id='word_1_47' title='bbox 1138 937 1221 997; x_wconf 86' lang='lat' dir='ltr'>sunt</span> <span class='ocrx_word' id='word_1_48' title='bbox 1246 965 1266 980; x_wconf 91' lang='lat'><strong>·</strong></span> 
     </span>
     <span class='ocr_line' id='line_1_7' title="bbox 109 1059 1268 1148; baseline -0.004 -22"><span class='ocrx_word' id='word_1_49' title='bbox 109 1063 144 1126; x_wconf 81' lang='lat' dir='ltr'>lt</span> <span class='ocrx_word' id='word_1_50' title='bbox 170 1064 199 1126; x_wconf 92' lang='lat' dir='ltr'>in</span> <span class='ocrx_word' id='word_1_51' title='bbox 224 1060 545 1148; x_wconf 75' lang='lat' dir='ltr'>congregationibus,</span> <span class='ocrx_word' id='word_1_52' title='bbox 577 1061 651 1144; x_wconf 87' lang='lat' dir='ltr'>quia</span> <span class='ocrx_word' id='word_1_53' title='bbox 681 1061 849 1145; x_wconf 88' lang='lat' dir='ltr'>proprium</span> <span class='ocrx_word' id='word_1_54' title='bbox 878 1064 928 1124; x_wconf 91' lang='lat' dir='ltr'>est</span> <span class='ocrx_word' id='word_1_55' title='bbox 962 1059 1166 1141; x_wconf 75' lang='lat' dir='ltr'>quaestiones</span> <span class='ocrx_word' id='word_1_56' title='bbox 1188 1075 1268 1121; x_wconf 89' lang='lat' dir='ltr'>vere</span> 
     </span>
     <span class='ocr_line' id='line_1_8' title="bbox 109 1184 1267 1272; baseline -0.005 -19"><span class='ocrx_word' id='word_1_57' title='bbox 109 1190 304 1255; x_wconf 83' lang='lat' dir='ltr'>contentiosas</span> <span class='ocrx_word' id='word_1_58' title='bbox 327 1188 521 1254; x_wconf 90' lang='lat' dir='ltr'>iudicialiter</span> <span class='ocrx_word' id='word_1_59' title='bbox 545 1206 609 1251; x_wconf 89' lang='lat' dir='ltr'>non</span> <span class='ocrx_word' id='word_1_60' title='bbox 633 1190 769 1272; x_wconf 84' lang='lat' dir='ltr'>agitare,</span> <span class='ocrx_word' id='word_1_61' title='bbox 786 1186 864 1250; x_wconf 90' lang='lat' dir='ltr'>hino</span> <span class='ocrx_word' id='word_1_62' title='bbox 888 1204 957 1249; x_wconf 90' lang='lat' dir='ltr'>mos</span> <span class='ocrx_word' id='word_1_63' title='bbox 979 1184 1125 1257; x_wconf 89' lang='lat' dir='ltr'>invaluit,</span> <span class='ocrx_word' id='word_1_64' title='bbox 1150 1202 1267 1268; x_wconf 83' lang='lat' dir='ltr'>expen-</span> 
     </span>
     <span class='ocr_line' id='line_1_9' title="bbox 110 1309 1267 1393; baseline -0.003 -18"><span class='ocrx_word' id='word_1_65' title='bbox 110 1331 200 1376; x_wconf 87' lang='lat' dir='ltr'>sarum</span> <span class='ocrx_word' id='word_1_66' title='bbox 229 1312 397 1378; x_wconf 83' lang='lat' dir='ltr'>refectioni</span> <span class='ocrx_word' id='word_1_67' title='bbox 429 1332 493 1377; x_wconf 89' lang='lat' dir='ltr'>non</span> <span class='ocrx_word' id='word_1_68' title='bbox 517 1330 588 1377; x_wconf 90' lang='lat' dir='ltr'>esse</span> <span class='ocrx_word' id='word_1_69' title='bbox 610 1310 728 1383; x_wconf 91' lang='lat' dir='ltr'>locum,</span> <span class='ocrx_word' id='word_1_70' title='bbox 753 1309 809 1375; x_wconf 89' lang='lat' dir='ltr'>sed</span> <span class='ocrx_word' id='word_1_71' title='bbox 840 1309 909 1379; x_wconf 82' lang='lat' dir='ltr'>has.</span> <span class='ocrx_word' id='word_1_72' title='bbox 934 1314 1046 1393; x_wconf 91' lang='lat' dir='ltr'>suopte</span> <span class='ocrx_word' id='word_1_73' title='bbox 1073 1309 1154 1389; x_wconf 92' lang='lat' dir='ltr'>iure,</span> <span class='ocrx_word' id='word_1_74' title='bbox 1179 1326 1267 1374; x_wconf 91' lang='lat' dir='ltr'>com-</span> 
     </span>
     <span class='ocr_line' id='line_1_10' title="bbox 111 1432 1265 1521; baseline -0.005 -22"><span class='ocrx_word' id='word_1_75' title='bbox 111 1438 219 1519; x_wconf 87' lang='lat' dir='ltr'>pensari</span> <span class='ocrx_word' id='word_1_76' title='bbox 249 1437 336 1501; x_wconf 92' lang='lat' dir='ltr'>inter</span> <span class='ocrx_word' id='word_1_77' title='bbox 358 1440 476 1521; x_wconf 84' lang='lat' dir='ltr'>partes.</span> <span class='ocrx_word' id='word_1_78' title='bbox 509 1434 614 1510; x_wconf 87' lang='lat' dir='ltr'>Quum</span> <span class='ocrx_word' id='word_1_79' title='bbox 638 1454 718 1499; x_wconf 90' lang='lat' dir='ltr'>vero</span> <span class='ocrx_word' id='word_1_80' title='bbox 747 1432 922 1497; x_wconf 84' lang='lat' dir='ltr'>nonnullae</span> <span class='ocrx_word' id='word_1_81' title='bbox 945 1450 1063 1497; x_wconf 89' lang='lat' dir='ltr'>causae</span> <span class='ocrx_word' id='word_1_82' title='bbox 1086 1450 1164 1495; x_wconf 87' lang='lat' dir='ltr'>vere</span> <span class='ocrx_word' id='word_1_83' title='bbox 1188 1450 1265 1495; x_wconf 92' lang='lat' dir='ltr'>con-</span> 
     </span>
     <span class='ocr_line' id='line_1_11' title="bbox 110 1553 1266 1642; baseline -0.004 -20"><span class='ocrx_word' id='word_1_84' title='bbox 110 1561 246 1625; x_wconf 89' lang='lat' dir='ltr'>tentiosae</span> <span class='ocrx_word' id='word_1_85' title='bbox 261 1560 395 1625; x_wconf 88' lang='lat' dir='ltr'>tractari</span> <span class='ocrx_word' id='word_1_86' title='bbox 411 1560 587 1642; x_wconf 83' lang='lat' dir='ltr'>coeperint,</span> <span class='ocrx_word' id='word_1_87' title='bbox 604 1557 731 1641; x_wconf 89' lang='lat' dir='ltr'>aliquod</span> <span class='ocrx_word' id='word_1_88' title='bbox 748 1561 1038 1641; x_wconf 86' lang='lat' dir='ltr'>temperamentum</span> <span class='ocrx_word' id='word_1_89' title='bbox 1051 1553 1266 1619; x_wconf 89' lang='lat' dir='ltr'>adhibendum</span> 
     </span>
     <span class='ocr_line' id='line_1_12' title="bbox 110 1683 1269 1771; baseline -0.003 -20"><span class='ocrx_word' id='word_1_90' title='bbox 110 1692 229 1754; x_wconf 88' lang='lat' dir='ltr'>eratne</span> <span class='ocrx_word' id='word_1_91' title='bbox 255 1686 422 1753; x_wconf 85' lang='lat' dir='ltr'>fraudibus</span> <span class='ocrx_word' id='word_1_92' title='bbox 452 1688 637 1771; x_wconf 88' lang='lat' dir='ltr'>aperiretur</span> <span class='ocrx_word' id='word_1_93' title='bbox 667 1684 788 1759; x_wconf 89' lang='lat' dir='ltr'>aditus;</span> <span class='ocrx_word' id='word_1_94' title='bbox 821 1690 855 1749; x_wconf 92' lang='lat' dir='ltr'>et</span> <span class='ocrx_word' id='word_1_95' title='bbox 885 1684 962 1750; x_wconf 91' lang='lat' dir='ltr'>hinc</span> <span class='ocrx_word' id='word_1_96' title='bbox 985 1703 1028 1748; x_wconf 86' lang='lat' dir='ltr'>ex</span> <span class='ocrx_word' id='word_1_97' title='bbox 1051 1683 1104 1751; x_wconf 82' lang='lat' dir='ltr'>cil.</span> <span class='ocrx_word' id='word_1_98' title='bbox 1129 1684 1269 1748; x_wconf 87' lang='lat' dir='ltr'>Decreto</span> 
     </span>
     <span class='ocr_line' id='line_1_13' title="bbox 109 1804 1266 1895; baseline -0.003 -24"><span class='ocrx_word' id='word_1_99' title='bbox 109 1806 178 1872; x_wconf 92' lang='lat' dir='ltr'>edito</span> <span class='ocrx_word' id='word_1_100' title='bbox 202 1830 220 1872; x_wconf 92' lang='lat' dir='ltr'>a</span> <span class='ocrx_word' id='word_1_101' title='bbox 244 1809 274 1875; x_wconf 89' lang='lat' dir='ltr'>S.</span> <span class='ocrx_word' id='word_1_102' title='bbox 300 1809 398 1895; x_wconf 84' lang='lat' dir='ltr'>Oong.</span> <span class='ocrx_word' id='word_1_103' title='bbox 425 1808 568 1879; x_wconf 84' lang='lat' dir='ltr'>Concilii.</span> <span class='ocrx_word' id='word_1_104' title='bbox 597 1809 631 1871; x_wconf 90' lang='lat' dir='ltr'>in</span> <span class='ocrx_word' id='word_1_105' title='bbox 663 1808 768 1872; x_wconf 88' lang='lat' dir='ltr'>causis</span> <span class='ocrx_word' id='word_1_106' title='bbox 800 1804 1105 1885; x_wconf 88' lang='lat' dir='ltr'>matrimonialibus,</span> <span class='ocrx_word' id='word_1_107' title='bbox 1129 1804 1266 1869; x_wconf 90' lang='lat' dir='ltr'>alimen·</span> 
     </span>
     <span class='ocr_line' id='line_1_14' title="bbox 108 1930 1266 2018; baseline 0 -23"><span class='ocrx_word' id='word_1_108' title='bbox 108 1933 347 2018; x_wconf 79' lang='lat' dir='ltr'>mrum.sp01ii.</span> <span class='ocrx_word' id='word_1_109' title='bbox 377 1936 410 1998; x_wconf 91' lang='lat' dir='ltr'>in</span> <span class='ocrx_word' id='word_1_110' title='bbox 443 1936 547 2000; x_wconf 87' lang='lat' dir='ltr'>causis</span> <span class='ocrx_word' id='word_1_111' title='bbox 576 1931 865 1999; x_wconf 90' lang='lat' dir='ltr'>contumacialibus</span> <span class='ocrx_word' id='word_1_112' title='bbox 894 1938 927 1996; x_wconf 92' lang='lat' dir='ltr'>et</span> <span class='ocrx_word' id='word_1_113' title='bbox 957 1930 1180 2017; x_wconf 88' lang='lat' dir='ltr'>appellationis</span> <span class='ocrx_word' id='word_1_114' title='bbox 1208 1951 1266 1995; x_wconf 89' lang='lat' dir='ltr'>seu</span> 
     </span>
     <span class='ocr_line' id='line_1_15' title="bbox 107 2053 1268 2141; baseline 0 -21"><span class='ocrx_word' id='word_1_115' title='bbox 107 2076 198 2124; x_wconf 84' lang='grc'>00000</span> <span class='ocrx_word' id='word_1_116' title='bbox 219 2058 431 2128; x_wconf 80' lang='lat' dir='ltr'>Audientine,</span> <span class='ocrx_word' id='word_1_117' title='bbox 456 2076 497 2123; x_wconf 91' lang='lat' dir='ltr'>ne</span> <span class='ocrx_word' id='word_1_118' title='bbox 520 2057 561 2122; x_wconf 91' lang='lat' dir='ltr'>de</span> <span class='ocrx_word' id='word_1_119' title='bbox 584 2078 621 2122; x_wconf 88' lang='lat' dir='ltr'>re</span> <span class='ocrx_word' id='word_1_120' title='bbox 644 2058 724 2123; x_wconf 90' lang='lat' dir='ltr'>tanti</span> <span class='ocrx_word' id='word_1_121' title='bbox 752 2058 905 2121; x_wconf 87' lang='lat' dir='ltr'>momenti</span> <span class='ocrx_word' id='word_1_122' title='bbox 935 2053 991 2121; x_wconf 86' lang='lat' dir='ltr'>flat</span> <span class='ocrx_word' id='word_1_123' title='bbox 1013 2054 1054 2120; x_wconf 94' lang='lat' dir='ltr'>ab</span> <span class='ocrx_word' id='word_1_124' title='bbox 1077 2075 1142 2120; x_wconf 91' lang='lat' dir='ltr'>una</span> <span class='ocrx_word' id='word_1_125' title='bbox 1173 2061 1268 2141; x_wconf 89' lang='lat' dir='ltr'>parte</span> 
     </span>
     <span class='ocr_line' id='line_1_16' title="bbox 105 2154 1266 2267; baseline 0.001 -25"><span class='ocrx_word' id='word_1_126' title='bbox 105 2179 185 2244; x_wconf 91' lang='lat' dir='ltr'>alteri</span> <span class='ocrx_word' id='word_1_127' title='bbox 214 2181 461 2267; x_wconf 81' lang='lat' dir='ltr'>praeiudicium.</span> <span class='ocrx_word' id='word_1_128' title='bbox 491 2154 677 2247; x_wconf 89' lang='lat' dir='ltr'>decernitur</span> <span class='ocrx_word' id='word_1_129' title='bbox 710 2182 920 2246; x_wconf 85' lang='lat' dir='ltr'>refectionem</span> <span class='ocrx_word' id='word_1_130' title='bbox 950 2198 1187 2265; x_wconf 81' lang='lat' dir='ltr'>expensarum,</span> <span class='ocrx_word' id='word_1_131' title='bbox 1212 2179 1266 2243; x_wconf 90' lang='lat' dir='ltr'>vel</span> 
     </span>
     <span class='ocr_line' id='line_1_17' title="bbox 105 2304 1267 2391; baseline 0.002 -24"><span class='ocrx_word' id='word_1_132' title='bbox 105 2309 337 2388; x_wconf 85' lang='lat' dir='ltr'>praestationem</span> <span class='ocrx_word' id='word_1_133' title='bbox 373 2326 498 2391; x_wconf 87' lang='lat' dir='ltr'>quoque</span> <span class='ocrx_word' id='word_1_134' title='bbox 529 2307 754 2372; x_wconf 88' lang='lat' dir='ltr'>alimentorum</span> <span class='ocrx_word' id='word_1_135' title='bbox 784 2304 824 2368; x_wconf 93' lang='lat' dir='ltr'>ab</span> <span class='ocrx_word' id='word_1_136' title='bbox 857 2324 895 2368; x_wconf 89' lang='lat' dir='ltr'>eo</span> <span class='ocrx_word' id='word_1_137' title='bbox 926 2304 1144 2370; x_wconf 89' lang='lat' dir='ltr'>sustinendam</span> <span class='ocrx_word' id='word_1_138' title='bbox 1177 2324 1267 2386; x_wconf 89' lang='lat' dir='ltr'>esse,</span> 
     </span>
    </p>
   </div>
   <div class='ocr_carea' id='block_1_3' title="bbox 106 2396 1145 2514">
    <p class='ocr_par' dir='ltr' id='par_1_3' title="bbox 106 2396 1145 2514">
     <span class='ocr_line' id='line_1_18' title="bbox 106 2396 1145 2514; baseline -0.002 -23"><span class='ocrx_word' id='word_1_139' title='bbox 106 2428 149 2508; x_wconf 89' lang='lat' dir='ltr'>qui</span> <span class='ocrx_word' id='word_1_140' title='bbox 171 2448 225 2512; x_wconf 87' lang='lat' dir='ltr'>per</span> <span class='ocrx_word' id='word_1_141' title='bbox 247 2429 394 2494; x_wconf 84' lang='lat' dir='ltr'>fraudem</span> <span class='ocrx_word' id='word_1_142' title='bbox 419 2428 535 2494; x_wconf 88' lang='lat' dir='ltr'>iudicio</span> <span class='ocrx_word' id='word_1_143' title='bbox 558 2429 655 2493; x_wconf 90' lang='lat' dir='ltr'>alium</span> <span class='ocrx_word' id='word_1_144' title='bbox 680 2428 833 2514; x_wconf 83' lang='lat' dir='ltr'>fatigasse</span> <span class='ocrx_word' id='word_1_145' title='bbox 857 2429 1074 2512; x_wconf 89' lang='lat' dir='ltr'>praesumitur</span> <span class='ocrx_word' id='word_1_146' title='bbox 1087 2396 1145 2513; x_wconf 64' lang='lat'>&#39;(1).</span> 
     </span>
    </p>
   </div>
   <div class='ocr_carea' id='block_1_4' title="bbox 106 2550 1269 3758">
    <p class='ocr_par' dir='ltr' id='par_1_4' title="bbox 106 2550 1269 3505">
     <span class='ocr_line' id='line_1_19' title="bbox 184 2550 1268 2637; baseline 0.001 -23"><span class='ocrx_word' id='word_1_147' title='bbox 184 2550 251 2615; x_wconf 82' lang='lat'>112.</span> <span class='ocrx_word' id='word_1_148' title='bbox 278 2551 392 2626; x_wconf 84' lang='lat' dir='ltr'>Quoad</span> <span class='ocrx_word' id='word_1_149' title='bbox 414 2552 555 2637; x_wconf 89' lang='lat' dir='ltr'>speciale</span> <span class='ocrx_word' id='word_1_150' title='bbox 579 2570 693 2615; x_wconf 90' lang='lat' dir='ltr'>munus</span> <span class='ocrx_word' id='word_1_151' title='bbox 718 2551 875 2621; x_wconf 88' lang='lat' dir='ltr'>advocati,</span> <span class='ocrx_word' id='word_1_152' title='bbox 893 2552 1124 2636; x_wconf 83' lang='lat' dir='ltr'>procuratoris,</span> <span class='ocrx_word' id='word_1_153' title='bbox 1141 2552 1268 2635; x_wconf 88' lang='lat' dir='ltr'>agentis</span> 
     </span>
     <span class='ocr_line' id='line_1_20' title="bbox 106 2674 1266 2761; baseline 0 -26"><span class='ocrx_word' id='word_1_154' title='bbox 106 2674 132 2736; x_wconf 90' lang='lat' dir='ltr'>in</span> <span class='ocrx_word' id='word_1_155' title='bbox 153 2678 244 2747; x_wconf 81' lang='lat' dir='ltr'>curia,</span> <span class='ocrx_word' id='word_1_156' title='bbox 266 2696 457 2741; x_wconf 84' lang='lat' dir='ltr'>revocamus</span> <span class='ocrx_word' id='word_1_157' title='bbox 481 2675 611 2761; x_wconf 87' lang='lat' dir='ltr'>regulas</span> <span class='ocrx_word' id='word_1_158' title='bbox 635 2675 696 2740; x_wconf 91' lang='lat' dir='ltr'>hac</span> <span class='ocrx_word' id='word_1_159' title='bbox 720 2675 759 2738; x_wconf 90' lang='lat' dir='ltr'>de</span> <span class='ocrx_word' id='word_1_160' title='bbox 782 2695 817 2739; x_wconf 88' lang='lat' dir='ltr'>re</span> <span class='ocrx_word' id='word_1_161' title='bbox 841 2678 904 2740; x_wconf 92' lang='lat' dir='ltr'>iam</span> <span class='ocrx_word' id='word_1_162' title='bbox 929 2676 1114 2761; x_wconf 83' lang='lat' dir='ltr'>explicatas.</span> <span class='ocrx_word' id='word_1_163' title='bbox 1133 2676 1266 2759; x_wconf 88' lang='lat' dir='ltr'>Inpro-</span> 
     </span>
     <span class='ocr_line' id='line_1_21' title="bbox 106 2800 1269 2886; baseline 0 -23"><span class='ocrx_word' id='word_1_164' title='bbox 106 2801 226 2881; x_wconf 90' lang='lat' dir='ltr'>positum</span> <span class='ocrx_word' id='word_1_165' title='bbox 249 2802 421 2867; x_wconf 89' lang='lat' dir='ltr'>recolimus</span> <span class='ocrx_word' id='word_1_166' title='bbox 450 2822 567 2866; x_wconf 88' lang='lat' dir='ltr'>recens</span> <span class='ocrx_word' id='word_1_167' title='bbox 599 2802 764 2865; x_wconf 89' lang='lat' dir='ltr'>decretum</span> <span class='ocrx_word' id='word_1_168' title='bbox 788 2801 818 2867; x_wconf 90' lang='lat' dir='ltr'>S.</span> <span class='ocrx_word' id='word_1_169' title='bbox 845 2800 944 2886; x_wconf 87' lang='lat' dir='ltr'>Cong.</span> <span class='ocrx_word' id='word_1_170' title='bbox 970 2801 1100 2864; x_wconf 84' lang='lat' dir='ltr'>Rituum</span> <span class='ocrx_word' id='word_1_171' title='bbox 1132 2800 1200 2865; x_wconf 84' lang='lat' dir='ltr'>diei</span> <span class='ocrx_word' id='word_1_172' title='bbox 1222 2800 1269 2863; x_wconf 73' lang='lat'>12</span> 
     </span>
     <span class='ocr_line' id='line_1_22' title="bbox 106 2924 1266 3011; baseline 0.003 -26"><span class='ocrx_word' id='word_1_173' title='bbox 106 2924 297 3009; x_wconf 65' lang='lat' dir='ltr'>iltoii1897‚</span> <span class='ocrx_word' id='word_1_174' title='bbox 322 2947 384 3011; x_wconf 90' lang='lat' dir='ltr'>quo</span> <span class='ocrx_word' id='word_1_175' title='bbox 408 2927 538 2992; x_wconf 90' lang='lat' dir='ltr'>decreto</span> <span class='ocrx_word' id='word_1_176' title='bbox 562 2928 713 2992; x_wconf 75' lang='grc'>10001100</span> <span class='ocrx_word' id='word_1_177' title='bbox 736 2926 922 2991; x_wconf 90' lang='lat' dir='ltr'>dividuntur</span> <span class='ocrx_word' id='word_1_178' title='bbox 946 2924 1051 2991; x_wconf 90' lang='lat' dir='ltr'>officia</span> <span class='ocrx_word' id='word_1_179' title='bbox 1074 2932 1106 2991; x_wconf 89' lang='lat' dir='ltr'>et</span> <span class='ocrx_word' id='word_1_180' title='bbox 1129 2925 1266 2991; x_wconf 86' lang='lat' dir='ltr'>attribu·</span> 
     </span>
     <span class='ocr_line' id='line_1_23' title="bbox 106 3049 1268 3134; baseline 0.003 -25"><span class='ocrx_word' id='word_1_181' title='bbox 106 3049 204 3121; x_wconf 87' lang='lat' dir='ltr'>tiones,</span> <span class='ocrx_word' id='word_1_182' title='bbox 227 3070 308 3134; x_wconf 92' lang='lat' dir='ltr'>quae</span> <span class='ocrx_word' id='word_1_183' title='bbox 329 3050 499 3133; x_wconf 82' lang='lat' dir='ltr'>privative</span> <span class='ocrx_word' id='word_1_184' title='bbox 525 3049 690 3115; x_wconf 90' lang='lat' dir='ltr'>advocatis</span> <span class='ocrx_word' id='word_1_185' title='bbox 717 3054 773 3114; x_wconf 89' lang='lat' dir='ltr'>aut</span> <span class='ocrx_word' id='word_1_186' title='bbox 796 3049 1061 3134; x_wconf 90' lang='lat' dir='ltr'>procuratoribus</span> <span class='ocrx_word' id='word_1_187' title='bbox 1085 3050 1268 3133; x_wconf 87' lang='lat' dir='ltr'>respective</span> 
     </span>
     <span class='ocr_line' id='line_1_24' title="bbox 107 3172 1266 3259; baseline 0.004 -26"><span class='ocrx_word' id='word_1_188' title='bbox 107 3179 284 3258; x_wconf 90' lang='lat' dir='ltr'>competunt;</span> <span class='ocrx_word' id='word_1_189' title='bbox 310 3175 416 3259; x_wconf 91' lang='lat' dir='ltr'>prouti</span> <span class='ocrx_word' id='word_1_190' title='bbox 434 3172 668 3239; x_wconf 88' lang='lat' dir='ltr'>distinctionem</span> <span class='ocrx_word' id='word_1_191' title='bbox 701 3174 786 3239; x_wconf 92' lang='lat' dir='ltr'>inter</span> <span class='ocrx_word' id='word_1_192' title='bbox 810 3192 908 3238; x_wconf 91' lang='lat' dir='ltr'>unum</span> <span class='ocrx_word' id='word_1_193' title='bbox 931 3178 964 3237; x_wconf 94' lang='lat' dir='ltr'>et</span> <span class='ocrx_word' id='word_1_194' title='bbox 987 3174 1125 3237; x_wconf 88' lang='lat' dir='ltr'>alterum</span> <span class='ocrx_word' id='word_1_195' title='bbox 1150 3194 1266 3238; x_wconf 88' lang='lat' dir='ltr'>munus</span> 
     </span>
     <span class='ocr_line' id='line_1_25' title="bbox 106 3297 1265 3371; baseline 0.002 -13"><span class='ocrx_word' id='word_1_196' title='bbox 106 3297 331 3365; x_wconf 89' lang='lat' dir='ltr'>inculcaverant</span> <span class='ocrx_word' id='word_1_197' title='bbox 361 3300 500 3367; x_wconf 88' lang='lat' dir='ltr'>Decreta</span> <span class='ocrx_word' id='word_1_198' title='bbox 536 3300 716 3366; x_wconf 90' lang='lat' dir='ltr'>Innocentii</span> <span class='ocrx_word' id='word_1_199' title='bbox 747 3299 815 3371; x_wconf 88' lang='lat' dir='ltr'>Xl,</span> <span class='ocrx_word' id='word_1_200' title='bbox 850 3297 1023 3364; x_wconf 82' lang='lat' dir='ltr'>Clementis</span> <span class='ocrx_word' id='word_1_201' title='bbox 1054 3297 1148 3371; x_wconf 85' lang='lat' dir='ltr'>XIV,</span> <span class='ocrx_word' id='word_1_202' title='bbox 1182 3298 1265 3363; x_wconf 89' lang='lat' dir='ltr'>Gre-</span> 
     </span>
     <span class='ocr_line' id='line_1_26' title="bbox 106 3423 286 3505; baseline 0.017 -21"><span class='ocrx_word' id='word_1_203' title='bbox 106 3423 176 3504; x_wconf 83' lang='lat' dir='ltr'>gorii</span> <span class='ocrx_word' id='word_1_204' title='bbox 191 3425 286 3505; x_wconf 84' lang='lat' dir='ltr'>XVI.</span> 
     </span>
    </p>

    <p class='ocr_par' dir='ltr' id='par_1_5' title="bbox 107 3543 1267 3758">
     <span class='ocr_line' id='line_1_27' title="bbox 182 3543 1266 3631; baseline 0.001 -25"><span class='ocrx_word' id='word_1_205' title='bbox 182 3545 301 3611; x_wconf 90' lang='lat' dir='ltr'>Verum</span> <span class='ocrx_word' id='word_1_206' title='bbox 318 3545 404 3631; x_wconf 89' lang='lat' dir='ltr'>apud</span> <span class='ocrx_word' id='word_1_207' title='bbox 419 3545 499 3610; x_wconf 90' lang='lat' dir='ltr'>alias</span> <span class='ocrx_word' id='word_1_208' title='bbox 513 3546 788 3631; x_wconf 75' lang='lat' dir='ltr'>congregationes</span> <span class='ocrx_word' id='word_1_209' title='bbox 804 3543 984 3609; x_wconf 90' lang='lat' dir='ltr'>huiusmodi</span> <span class='ocrx_word' id='word_1_210' title='bbox 1001 3544 1164 3609; x_wconf 89' lang='lat' dir='ltr'>distinctio</span> <span class='ocrx_word' id='word_1_211' title='bbox 1180 3546 1266 3609; x_wconf 87' lang='lat' dir='ltr'>inter</span> 
     </span>
     <span class='ocr_line' id='line_1_28' title="bbox 107 3667 1267 3758; baseline 0.005 -29"><span class='ocrx_word' id='word_1_212' title='bbox 107 3667 283 3737; x_wconf 79' lang='lat' dir='ltr'>advocatum¹</span> <span class='ocrx_word' id='word_1_213' title='bbox 302 3678 335 3738; x_wconf 88' lang='lat' dir='ltr'>et</span> <span class='ocrx_word' id='word_1_214' title='bbox 357 3677 603 3758; x_wconf 88' lang='lat' dir='ltr'>procuratorem</span> <span class='ocrx_word' id='word_1_215' title='bbox 634 3673 781 3757; x_wconf 81' lang='lat' dir='ltr'>rigorose</span> <span class='ocrx_word' id='word_1_216' title='bbox 808 3692 874 3736; x_wconf 91' lang='lat' dir='ltr'>non</span> <span class='ocrx_word' id='word_1_217' title='bbox 905 3671 1091 3739; x_wconf 89' lang='lat' dir='ltr'>attenditur.</span> <span class='ocrx_word' id='word_1_218' title='bbox 1121 3672 1267 3754; x_wconf 90' lang='lat' dir='ltr'>Namque</span> 
     </span>
    </p>
   </div>
   <div class='ocr_carea' id='block_1_5' title="bbox 110 3896 1267 4497">
    <p class='ocr_par' dir='ltr' id='par_1_6' title="bbox 110 3896 1267 4497">
     <span class='ocr_line' id='line_1_29' title="bbox 183 3896 1267 3969; baseline -0.002 -18"><span class='ocrx_word' id='word_1_219' title='bbox 183 3896 219 3969; x_wconf 82' lang='lat' dir='ltr'>(l)</span> <span class='ocrx_word' id='word_1_220' title='bbox 237 3900 424 3954; x_wconf 88' lang='lat' dir='ltr'>Nihilominus</span> <span class='ocrx_word' id='word_1_221' title='bbox 444 3900 518 3953; x_wconf 86' lang='lat' dir='ltr'>inter</span> <span class='ocrx_word' id='word_1_222' title='bbox 536 3899 689 3954; x_wconf 84' lang='lat' dir='ltr'>decisiones</span> <span class='ocrx_word' id='word_1_223' title='bbox 709 3899 797 3953; x_wconf 87' lang='lat' dir='ltr'>editas</span> <span class='ocrx_word' id='word_1_224' title='bbox 816 3899 990 3967; x_wconf 89' lang='lat' dir='ltr'>potissimum</span> <span class='ocrx_word' id='word_1_225' title='bbox 1011 3916 1027 3951; x_wconf 88' lang='lat' dir='ltr'>a</span> <span class='ocrx_word' id='word_1_226' title='bbox 1046 3897 1072 3951; x_wconf 88' lang='lat' dir='ltr'>S.</span> <span class='ocrx_word' id='word_1_227' title='bbox 1090 3898 1118 3950; x_wconf 86' lang='lat' dir='ltr'>C.</span> <span class='ocrx_word' id='word_1_228' title='bbox 1138 3897 1267 3963; x_wconf 76' lang='lat' dir='ltr'>Consilii,</span> 
     </span>
     <span class='ocr_line' id='line_1_30' title="bbox 110 3996 1266 4076; baseline -0.002 -19"><span class='ocrx_word' id='word_1_229' title='bbox 110 3996 350 4076; x_wconf 69' lang='grc'>11111110000000</span> <span class='ocrx_word' id='word_1_230' title='bbox 368 4004 440 4075; x_wconf 89' lang='lat' dir='ltr'>apud</span> <span class='ocrx_word' id='word_1_231' title='bbox 459 4004 605 4059; x_wconf 85' lang='lat' dir='ltr'>Pallottini</span> <span class='ocrx_word' id='word_1_232' title='bbox 626 4004 653 4057; x_wconf 89' lang='lat' dir='ltr'>in</span> <span class='ocrx_word' id='word_1_233' title='bbox 672 4020 756 4073; x_wconf 85' lang='lat' dir='ltr'>opere</span> <span class='ocrx_word' id='word_1_234' title='bbox 775 4004 839 4071; x_wconf 83' lang='lat' dir='ltr'>cit),</span> <span class='ocrx_word' id='word_1_235' title='bbox 859 4003 953 4073; x_wconf 86' lang='lat' dir='ltr'>plures</span> <span class='ocrx_word' id='word_1_236' title='bbox 975 4009 1155 4059; x_wconf 85' lang='lat' dir='ltr'>recensentur</span> <span class='ocrx_word' id='word_1_237' title='bbox 1173 4002 1266 4058; x_wconf 87' lang='lat' dir='ltr'>decer-</span> 
     </span>
     <span class='ocr_line' id='line_1_31' title="bbox 111 4110 1266 4185; baseline -0.001 -24"><span class='ocrx_word' id='word_1_238' title='bbox 111 4120 191 4164; x_wconf 82' lang='lat' dir='ltr'>nentes</span> <span class='ocrx_word' id='word_1_239' title='bbox 208 4115 242 4167; x_wconf 87' lang='lat' dir='ltr'>de</span> <span class='ocrx_word' id='word_1_240' title='bbox 260 4114 415 4185; x_wconf 75' lang='lat' dir='ltr'>refectione</span> <span class='ocrx_word' id='word_1_241' title='bbox 434 4128 629 4183; x_wconf 69' lang='lat' dir='ltr'>expensorum.</span> <span class='ocrx_word' id='word_1_242' title='bbox 650 4110 702 4165; x_wconf 87' lang='lat' dir='ltr'>Sed</span> <span class='ocrx_word' id='word_1_243' title='bbox 715 4116 782 4165; x_wconf 89' lang='lat' dir='ltr'>tunc</span> <span class='ocrx_word' id='word_1_244' title='bbox 795 4111 951 4181; x_wconf 88' lang='lat' dir='ltr'>quaesitum</span> <span class='ocrx_word' id='word_1_245' title='bbox 968 4116 1011 4165; x_wconf 91' lang='lat' dir='ltr'>est</span> <span class='ocrx_word' id='word_1_246' title='bbox 1023 4127 1078 4164; x_wconf 92' lang='lat' dir='ltr'>non</span> <span class='ocrx_word' id='word_1_247' title='bbox 1090 4110 1124 4165; x_wconf 92' lang='lat' dir='ltr'>de</span> <span class='ocrx_word' id='word_1_248' title='bbox 1137 4110 1266 4178; x_wconf 81' lang='lat' dir='ltr'>expensis</span> 
     </span>
     <span class='ocr_line' id='line_1_32' title="bbox 111 4211 1265 4285; baseline 0.004 -23"><span class='ocrx_word' id='word_1_249' title='bbox 111 4211 265 4272; x_wconf 79' lang='lat' dir='ltr'>iudicialibus</span> <span class='ocrx_word' id='word_1_250' title='bbox 283 4236 300 4275; x_wconf 92' lang='lat' dir='ltr'>a</span> <span class='ocrx_word' id='word_1_251' title='bbox 317 4218 424 4275; x_wconf 87' lang='lat' dir='ltr'>victore</span> <span class='ocrx_word' id='word_1_252' title='bbox 441 4218 487 4274; x_wconf 90' lang='lat' dir='ltr'>vel</span> <span class='ocrx_word' id='word_1_253' title='bbox 504 4236 522 4271; x_wconf 89' lang='lat' dir='ltr'>a</span> <span class='ocrx_word' id='word_1_254' title='bbox 534 4218 609 4273; x_wconf 89' lang='lat' dir='ltr'>victo</span> <span class='ocrx_word' id='word_1_255' title='bbox 628 4216 792 4281; x_wconf 84' lang='lat' dir='ltr'>reficiendis,</span> <span class='ocrx_word' id='word_1_256' title='bbox 804 4216 853 4271; x_wconf 86' lang='lat' dir='ltr'>sed</span> <span class='ocrx_word' id='word_1_257' title='bbox 871 4215 905 4270; x_wconf 87' lang='lat' dir='ltr'>de</span> <span class='ocrx_word' id='word_1_258' title='bbox 924 4215 1007 4285; x_wconf 84' lang='lat' dir='ltr'>culpa</span> <span class='ocrx_word' id='word_1_259' title='bbox 1025 4220 1074 4270; x_wconf 86' lang='lat' dir='ltr'>aut</span> <span class='ocrx_word' id='word_1_260' title='bbox 1092 4215 1155 4270; x_wconf 92' lang='lat' dir='ltr'>dolo</span> <span class='ocrx_word' id='word_1_261' title='bbox 1168 4215 1265 4269; x_wconf 84' lang='lat' dir='ltr'>Admi-</span> 
     </span>
     <span class='ocr_line' id='line_1_33' title="bbox 113 4314 1266 4392; baseline 0.001 -20"><span class='ocrx_word' id='word_1_262' title='bbox 113 4314 268 4374; x_wconf 74' lang='lat' dir='ltr'>mitratorum</span> <span class='ocrx_word' id='word_1_263' title='bbox 282 4338 461 4392; x_wconf 87' lang='lat' dir='ltr'>personarum</span> <span class='ocrx_word' id='word_1_264' title='bbox 480 4317 642 4387; x_wconf 68' lang='lat' dir='ltr'>moralium</span> <span class='ocrx_word' id='word_1_265' title='bbox 661 4325 690 4375; x_wconf 89' lang='lat' dir='ltr'>et</span> <span class='ocrx_word' id='word_1_266' title='bbox 710 4321 825 4392; x_wconf 78' lang='lat' dir='ltr'>refectio</span> <span class='ocrx_word' id='word_1_267' title='bbox 840 4336 1029 4390; x_wconf 73' lang='lat' dir='ltr'>expensarum</span> <span class='ocrx_word' id='word_1_268' title='bbox 1042 4320 1154 4374; x_wconf 83' lang='lat' dir='ltr'>decreta</span> <span class='ocrx_word' id='word_1_269' title='bbox 1172 4323 1215 4373; x_wconf 90' lang='lat' dir='ltr'>est</span> <span class='ocrx_word' id='word_1_270' title='bbox 1234 4324 1266 4373; x_wconf 90' lang='grc'>01</span> 
     </span>
     <span class='ocr_line' id='line_1_34' title="bbox 113 4415 1266 4497; baseline 0.001 -20"><span class='ocrx_word' id='word_1_271' title='bbox 113 4415 171 4477; x_wconf 77' lang='lat' dir='ltr'>ittae</span> <span class='ocrx_word' id='word_1_272' title='bbox 181 4425 314 4485; x_wconf 86' lang='lat' dir='ltr'>indemnes</span> <span class='ocrx_word' id='word_1_273' title='bbox 332 4430 402 4484; x_wconf 84' lang='lat' dir='ltr'>fiant</span> <span class='ocrx_word' id='word_1_274' title='bbox 414 4428 448 4484; x_wconf 89' lang='lat' dir='ltr'>de</span> <span class='ocrx_word' id='word_1_275' title='bbox 462 4428 513 4483; x_wconf 88' lang='lat' dir='ltr'>lite</span> <span class='ocrx_word' id='word_1_276' title='bbox 526 4427 683 4483; x_wconf 87' lang='lat' dir='ltr'>inconsulto</span> <span class='ocrx_word' id='word_1_277' title='bbox 696 4428 853 4482; x_wconf 82' lang='lat' dir='ltr'>instaurata</span> <span class='ocrx_word' id='word_1_278' title='bbox 868 4431 917 4481; x_wconf 91' lang='lat' dir='ltr'>aut</span> <span class='ocrx_word' id='word_1_279' title='bbox 930 4427 1107 4497; x_wconf 87' lang='lat' dir='ltr'>negligenter</span> <span class='ocrx_word' id='word_1_280' title='bbox 1119 4427 1266 4481; x_wconf 79' lang='lat' dir='ltr'>instructa</span> 
     </span>
    </p>
   </div>
   <div class='ocr_carea' id='block_1_6' title="bbox 0 0 1650 5109">
    <p class='ocr_par' dir='ltr' id='par_1_7' title="bbox 0 0 1650 5109">
     <span class='ocr_line' id='line_1_35' title="bbox 0 0 1650 5109; baseline 0 0"><span class='ocrx_word' id='word_1_281' title='bbox 0 0 1650 5109; x_wconf 95' lang='lat' dir='ltr'> </span> 
     </span>
    </p>
   </div>
  </div>
 </body>
</html>
