3292 5109
515 336 558 384 us
583 336 722 385 romeus
745 336 1011 402 accussmsrrcrs
1298 320 1366 386 339

177 461 274 525 sione
299 494 316 509 -
342 460 393 524 vel
418 460 450 523 in
475 458 547 524 foro
571 460 788 527 eonscientiae
813 464 846 525 et
868 461 901 524 in
924 464 999 526 actu
1023 461 1268 527 sacramentalis
1291 482 1364 527 con·

180 580 332 647 fessionis
357 616 374 631 ·
400 589 432 648 et
455 583 538 647 aliae
561 581 751 648 huiusmodi.
766 582 928 656 Quocirca
952 582 1170 647 confessarius
1193 590 1364 665 executor,

177 705 268 778 data,
284 708 311 770 si
331 725 425 771 casus
447 706 543 787 ferat,
560 707 787 772 sacramentali
804 705 1003 771 absolutione
1019 707 1204 791 poenitenti,
1222 727 1284 791 per
1305 727 1364 792 op·

182 836 323 916 portuna
345 831 447 895 verba
470 829 629 917 significat
652 852 686 896 se
709 830 898 915 dispensare
921 830 973 894 vel
1005 830 1184 904 absolvere,
1209 832 1365 900 Auctori-

184 958 250 1019 tute
265 954 460 1037 Apostolico
482 954 545 1021 sibi
561 955 778 1041 catapalastus
801 956 869 1041 fiae
889 954 1051 1021 dicendo:
1074 954 1112 1019 ia
1130 954 1269 1021 nomiae
1285 954 1363 1019 Put.

176 1085 214 1146 ct
228 1080 267 1146 F.
285 1086 316 1147 et
332 1080 366 1147 S.
385 1080 511 1148 Sancti.
531 1116 548 1129 ·
568 1083 661 1147 Iuvat
675 1083 708 1145 in
725 1082 788 1145 boc
812 1082 1011 1167 propositum
1027 1079 1156 1145 referre
1179 1082 1244 1144 tria
1267 1079 1362 1145 dubia

176 1224 203 1267 a
226 1202 258 1269 S.
284 1200 538 1270 Paenitentia'ria
562 1206 713 1271 resoluta.
741 1202 773 1271 1⁰
798 1206 916 1271 Dubio:
944 1208 1030 1271 «An
1055 1207 1224 1291 poenitens
1241 1205 1293 1289 qui
1312 1227 1364 1270 vo·

181 1330 324 1395 luntario
347 1336 380 1394 et
403 1331 560 1395 malitiose
583 1328 662 1394 facit
685 1330 920 1395 confessionem
948 1330 1069 1396 nullam
1095 1337 1127 1396 et
1149 1332 1362 1416 sacrilegam.

179 1455 257 1523 dum
281 1457 400 1521 virtute
417 1455 663 1541 dispensationis
678 1456 828 1521 obtentae
843 1476 863 1520 a
879 1456 980 1521 Sacra
997 1458 1252 1525 Poenitentiaria
1269 1458 1363 1522 reha-

178 1578 326 1644 bilitatur
349 1582 381 1643 in
405 1577 560 1645 beneficio
584 1581 758 1645 simoniace
782 1579 914 1645 obtento
936 1585 993 1645 aut
1015 1580 1219 1665 dispensatur
1241 1579 1282 1645 ab
1306 1581 1361 1645 im-

180 1702 366 1788 pedimento
389 1704 561 1769 dirimente
584 1706 626 1769 sit
648 1702 847 1770 sufficienter
869 1704 1070 1789 dispensatus
1087 1711 1119 1769 et
1134 1700 1176 1768 ad
1201 1704 1304 1769 denuo
1321 1707 1362 1771 sit

184 1829 419 1895 recurrendum
450 1830 491 1895 ad
522 1830 553 1897 S.
579 1829 930 1896 Paenitentiariaml»
962 1829 1128 1915 respondit
1159 1830 1191 1895 S.
1218 1830 1363 1893 poenit:

180 1972 202 2013 r
220 1952 396 2017 Dummodo
420 1954 638 2019 confessarius
661 1954 844 2018 litterarum
862 1953 892 2020 S.
912 1954 1187 2018 Paenitentiariae
1204 1959 1362 2018 executor

178 2084 293 2143 servet
316 2096 397 2161 quae
421 2078 481 2143 sibi
514 2080 546 2142 in
575 2079 686 2143 iisdem
714 2079 833 2143 litteris
856 2079 1138 2163 praescribuntur,
1163 2085 1241 2144 tunc
1272 2077 1363 2143 datas

180 2203 297 2287 vigore
322 2202 506 2267 earumdem
530 2203 711 2267 litterarum
729 2202 983 2285 dispensationes
998 2202 1121 2267 validas
1137 2203 1218 2282 fore,
1236 2204 1360 2267 etiamsi

178 2321 351 2406 contingat
380 2328 597 2406 poenitentem
625 2322 774 2395 invalide,
798 2291 959 2408 sacrilege
990 2322 1138 2416 confiteri
1171 2329 1203 2389 et
1234 2323 1362 2389 absolu·

178 2446 302 2510 tionem
326 2466 346 2509 a
370 2447 511 2532 peccatis
534 2448 693 2533 recipere.
710 2447 802 2521 Quod
826 2450 853 2511 si
877 2447 1095 2514 confessarius
1119 2446 1268 2513 advertat
1289 2467 1361 2532 poe·

184 2572 338 2636 nitentem
362 2592 405 2636 ex
421 2591 479 2637 sua
502 2574 743 2659 indispositione
759 2593 778 2637 a
794 2576 935 2658 peccatis
955 2572 1079 2639 absolvi
1095 2574 1157 2638 rite
1174 2592 1238 2636 non
1256 2592 1363 2657 posse,

177 2716 302 2761 curare
324 2695 420 2763 debet
444 2702 479 2763 ut
502 2697 585 2762 idern
608 2700 775 2782 poenitens
799 2703 889 2763 recte
917 2698 1106 2783 disponatur
1130 2703 1162 2763 et
1184 2699 1210 2763 si
1235 2698 1360 2784 disponi

180 2825 321 2903 nequeat
343 2822 376 2884 in
399 2822 572 2906 praesenti,
590 2820 721 2887 differre
745 2822 840 2888 debet
855 2844 919 2888 una
935 2844 1008 2889 cum
1030 2823 1232 2889 absolutione
1248 2844 1268 2887 a
1283 2843 1356 2909 pec-

175 2947 261 3011 catis
284 2947 465 3031 praedictas
489 2947 752 3033 dispensationes,
777 2950 839 3013 nisi
863 2948 949 3013 sorte
972 2969 1093 3034 urgens
1120 2948 1228 3032 aliqua
1250 2967 1361 3013 neces·

179 3068 259 3133 sitas
290 3067 422 3133 suadeat
453 3068 705 3154 dispensationes
728 3070 918 3135 accelerare
941 3092 972 3135 a.
997 3071 1091 3155 Apud
1116 3072 1286 3143 Garriere,
1311 3072 1361 3136 Do

182 3192 266 3257 Mat.
294 3214 328 3258 a.
353 3194 446 3258 1168.
471 3190 506 3259 2⁰
529 3193 647 3260 Dubio:
676 3196 800 3261 «Num
826 3195 1078 3281 dispensationes
1102 3217 1199 3281 super
1227 3196 1360 3283 impedi-

182 3320 299 3383 mentis
322 3318 546 3384 dirimentibus
569 3320 701 3385 occultis
725 3321 758 3385 in
783 3321 996 3386 matrimoniis
1027 3322 1203 3387 contractis
1234 3319 1358 3408 signifi-

181 3442 304 3508 candae
327 3445 390 3509 siut
414 3447 519 3509 statim
543 3450 614 3529 post
636 3452 817 3531 susceptam
841 3446 1083 3522 absolutionem,
1100 3453 1157 3514 aut
1172 3448 1356 3532 priusquam

175 3536 403 3652 dispositiones
426 3569 578 3652 praeviae
594 3568 633 3634 ad
657 3568 891 3636 absolutionem
915 3573 1067 3643 existant,
1085 3577 1180 3654 atque
1202 3570 1361 3636 absolutio

175 3696 382 3779 suscipiatur,
400 3694 494 3778 idque
511 3696 655 3760 utcitius
671 3696 827 3761 validitati
844 3697 1122 3762 matrimoniorum
1138 3696 1360 3781 provideatur,

180 3818 291 3902 sicque
322 3821 507 3884 commercii
539 3821 642 3886 illiciti
673 3823 799 3886 occasio
822 3826 975 3887 arceatur
993 3843 1022 3902 a,
1047 3822 1078 3887 S.
1105 3823 1360 3887 Poenitentiaria

176 3942 339 4030 Episcopo
364 3944 545 4019 Tudelensi,
562 3944 616 4010 die
638 3946 682 4011 19
705 3946 792 4010 Muti
814 3946 915 4027 1834,
941 3946 1119 4031 respondit:
1147 3947 1358 4031 ‹Dispensa-

176 4066 285 4131 tiones
301 4067 340 4131 de
356 4068 469 4151 quibus
491 4070 524 4133 in
542 4089 617 4133 casu
641 4069 912 4149 manifestandus
928 4090 999 4134 esse
1023 4075 1100 4154 ante
1114 4070 1358 4135 absolutionem.

176 4208 259 4274 quas
282 4194 392 4257 tamen
416 4192 633 4258 confessarius
657 4193 838 4259 concedere
853 4199 958 4280 potest
980 4196 1104 4261 etiamsi
1128 4195 1358 4262 absolutionem

178 4332 202 4377 a
224 4316 366 4400 peccatis
389 4316 646 4411 suspendendum
670 4324 802 4385 censeat
818 4340 848 4383 ».
867 4354 884 4367 -
911 4318 1054 4404 Denique
1077 4321 1243 4406 respondit
1265 4343 1360 4409 gena·

179 4438 294 4505 raliori
317 4442 497 4525 quaestioni
528 4443 616 4507 circa
647 4444 872 4509 necessitatem
896 4450 928 4510 et
952 4466 1043 4513 usum
1071 4445 1283 4513 consessionis
1306 4468 1360 4513 sa-
