3292 5109
300 282 367 349 210
829 304 914 350 enas
938 303 974 349 11.

300 422 497 498 Cardiuales‚
515 446 651 509 quorum
670 446 750 491 unus
770 431 819 491 est
834 424 1017 493 cardinalis
1035 426 1236 499 Praefectus,
1254 427 1374 513 singuli
1388 447 1481 500 vero,

300 570 359 635 per
382 555 506 651 certum
531 549 686 621 ordinem,
704 568 876 614 causarum
900 548 1127 637 agitandarum
1149 550 1184 615 iu
1207 551 1311 636 plenis
1335 552 1482 623 comitiis,

300 674 380 743 fiunt
399 678 567 743 Pouentes
590 696 647 741 seu
666 674 854 741 Relutorec

390 804 481 868 Inter
505 800 668 868 Officiales
694 801 863 867 Praelatos
887 801 1094 886 praecipuam
1117 805 1242 887 partem
1267 800 1397 881 habent,
1423 800 1483 865 Se·

299 925 475 996 oretanus,
500 930 569 989 tres
600 926 745 989 seniores
777 923 808 989 S.
834 924 938 989 Rotae
965 923 1140 990 auditores
1168 930 1201 991 et
1232 924 1483 989 Protonotarius

300 1049 513 1134 Apostolicus.
548 1050 639 1115 lnter
662 1048 721 1113 hos
746 1050 777 1113 in
809 1049 915 1113 causis
940 1046 1217 1115 Beatificationum
1245 1053 1277 1113 et
1304 1048 1482 1115 canoniza-

298 1174 420 1238 tionum
451 1172 590 1257 speciale
620 1191 735 1237 munus
765 1170 886 1236 habent
908 1171 1092 1241 Homolen·
1117 1172 1215 1236 Fidei
1235 1168 1299 1257 (1);
1324 1174 1483 1235 Assessor

298 1298 446 1382 idemque
472 1298 571 1362 Fidei
594 1295 860 1379 Subpromotor,
884 1296 979 1362 ambo
1009 1298 1072 1361 viri
1106 1297 1333 1369 ecclesiastici,
1369 1300 1482 1381 partes

298 1426 430 1507 agentes
454 1422 486 1484 in
510 1418 691 1485 huiusmodi
716 1420 855 1505 negotiis
883 1420 1113 1487 Procuratoris
1137 1420 1282 1487 Fiscalis.
1314 1418 1479 1505 Siquidem

298 1546 454 1611 adversus
485 1544 726 1630 expostulantes
755 1544 892 1608 alicuius
922 1544 1010 1609 servi
1038 1545 1095 1609 Dei
1124 1542 1398 1609 Beatiticatiouem
1422 1548 1482 1607 aut

299 1672 390 1738 Beati
418 1671 698 1737 canonizationem
729 1668 887 1737 obiiciunt
921 1690 1032 1735 ornnes
1059 1670 1263 1737 difficultates
1294 1672 1481 1757 desumptas

297 1815 340 1858 ex
363 1814 485 1880 genere
509 1795 663 1857 virtutum
687 1796 719 1857 et
742 1792 984 1867 miraculorum,
1005 1793 1119 1876 quibus
1143 1794 1280 1860 obtineri
1299 1794 1481 1859 intenditur

297 1915 462 1980 decretum
487 1911 737 1979 Beatifieationis
761 1918 818 1977 aut
843 1913 1110 1980 Canonizationis.
1139 1916 1249 1989 Quare
1274 1914 1364 1979 Fidei
1392 1915 1479 1980 Pro-

297 2046 402 2107 motou
430 2046 540 2113 cavet,
569 2060 611 2103 ne
638 2038 735 2103 alicui
770 2038 890 2103 leviter
913 2044 946 2103 et
976 2038 1198 2125 imprudenter
1228 2040 1370 2125 supremi
1395 2040 1478 2106 Goe-

296 2165 387 2229 litum
410 2165 552 2229 honores
583 2162 810 2229 decernantur.
845 2200 863 2211 ·
896 2164 1109 2231 Nihilominus
1124 2136 1223 2230 'Fidei
1246 2166 1422 2230 Promotor
1444 2171 1479 2231 et

297 2292 528 2378 Subpromotor
552 2294 584 2356 iu
608 2292 715 2355 omnia
744 2293 874 2379 negotia
903 2294 1058 2378 graviora
1079 2291 1164 2378 apud
1187 2293 1273 2357 hanc
1297 2293 1396 2378 Coog.
1422 2310 1479 2357 ex·

297 2418 403 2503 pedita
427 2416 624 2501 vigilantiam
647 2419 820 2487 exercent,
847 2420 879 2479 et
902 2417 979 2481 hinc
1012 2416 1130 2483 adsunt
1152 2416 1396 2503 conpressibus,
1420 2415 1476 2500 qui

296 2544 457 2611 hahentur
480 2542 578 2608 semel
603 2543 636 2606 in
660 2539 870 2605 hebdomada.

277 2670 279 2674 ’
385 2669 565 2733 Praeterea
591 2664 694 2730 eidem
718 2664 827 2751 plures
852 2664 1081 2730 adscribuntur
1104 2664 1313 2732 Consultores
1335 2665 1432 2732 electi
1455 2687 1478 2731 a

295 2795 424 2861 Summo
460 2789 617 2860 Pontifice
648 2810 691 2855 ex
726 2794 819 2855 coetu
851 2790 1043 2855 Praesulum
1080 2811 1235 2859 romanae
1268 2794 1396 2867 curiae,
1432 2814 1477 2861 ex

294 2918 384 2982 clero
418 2914 578 2981 saeculari
609 2920 642 2979 et
676 2913 832 2998 regulari.
869 2914 993 2979 Verum
1025 2915 1111 2979 inter
1134 2914 1342 2982 Consultores
1375 2916 1477 2999 aliqui

294 3048 377 3112 sunt,
407 3043 461 3125 qui
486 3040 694 3107 Consultores
719 3040 793 3105 nuti
815 3039 878 3106 dici
903 3045 1052 3124 possent,
1076 3040 1192 3126 quippe
1221 3042 1303 3106 tales
1334 3039 1476 3106 evadunt

294 3184 337 3227 ex
359 3163 515 3248 dignitate
545 3182 602 3227 seu
626 3160 731 3227 officio
755 3180 817 3245 quo
841 3161 1069 3226 honestantur.
1101 3161 1144 3225 Hi
1166 3166 1274 3227 autem
1296 3167 1373 3227 sunt
1396 3164 1475 3247 Epi·

293 3311 417 3375 scopus,
443 3288 616 3376 Apostolici
642 3286 785 3354 Sacrarii
811 3286 1331 3373 Praefectus.vu1gosae·ista,
1362 3289 1478 3356 Proto·

293 3414 438 3480 notarius
461 3414 560 3498 (long.
578 3412 752 3479 Sacrorum
776 3412 922 3486 Rituum
939 3421 1008 3479 tres
1027 3412 1227 3496 antiquiores
1250 3413 1355 3479 Rotae
1376 3413 1475 3480 Audi·

292 3541 398 3608 tores,
434 3534 573 3602 Auditor
607 3534 728 3599 Summi
763 3530 950 3615 Pontifieis,
982 3536 1138 3600 Assessor
1169 3533 1200 3601 S.
1235 3536 1474 3619 inquisitionis,

381 3778 420 3849 (l)
441 3778 544 3832 Probat
562 3777 729 3833 Benedictus
750 3776 816 3831 xlv
836 3794 879 3848 op.
899 3781 944 3831 cit.
965 3778 1012 3833 tit.
1033 3778 1475 3854 Ie.18uofficiumPromotoris

292 3883 370 3938 Fidei
390 3886 473 3937 antea
493 3884 520 3936 in
539 3882 624 3937 Curia
642 3881 784 3951 expletum
809 3882 895 3936 fuisse
914 3899 931 3936 a
950 3882 1134 3937 Procuratore
1154 3883 1272 3951 Fiscali,
1290 3882 1424 3953 deputato
1445 3885 1473 3937 in

291 3987 369 4041 curia
388 4003 438 4057 pro
456 3987 577 4056 negotiis
600 3986 741 4041 fiscalibus
766 3986 794 4040 in
813 3987 1156 4057 gener03separatiouu1u
1180 3992 1274 4043 autem
1299 3987 1383 4042 officii
1403 3987 1473 4041 Pro·

291 4094 406 4146 motoris
425 4092 502 4148 Fidei
521 4111 538 4148 a
557 4093 719 4148 Promotore
738 4093 841 4147 Fisceli
859 4093 1000 4148 decretam
1018 4093 1104 4148 fuisse
1122 4093 1296 4151 aClemeute
1309 4094 1348 4149 Xl
1368 4096 1473 4151 litteris

291 4200 363 4254 datis
381 4200 426 4255 die
438 4202 456 4253 7
468 4200 565 4271 aprilis
579 4201 656 4267 1708,
670 4206 699 4257 et
717 4202 890 4256 confirmatis
909 4201 953 4255 die
971 4200 1006 4256 30
1018 4201 1115 4272 aprilis
1131 4202 1207 4259 1714.
1227 4202 1280 4265 Qui
1299 4202 1353 4257 hoe
1370 4220 1474 4258 munus

292 4305 352 4374 agit
370 4307 399 4360 in
412 4305 511 4372 Curiis,
524 4308 552 4360 in
566 4323 696 4377 processu
712 4308 864 4365 Ordtnurio
883 4308 1043 4378 appellatur
1057 4310 1203 4365 Promotor-
1217 4310 1342 4377 Fiscalis,
1355 4310 1384 4364 in
1396 4313 1475 4381 Apo·

292 4412 389 4464 stolico
403 4427 470 4465 vero
483 4411 683 4483 Subpromotor
696 4412 783 4481 Fidei3
800 4415 909 4469 Deerat.
926 4415 962 4467 14
977 4414 1063 4470 Genu.
1078 4416 1166 4470 1893.
