3292 5109
302 275 368 341 368
829 296 914 343 rans
937 276 985 345 u(

300 415 435 481 trahunt
459 412 607 480 ellectum
635 416 805 483 iuridicum
836 418 1102 503 praescriptionis
1125 416 1332 490 Pontificius,
1357 416 1488 519 scilicet·

302 534 465 603 tribuendi
480 538 546 623 legi
563 542 675 623 postea
690 538 915 625 promulgatae
930 540 996 605 vim
1011 538 1261 621 retroactioam,
1274 537 1358 624 quod
1371 540 1482 622 utique

301 681 366 727 non
389 662 671 749 praetergreditur
686 664 804 731 limites
820 666 987 749 potestatis
1004 665 1201 750 legislatoris
1216 664 1255 730 ob
1272 662 1482 729 rationabiles

303 808 419 853 causas
435 794 469 856 et
484 788 524 854 de
539 790 602 855 hoo
616 786 731 855 ellectu
748 790 837 855 circa
852 790 941 876 leges
956 791 1148 877 praesertim
1164 791 1330 855 irritantes
1345 792 1378 853 et
1392 787 1483 856 inha-

304 910 468 979 bilitantes
482 932 546 978 non
560 932 663 998 pauca
679 915 712 978 in
728 915 801 980 iure
816 919 930 979 extant
941 914 1100 1001 exempla.
1113 913 1269 980 Omnibus
1282 913 1346 976 DD.
1358 912 1391 976 in
1408 930 1482 975 con·

304 1040 389 1105 fesso
413 1046 472 1114 est,
490 1040 579 1127 leges
596 1039 838 1108 inhabilitantes
860 1062 919 1107 seu
937 1042 1104 1107 irritantes
1119 1046 1255 1127 tangere
1272 1043 1365 1107 etiam
1390 1046 1481 1107 actus

303 1167 496 1249 praeteritos
519 1186 576 1231 seu
600 1166 850 1253 promulgationi
874 1165 1104 1232 antecedentes
1126 1168 1153 1233 si
1175 1166 1228 1231 lex
1244 1185 1399 1251 expresse
1417 1165 1480 1231 boc

303 1292 433 1361 caveat;
460 1286 502 1351 cl.
528 1284 737 1359 D'Annibale.
760 1288 789 1361 Ι,
813 1287 901 1360 202,
925 1292 959 1352 et
980 1287 1080 1369 Santi,
1104 1287 1159 1353 lib.
1184 1288 1213 1360 Ι,
1238 1288 1284 1353 tit.
1307 1288 1343 1362 2,
1367 1308 1402 1353 a.
1425 1287 1481 1352 21.

392 1412 431 1479 In
455 1412 541 1478 hanc
565 1433 634 1479 rem
658 1412 847 1479 adnotetur:

394 1537 425 1622 l)
449 1538 558 1603 verius
589 1538 879 1624 promulgationem
911 1539 1128 1603 necessariam
1159 1558 1224 1603 non
1256 1558 1326 1604 esse
1357 1537 1405 1603 ad
1434 1557 1479 1603 es-

303 1660 447 1725 sentiam
471 1660 554 1747 lepis
577 1663 666 1745 quasi
690 1660 914 1728 inmissurum
936 1662 1143 1745 requisitum;
1167 1664 1241 1746 quia
1263 1661 1328 1733 lex,
1353 1680 1478 1748 perse,

304 1784 450 1869 regulam
474 1804 609 1858 morum,
626 1804 809 1850 mensuram
835 1790 964 1851 actuum
988 1786 1142 1858 continet,
1154 1794 1188 1851 et
1202 1784 1416 1871 promulgatio
1431 1789 1481 1848 est

303 1914 395 1975 actus
417 1929 479 1993 quo
503 1909 638 1975 subditis
661 1912 862 1997 proponitur,
887 1910 1076 1986 exhibetur;
1101 1912 1254 1994 quocirca
1277 1915 1327 1975 est
1349 1909 1479 1976 catria·

302 2052 416 2100 secum
428 2024 639 2119 requisitum,
654 2034 852 2100 constituens
864 2034 1090 2101 conditionem
1105 2033 1179 2099 siae
1190 2054 1260 2119 qua
1273 2052 1337 2096 non
1351 2031 1480 2117 exurgit

300 2143 455 2243 ¹obligatio
478 2157 577 2242 legis;
597 2158 746 2240 proinde
769 2159 911 2243 pertinet
933 2158 981 2223 ad
1002 2157 1171 2225 rationem
1193 2157 1377 2223 iuridicam
1398 2156 1484 2241 legis

304 2283 395 2347 cuius
417 2282 622 2347 necessarius
637 2280 770 2347 effectus
786 2287 836 2347 est
855 2280 1017 2367 obligare;
1042 2302 1107 2346 non
1123 2302 1216 2349 secus
1231 2302 1271 2347 ac
1285 2282 1351 2354 lex,
1367 2286 1482 2365 suapte

305 2396 430 2482 natura,
448 2409 602 2475 cohaeret
621 2410 787 2474 territorio
803 2428 863 2473 seu
877 2415 926 2473 est
948 2409 1171 2485 territorialis;
1195 2415 1228 2474 et
1247 2408 1310 2473 hoc
1326 2427 1390 2472 non
1405 2426 1479 2492 per·

303 2534 385 2598 tinet
406 2532 447 2597 ad
471 2534 648 2599 essentiam
673 2532 764 2619 legis,
788 2532 844 2597 sed
869 2532 908 2597 ad
932 2534 1001 2599 eius
1022 2532 1192 2599 rationem
1215 2532 1399 2597 iuridicam
1423 2551 1480 2596 seu

306 2663 339 2723 ut
361 2657 481 2743 obliget
505 2678 560 2722 eos
583 2676 703 2730 omnes,
728 2658 781 2741 qui
806 2662 897 2722 certo
921 2658 1088 2722 territorio
1112 2658 1327 2722 contineatur.

392 2782 426 2868 2)
452 2785 504 2853 At,
523 2782 563 2846 de
578 2783 649 2846 iure
673 2788 818 2853 naturae,
841 2782 1055 2867 promulgatio
1071 2781 1294 2866 expostulatur
1317 2781 1391 2864 quia
1405 2779 1479 2845 sub·

305 2908 359 2973 diti
384 2908 468 2971 scire
493 2906 623 2978 debent,
650 2907 810 2991 Principis
833 2905 1030 2971 voluntatem
1054 2910 1087 2971 et
1110 2906 1230 2971 iussum
1257 2906 1395 2990 exprimi
1421 2923 1482 2990 per

304 3028 410 3114 legem
427 3028 504 3115 ipsis
519 3028 756 3095 denunciatam.
774 3028 823 3093 Re
847 3048 925 3093 sane
940 3028 1019 3113 ipsa,
1036 3030 1069 3092 in
1091 3027 1322 3095 consuetudine
1337 3027 1481 3113 legitime

305 3154 504 3238 praescripta
527 3172 610 3236 quae
633 3158 681 3217 est
703 3172 784 3217 vera
807 3152 874 3227 lex,
893 3152 1001 3218 nullus
1025 3153 1163 3219 habetur
1185 3159 1278 3217 actus
1301 3152 1482 3237 promulga-

304 3278 415 3351 tionis;
439 3276 495 3341 sed
522 3277 604 3362 legis
633 3276 785 3362 obligatio
814 3279 988 3358 enascitur,
1012 3279 1087 3361 quia
1117 3298 1215 3342 unum
1246 3296 1289 3341 ex
1320 3277 1484 3360 requisitis

306 3400 544 3466 consuetudinis
568 3405 626 3481 est,
650 3406 684 3467 ut
706 3406 798 3466 actus
821 3406 983 3486 ponantur
1005 3420 1026 3465 a
1048 3402 1167 3487 populo
1190 3421 1262 3465 cum
1286 3401 1393 3465 animo
1416 3406 1480 3467 sta·

306 3519 487 3586 tislaciendi
509 3522 606 3587 alicui
630 3522 833 3608 obligationi;
858 3524 933 3607 quia
955 3526 982 3589 si
1005 3531 1104 3590 actus·
1119 3526 1250 3610 ponitur
1274 3530 1309 3588 ut
1331 3543 1421 3588 mere
1437 3522 1481 3587 ia·

306 3642 476 3709 cultativus
497 3644 535 3710 in
557 3644 765 3727 facultatiola
786 3649 884 3714 nulla
902 3650 1141 3733 praescriptio.
1161 3649 1250 3715 Unde
1266 3648 1303 3713 iu
1324 3649 1397 3735 lege
1411 3667 1482 3713 aaa

305 3764 433 3847 sarpta
456 3785 520 3830 non
544 3768 721 3852 requiritur
743 3774 836 3833 actus
853 3769 1021 3853 positivus
1039 3770 1306 3856 promulgationis
1321 3774 1354 3835 et
1368 3769 1485 3835 distin·

307 3898 394 3959 otus:
417 3893 450 3957 in
466 3894 540 3979 lege
555 3901 661 3960 autem
685 3896 805 3980 scripta
821 3898 1000 3980 requiritur
1016 3904 1050 3963 ut
1065 3900 1210 3983 apposito
1225 3905 1300 3964 actu
1315 3898 1485 3985 legislator

307 4014 490 4082 manifestet
513 4036 604 4082 suam
628 4017 826 4085 voluntatem
855 4020 1057 4105 proponendi
1088 4020 1174 4086 banc
1201 4020 1307 4107 legem
1339 4020 1484 4088 subditis.

308 4140 387 4206 lnde
409 4141 465 4208 lex
495 4162 555 4228 per
585 4143 875 4229 promulgationem
900 4149 948 4209 est
971 4143 1100 4210 condita
1122 4151 1156 4212 et
1176 4146 1324 4231 perlecta
1351 4147 1384 4209 in
1410 4164 1483 4211 esse

307 4284 364 4331 suo
380 4284 439 4331 seu
455 4266 488 4329 in
504 4272 583 4333 actu
604 4266 718 4349 primo
738 4269 784 4332 uti
807 4268 914 4342 aiunt;
938 4287 1013 4333 nam
1029 4267 1063 4332 in
1078 4274 1157 4335 actu
1179 4270 1327 4337 secundo
1343 4276 1392 4335 est
1407 4287 1484 4354 per—

306 4392 394 4459 fecta
417 4393 543 4478 quando
566 4414 627 4479 per
649 4393 916 4481 dicadqatioaem
939 4396 1127 4481 pervenerit
1149 4395 1189 4461 ad
1212 4397 1357 4462 notitiam
1380 4394 1486 4461 subdi-
