3292 5109
488 561 511 643 5
538 560 566 624 l.
591 559 641 625 De
667 560 769 646 Conp.
795 558 925 626 Studiis
947 560 1112 648 repandis
1131 561 1343 643 praeposita.

327 804 545 863 summarium.
571 836 605 848 -
627 808 687 861 228.
712 808 813 862 Natiso
839 810 899 863 iure
924 807 1049 864 Ecclesia
1073 808 1165 862 studia
1187 807 1396 877 disciplinarum
1421 824 1515 879 usque

417 915 560 970 moderata
573 920 629 981 est;
648 918 802 985 appositam
815 934 882 973 varo
895 917 980 987 Cong.
995 917 1206 972 cardinalitiam
1222 917 1346 971 instituit
1364 898 1461 969 Sixtu‘s
1474 916 1510 970 V.

416 1050 451 1061 -
470 1021 618 1075 1111111
642 1024 843 1091 competentia,
862 1028 922 1077 tum
948 1022 1073 1091 generali
1098 1040 1133 1077 ex
1157 1024 1250 1077 Const.
1272 1022 1429 1087 hamana,
1447 1025 1510 1076 tum

415 1124 529 1192 speciali
552 1143 586 1179 ex
605 1125 698 1179 Const.
720 1128 798 1185 Quod
819 1127 916 1181 divina
936 1128 1077 1197 Sapientia
1095 1126 1172 1181 edita
1190 1144 1206 1180 a
1226 1127 1318 1181 Leone
1337 1125 1399 1179 ΧΠ,

415 1379 491 1443 228.
517 1378 665 1444 Ecclesia
688 1398 770 1463 quae
793 1378 879 1443 inter
901 1379 1049 1443 homines
1068 1398 1087 1442 a
1107 1379 1237 1444 Christo
1260 1385 1309 1445 est
1331 1380 1511 1445 constituta

328 1502 491 1587 Magistra
516 1503 678 1575 veritatis,
704 1506 817 1587 suapte
850 1506 968 1566 natura
1001 1503 1050 1565 ius
1083 1500 1181 1565 habet
1214 1500 1401 1585 invigilandi
1429 1507 1508 1565 uta

321 1624 503 1719 cultoribus
527 1624 766 1709 disciplinarum
790 1625 842 1689 vel
866 1624 1092 1689 humaniorum
1119 1624 1302 1690 litterarum
1329 1630 1363 1688 et
1388 1624 1508 1690 artium

322 1754 477 1813 arceatur
493 1767 588 1812 error
605 1749 657 1831 qui
675 1748 786 1813 Fidem
806 1753 862 1812 aut
877 1748 1072 1813 christianos
1093 1768 1200 1814 mores
1223 1750 1431 1834 perverteret
1447 1748 1506 1831 (l).

326 1876 366 1940 In
387 1874 500 1941 ordine
520 1881 628 1941 autem
648 1896 758 1941 rerum
783 1877 940 1943 historico
964 1877 1110 1942 Ecclesia
1130 1877 1194 1941 hoo
1217 1879 1265 1943 ius
1289 1880 1380 1963 quasi
1402 1896 1509 1963 nepa·

325 2000 431 2066 tivum
448 2020 505 2065 seu
521 2000 643 2065 erroris
659 2000 888 2086 prohibitivum
903 2005 1150 2086 praetergressa
1164 2005 1222 2073 est,
1236 2001 1342 2067 actiue
1357 2003 1512 2067 excitans

325 2129 360 2190 et
382 2123 486 2190 studia
507 2125 692 2210 provehens
711 2126 901 2210 omnigenae
917 2126 1133 2192 institutionis.
1153 2161 1170 2173 -
1189 2126 1238 2190 Re
1254 2144 1332 2190 sane
1348 2126 1428 2211 ipsa,
1446 2125 1508 2190 sub

323 2248 430 2315 media
445 2254 561 2331 aetate,
579 2249 704 2333 quando
727 2249 918 2334 populorum
938 2250 1035 2314 animi
1055 2250 1087 2314 in
1102 2250 1227 2335 praelia
1246 2245 1507 2315 exardescebant

326 2378 363 2438 et
385 2373 532 2439 homines
555 2372 719 2438 nobilitate
738 2373 893 2438 natalium
913 2374 1064 2449 illustres,
1080 2374 1203 2439 viribus
1219 2381 1252 2439 et
1271 2376 1401 2460 ingenio
1419 2393 1507 2459 prae

328 2506 452 2567 stantes
475 2504 508 2567 in
530 2501 653 2568 bellicis
677 2501 933 2567 contentionibus
956 2502 1196 2568 exercebantur
1211 2501 1296 2566 unde
1311 2502 1419 2566 honor
1441 2522 1507 2566 ma·

325 2626 432 2691 ximus
455 2624 674 2710 proveniebat,
696 2626 843 2693 Ecclesia
858 2627 995 2691 sollicito
1010 2627 1114 2692 studia
1130 2626 1261 2691 fovebat
1276 2632 1309 2691 et
1324 2628 1509 2713 privilegiis

324 2753 509 2819 cumulabat
538 2755 747 2819 scientiarum
779 2754 935 2834 cultores,
961 2755 1006 2820 uti
1037 2752 1157 2818 diserte
1188 2753 1283 2817 docet
1312 2753 1431 2817 titulus
1454 2752 1509 2818 De

323 2877 503 2965 Mapr'atria
526 2879 561 2943 X
581 2876 635 2962 (V,
660 2876 704 2965 5).
730 2878 848 2943 Postea
870 2898 950 2942 vero
973 2878 1151 2944 studiorum
1178 2882 1212 2941 et
1241 2878 1359 2942 artium
1391 2896 1507 2941 anrore

322 3002 447 3066 incensi
470 3002 626 3082 nominee,
643 3002 742 3068 veluti
765 3002 962 3086 praeteritae
985 3000 1187 3086 ignorantiae
1210 2998 1333 3083 pudore
1356 3001 1432 3072 acti,
1449 3020 1507 3065 ex·

323 3124 476 3189 cedentes
499 3124 532 3188 in
556 3124 751 3188 contrariam
775 3130 901 3208 partem
918 3142 982 3187 non
998 3142 1033 3187 se
1050 3123 1279 3188 continuerunt
1294 3123 1329 3185 iu
1345 3120 1509 3188 doctrinis

323 3248 505 3315 catholicae
529 3246 620 3321 fidei,
645 3248 701 3313 sed
727 3247 767 3312 ab
799 3247 981 3313 obedientia
1004 3248 1171 3312 Ecclesiae
1198 3249 1230 3310 in
1257 3247 1445 3313 libertatem
1469 3269 1509 3313 se

325 3372 533 3439 vindicarunt
556 3392 594 3437 eu
617 3372 710 3438 modo
742 3392 804 3457 quo
832 3372 1106 3454 Protestantismi,
1130 3392 1187 3437 sen
1214 3372 1365 3437 hodierni
1390 3374 1508 3438 Ratio·

324 3494 452 3563 nalismi
477 3496 667 3563 documenta
690 3502 828 3563 monent.

319 3744 372 3799 ista
388 3745 473 3813 Cong.
489 3728 600 3813 praeter
612 3744 879 3798 administrationem
895 3746 1099 3798 oeconomicam
1113 3748 1142 3797 st
1155 3744 1334 3813 spiritualem
1353 3748 1507 3800 exorcebat

318 3866 428 3921 quoque
452 3851 647 3904 auctoritatem
664 3852 950 3920 politicum-civilem,
968 3849 1021 3903 hac
1034 3850 1067 3904 de
1082 3867 1166 3903 rausa
1183 3852 1209 3905 ei
1224 3856 1335 3920 praeest
1347 3850 1508 3906 Cardinalis

322 3955 496 4011 Secretarius
515 3954 616 4009 Status.
636 3958 674 4009 At
692 3956 832 4026 ursiupatis
850 3972 867 4008 e
885 3954 1026 4009 Gubernio
1044 3955 1143 4009 italico
1161 3956 1242 4009 bonis
1257 3956 1395 4011 Basilicas
1417 3958 1507 4027 patri·

316 4061 498 4127 monialibus,
517 4080 617 4115 munns
636 4061 886 4115 administrativum
905 4077 960 4114 non
979 4078 1077 4130 parum
1095 4062 1262 4115 diminutum
1284 4062 1345 4116 fuit.

410 4163 450 4234 (l)
471 4163 529 4217 Hoc
548 4165 726 4234 consequitur
744 4180 778 4217 ex
799 4164 914 4233 publico
932 4165 995 4217 iure
1014 4180 1069 4234 quo
1086 4163 1190 4218 fruitur
1210 4163 1336 4219 Ecclesia
1361 4169 1505 4235 quatenus

320 4274 365 4324 eat
384 4268 508 4325 Societas
527 4272 649 4341 perfecta
667 4270 794 4324 ordinata
812 4270 847 4323 ad
866 4270 1088 4341 consequendum
1105 4272 1190 4340 finem
1209 4272 1349 4327 Aeternae
1368 4272 1501 4327 Beatitu-

313 4374 397 4429 dinis.
419 4374 459 4429 cf.
480 4376 625 4447 Cavagnis,
646 4376 692 4429 lib.
712 4376 762 4441 IV,
782 4394 808 4428 n.
830 4377 875 4427 17.
