3292 5109
290 264 356 330 234
817 278 902 325 enas
926 276 963 324 n.

291 404 402 470 soriali
425 403 493 489 agit
517 402 710 467 Benedictus
733 402 818 467 XIV
841 403 876 466 in
900 420 975 485 cap.
992 400 1052 477 52,
1078 398 1133 467 tib.
1150 401 1199 477 ΙΙ,
1222 420 1277 485 op.
1301 402 1355 468 eit.
1378 401 1477 467 Prin·

291 532 375 618 cipia
391 529 645 596 fundamentalia
663 549 722 595 nos
737 528 927 595 tradidimus
943 530 977 593 iu
991 530 1057 595 vot.
1075 528 1102 605 1,
1126 548 1161 595 a.
1177 528 1253 595 507
1263 548 1323 615 sq„
1336 534 1478 617 agentes

292 658 331 723 de
355 658 584 723 instrumentis.

383 779 487 846 ludex
498 799 579 844 vero
595 779 831 855 remissorialis‚
845 780 962 866 quippe
974 779 1141 867 delegatus
1152 800 1225 845 cum
1236 783 1350 868 primis
1361 780 1479 847 sedulo

293 906 440 973 attendat
461 906 579 971 limites
599 911 633 974 et
648 906 850 973 conditiones
868 906 1088 993 delegationis,
1106 927 1186 992 quas
1201 909 1386 995 transgredi
1404 908 1482 974 nul·

292 1028 410 1096 limode
433 1030 462 1095 ei
486 1028 536 1095 fas
559 1036 608 1094 est
631 1031 721 1095 iuxta
743 1030 904 1116 principia
925 1029 1046 1098 tradita
1067 1032 1133 1097 eol.
1149 1032 1178 1105 1,
1202 1050 1236 1096 a.
1255 1031 1297 1096 91
1310 1051 1360 1116 sq.

383 1156 437 1223 Ex
453 1158 549 1241 praxi
565 1154 596 1220 S.
610 1153 710 1241 cong.
728 1154 874 1220 solebant
889 1157 923 1219 in
939 1154 1062 1221 iudices
1077 1156 1311 1222 remissoriales
1326 1155 1478 1242 deputari

294 1283 363 1345 tres
386 1277 535 1363 Episcopi
559 1276 600 1341 ad
627 1297 799 1362 processus
822 1277 1025 1363 Apostolicos
1054 1274 1279 1344 conficiendos.
1311 1280 1356 1342 At
1376 1276 1479 1341 hodie

297 1422 339 1467 ex
362 1401 559 1466 Litterarum
575 1400 854 1467 Remissorialium
878 1400 1089 1486 praescripto,
1106 1405 1143 1467 ut
1160 1420 1331 1486 processus
1353 1406 1481 1486 aposto·

294 1525 350 1591 lici
366 1531 439 1593 acta
453 1523 560 1590 valida
581 1526 655 1598 sint,
672 1524 784 1591 adesse
807 1525 943 1610 singulis
966 1525 1167 1593 Sessiouibus
1190 1524 1309 1590 debent
1326 1526 1380 1590 vel
1402 1525 1478 1610 Epi·

297 1670 412 1736 scopus
436 1669 508 1715 cum
532 1669 589 1715 suo
612 1649 747 1715 Vicario
772 1648 927 1729 Generali
949 1648 1002 1713 vel
1024 1649 1180 1715 Vicarius
1209 1649 1379 1717 Generalis
1401 1668 1478 1713 cum

296 1772 419 1839 duobus
444 1772 623 1847 Iudicibus,
647 1774 704 1839 vel
733 1776 871 1857 quatuor
895 1770 1022 1837 Iudices
1051 1772 1154 1839 amul
1185 1791 1320 1857 semper
1342 1776 1374 1837 et
1396 1789 1478 1836 con·

298 1896 449 1963 iunctim.
475 1896 601 1961 ludices
624 1915 704 1960 vero
726 1901 782 1961 aut
805 1894 959 1961 canonici
983 1899 1039 1961 aut
1061 1895 1240 1981 Dignitates
1262 1894 1327 1961 sint
1349 1898 1483 1980 oportet

299 2020 502 2086 cathedralis
533 2018 710 2084 Ecclesiae.
734 2018 829 2083 Aliae
851 2038 1029 2104 personae,
1052 2021 1086 2085 in
1109 2039 1264 2105 processu
1284 2024 1397 2105 partes
1417 2017 1481 2081 ha-

298 2143 422 2227 bentas,
439 2152 513 2210 sunt
529 2144 676 2219 Notarii,
694 2142 832 2218 Neocli,
863 2144 985 2220 Testes,
1009 2146 1254 2219 Amanuenses,
1279 2141 1480 2211 Portitores.

299 2268 488 2336 Porb'tores
510 2276 594 2343 sunt,
618 2271 672 2354 qui
703 2268 743 2334 ad
774 2269 969 2335 Processum
992 2269 1026 2333 in
1056 2268 1175 2336 Urbem
1209 2267 1424 2335 deferendum
1447 2271 1483 2330 et

300 2396 330 2462 S.
356 2397 488 2463 Rituum
511 2395 763 2482 congregationi
786 2395 1004 2461 exhibendum
1028 2395 1232 2481 deputantur.

389 2522 533 2607 Denique
557 2522 639 2587 haec
654 2521 813 2585 habeatur
830 2519 954 2605 regula.
980 2554 999 2569 -
1024 2522 1063 2585 Iu
1079 2538 1234 2605 processu
1255 2519 1399 2585 iudiciali
1414 2538 1481 2584 ser·

275 2622 426 2712 'vandae
461 2650 535 2711 sunt
568 2645 702 2729 regulae
736 2644 817 2707 iuris
840 2644 1018 2709 communis
1041 2641 1226 2723 dumtaxat,
1250 2642 1277 2706 si
1299 2646 1418 2726 agatur
1440 2638 1482 2704 de

296 2786 460 2852 processu
483 2767 660 2835 ordinario
669 2788 683 2851 ;
704 2768 736 2831 in
756 2784 921 2849 processu
939 2770 1047 2831 autem
1063 2766 1257 2848 apostolico,
1273 2769 1408 2849 praeter
1421 2763 1484 2828 has

299 2894 400 2981 leges,
418 2891 641 2959 observandae
660 2898 735 2957 sunt
758 2890 1039 2976 praescriptiones,
1057 2909 1139 2974 quae
1162 2908 1227 2954 una
1246 2908 1319 2954 cum
1333 2888 1481 2954 Decretis

301 3018 424 3086 Urbani
449 3018 533 3084 VItl
568 3019 766 3084 constituunt
796 3019 846 3083 ius
876 3015 1015 3103 speciale
1039 3015 1134 3081 huius
1157 3016 1190 3082 S.
1214 3014 1482 3100 Congregationis

294 3148 335 3213 in
359 3148 465 3213 causis
489 3143 766 3210 Beatificationum
793 3149 827 3209 et
849 3141 1143 3210 canonizationum.

457 3484 533 3573 52.
561 3484 612 3550 De
635 3484 744 3550 Sacra
770 3482 1039 3569 Conprepetione
1066 3478 1322 3549 anremoaiatt.

302 3714 520 3773 Summarium.
538 3745 575 3757 -
596 3714 653 3769 195.
673 3714 749 3769 Haec
768 3713 855 3784 cong.
868 3717 912 3768 est
924 3712 1062 3785 appendix
1074 3712 1307 3784 congregationis
1319 3712 1347 3766 S.
1357 3712 1484 3771 Rituum.

393 3817 460 3872 Eius
479 3832 584 3886 scopus.
604 3844 637 3857 -
660 3816 718 3870 196.
737 3816 804 3869 llius
822 3814 1018 3885 competentia.

397 4015 469 4081 195.
495 4013 604 4079 Sixtus
627 4012 660 4077 V
684 4014 716 4077 in
740 4012 984 4079 determinando
1010 4032 1146 4079 munere
1170 4012 1270 4099 Cong.
1294 4012 1325 4079 S.
1351 4013 1481 4079 Rituum

305 4140 407 4209 edixit
441 4140 528 4213 hanc
563 4140 750 4206 incumbere
785 4138 905 4205 debere
933 4143 1011 4205 «ut
1031 4144 1162 4205 veteres
1194 4136 1282 4204 aas
1313 4136 1414 4204 Sam·

307 4266 411 4334 etiam
433 4266 470 4332 ia
496 4268 636 4350 Capella
659 4264 787 4331 Nostra
810 4264 993 4351 Pontificio
1085 4264 1300 4330 observentur
1393 4268 1426 4329 et
1445 4269 1483 4329 ut

305 4392 416 4480 Reges
438 4398 469 4459 et
498 4392 679 4476 Principes
711 4410 899 4477 eorumque
934 4390 1094 4459 Oratores
1126 4390 1283 4476 aliaeque
1311 4408 1485 4475 personae
