3292 5109
297 270 368 338 510
758 291 964 340 annnearust
988 292 1022 339 v.

297 573 325 642 c)
345 573 520 644 Dispensatio
538 573 573 626 ab
591 572 788 642 impedimenta
808 571 934 625 criminis
952 572 1074 626 admisso
1093 587 1207 626 nauseo
1226 587 1425 628 uacatunrrrr.

388 768 431 822 Ito
448 777 608 823 summetur
625 767 772 822 instantia:

459 929 624 984 Beatissimo
643 927 730 983 Pater

387 1070 561 1126 Caelestinus
580 1069 606 1124 X
620 1074 649 1126 et
663 1069 776 1124 Valeria
791 1069 828 1136 Y,
841 1085 985 1139 pauperes,
1003 1069 1089 1125 dioec.
1104 1069 1145 1137 N,
1159 1069 1266 1125 detenti
1279 1069 1480 1140 impedimento

295 1175 421 1230 criminis
440 1192 474 1230 ex
493 1176 712 1230 adulteriorum
731 1175 785 1230 fide
804 1175 878 1242 data,
897 1175 1105 1230 matrimonium
1119 1177 1192 1231 inter
1204 1193 1235 1232 se
1248 1176 1415 1232 contrahere
1427 1194 1480 1232 cu·

297 1283 414 1352 pientes,
433 1281 617 1336 Sanctitatem
636 1281 765 1336 Vestram
785 1281 818 1335 de
837 1286 1011 1351 opportunae
1029 1281 1243 1351 dispensationis
1262 1283 1355 1352 gratia
1373 1281 1480 1336 humil·

297 1390 362 1446 lime
375 1390 559 1460 deprecentur
568 1391 602 1443 ob
613 1393 761 1460 sequentes
771 1390 895 1445 rationes
905 1389 1075 1445 authenticis
1084 1389 1259 1445 documentis
1268 1393 1480 1460 comprobatam

294 1495 456 1550 scandalum
475 1495 598 1550 diuturni
617 1494 819 1550 concubinatus
841 1495 1031 1564 reparandum.

456 1671 562 1725 Forma
581 1672 730 1742 Rescripti.

387 1816 474 1868 Sacra
492 1813 711 1869 Paenitentiario
730 1817 766 1868 de
784 1817 903 1886 speciali
920 1824 947 1867 et
966 1829 1101 1885 expressa
1122 1815 1287 1886 Apostolica
1305 1817 1478 1872 Auctartate

295 1921 501 1990 suprascriptos
525 1929 651 1973 oratores
669 1937 687 1972 a
705 1920 846 1990 quibusvis
866 1920 1018 1985 sententiis,
1037 1922 1165 1973 censuris
1185 1929 1211 1972 et
1225 1922 1326 1988 poenis
1345 1920 1478 1974 ecclesia·

294 2027 371 2082 stieis
384 2037 440 2082 tum
452 2045 470 2080 a
482 2029 545 2082 iure
558 2044 642 2096 quarn
654 2025 688 2080 ab
701 2027 812 2080 nornine
825 2030 923 2096 quavis
936 2028 1078 2082 occasione
1092 2027 1139 2080 rel
1151 2042 1236 2080 eausa
1252 2026 1325 2092 latis,
1338 2029 1364 2078 si
1375 2028 1479 2096 quibus

293 2131 498 2201 quomodolibet
523 2131 649 2184 innodati
670 2131 791 2195 sintae
812 2133 943 2201 effectum
966 2132 1167 2201 infrascriptae
1192 2132 1303 2199 pratiae
1327 2133 1477 2183 dumtaxat

294 2235 513 2306 consequendae,
531 2236 614 2288 huius
638 2237 756 2306 reeripti
779 2243 876 2289 tenore
894 2237 1040 2290 absolvens
1059 2246 1086 2289 et
1104 2235 1247 2290 absolutas
1266 2240 1330 2306 sore
1349 2253 1474 2302 censens,

299 2341 448 2395 Oratarum
471 2341 621 2395 Ordinaria
641 2342 805 2412 facultatem
826 2343 1035 2406 comoediarum
1053 2345 1153 2396 iisdem
1171 2343 1339 2406 oratoribus,
1358 2351 1475 2406 remota,

293 2459 429 2517 quatenus
447 2451 528 2516 adsit,
547 2449 679 2504 scattdala
698 2452 865 2520 praesertim
881 2465 937 2519 per
954 2452 1158 2519 separationem
1175 2459 1302 2518 tempore
1318 2449 1371 2502 sibi
1384 2449 1472 2502 bene·

295 2560 362 2622 aisa,
380 2561 406 2610 si
422 2558 487 2628 fieri
500 2568 600 2628 potest,
619 2576 652 2612 ac
668 2560 787 2628 praeuia
806 2559 865 2610 siue
878 2573 931 2627 per
943 2573 973 2610 se
985 2561 1044 2609 siae
1060 2575 1114 2628 per·
1132 2558 1220 2611 aliam
1239 2558 1475 2634 idoneameecle·

293 2667 433 2720 siusticam
451 2682 600 2736 personam
619 2667 654 2719 ab
675 2665 715 2719 Eo
734 2667 771 2718 ad
789 2667 840 2719 ltoc
853 2666 1014 2736 specialiter
1025 2667 1078 2719 boc
1091 2669 1150 2720 rice
1163 2677 1272 2720 tantum
1283 2667 1476 2736 depttttmdam

293 2788 392 2826 eorum
411 2772 582 2824 absolutione
600 2789 618 2824 a
637 2771 761 2825 censuris
780 2780 806 2824 et
822 2771 920 2839 paenis
934 2771 1137 2838 ecelesiasticis,
1151 2774 1257 2841 siquas
1270 2773 1305 2825 ab
1318 2775 1476 2841 praemissa

294 2881 475 2944 incurrerint,
495 2889 519 2932 et
538 2879 573 2932 'ab
597 2880 732 2933 adulterii
755 2880 879 2934 reatibus
903 2896 966 2932 cum
990 2883 1074 2948 praei
1095 2881 1268 2949 poenitentia
1292 2882 1422 2946 saluueri,
1449 2884 1475 2933 si

294 3001 362 3038 vera
381 2985 435 3037 sint
454 2985 587 3053 enposita,
607 2985 755 3037 dummodo
774 2995 876 3038 neuter
888 2987 918 3036 in
927 2985 1036 3054 prioris
1049 2986 1174 3053 contupis
1187 3001 1284 3038 necem
1297 2985 1474 3038 maritaratus

292 3091 390 3160 suerit,
410 3099 437 3144 et
455 3107 541 3159 snper
561 3091 651 3159 petita
675 3091 880 3159 dispensatione
904 3105 1040 3143 recursus
1058 3093 1095 3143 ud
1113 3093 1304 3160 Apostatieam
1328 3092 1476 3144 Duratium

292 3193 386 3259 suctus
400 3207 454 3242 non
467 3191 511 3254 sit,
528 3189 662 3258 aliudque
676 3192 714 3242 cis
728 3190 891 3242 canonicum
904 3205 960 3242 non
974 3191 1059 3243 obstet
1072 3192 1310 3259 impedimentum.
1324 3194 1473 3260 quominus

294 3298 419 3366 lepitimo
437 3299 614 3349 matrimonia
634 3297 764 3365 cottinnpi
781 3298 898 3366 possint,
916 3313 1003 3365 super
1021 3299 1158 3350 recensito
1170 3298 1200 3348 in
1211 3297 1342 3366 precibus
1356 3297 1475 3367 impedi·

293 3414 385 3458 mento
404 3413 442 3470 ut,
460 3405 511 3457 illo
528 3423 562 3458 ae
577 3405 749 3475 praemissis,
764 3414 789 3458 et
806 3405 1047 3458 Constitutionibus
1060 3413 1142 3474 atque
1158 3403 1387 3458 ordinationibus
1398 3405 1475 3474 Apo-

208 3569 212 3574 ,
292 3511 406 3577 stolicis,
426 3515 579 3580 ceterisque
598 3515 747 3566 contrariis
760 3514 979 3582 quibuscumque
991 3529 1047 3565 non
1061 3515 1238 3576 obstantibus,
1259 3514 1472 3566 matrimonium

293 3631 409 3691 uterque
428 3625 500 3675 inter
518 3637 549 3675 se
565 3623 686 3692 publice,
711 3631 825 3676 seruata
848 3626 942 3692 serrem
970 3622 1050 3677 Sacri
1077 3621 1196 3676 Consilii
1218 3622 1384 3688 Tridentini,
1409 3641 1473 3678 con-

292 3733 405 3784 trahere
424 3741 450 3784 et
467 3731 498 3784 in
516 3747 547 3785 eo
563 3732 741 3801 postmodnm
760 3705 911 3786 remanere
926 3731 1047 3786 licitene
1067 3733 1156 3786 libere
1174 3731 1295 3798 ealeartt,
1313 3735 1381 3802 pari
1398 3734 1474 3802 Apo-

291 3838 392 3892 stolica
413 3837 584 3890 Auctor-itate
609 3839 638 3890 in
663 3847 780 3906 utroque
799 3841 863 3906 fora
881 3838 1104 3892 misericorditer
1123 3847 1150 3891 et
1166 3836 1256 3908 pratis
1273 3837 1473 3906 dispensandi:

288 3947 405 4016 prolem
423 3947 481 3999 siue
498 3954 663 4015 susceptum,
681 3959 738 3997 non
757 3944 892 3998 tamenin
904 3943 1046 3997 adulteria
1060 3952 1228 4012 conceptam,
1246 3943 1306 3996 siae
1318 3944 1475 4013 suscapien-

291 4055 357 4106 dnm
376 4055 479 4108 exinde
499 4053 650 4122 lepitimant
670 4055 847 4107 decernendo
865 4070 899 4106 ac
917 4053 1070 4121 respective
1087 4051 1255 4103 nuncianda.

382 4163 493 4227 Daturrt,
513 4172 563 4216 etc.
