3292 5109
313 254 359 321 68
834 277 920 323 rens
943 277 982 323 u.

315 405 467 483 ponnur
486 399 655 483 sorneula:
678 402 735 467 An
763 402 929 469 sennua
950 402 1071 471 rotatis
1099 404 1143 469 sil
1172 402 1412 489 confirmanda
1440 402 1497 468 ael
1549 469 1557 481 ,

312 524 537 611 infirmanda.
563 561 580 575 -
601 526 786 593 Fomnula:
810 527 868 593 An
882 534 1008 595 constet
1022 528 1067 593 de
1079 546 1119 593 re
1135 526 1288 593 iudicata
1302 544 1364 593 sen
1377 526 1497 609 potia

312 650 356 715 de
378 650 490 717 causis
518 650 739 717 restitutionis
768 650 807 717 in
835 651 1008 737 inteprum
1032 686 1051 699 -
1076 650 1278 718 observatur
1300 656 1434 716 tantum
1455 650 1496 716 in

311 774 425 841 aaran
440 775 660 841 restitutionis
682 776 720 841 in
742 776 961 863 talearum».
981 778 1019 840 ln
1034 776 1173 842 articulo
1187 777 1335 861 sequenti
1352 774 1450 857 1030,
1473 794 1496 840 e

311 903 436 971 contra,
455 898 496 963 de
511 896 666 965 tribunali
690 897 892 964 Clericorum
916 898 1074 965 Gamerae
1089 902 1202 985 Apost.
1225 898 1271 963 ita
1293 896 1494 963 decernitur.

312 1042 332 1083 ‹
348 1022 392 1087 ln
415 1022 579 1089 ln‘banali
599 1024 725 1106 plenae
743 1022 909 1089 Gamerae
924 1042 1042 1090 omnes
1056 1022 1207 1089 maiores
1221 1040 1346 1088 carnae
1362 1038 1495 1103 propo·

309 1152 438 1214 nentur
451 1148 515 1215 urb
536 1167 578 1215 ea
599 1147 773 1231 famula:
793 1148 887 1213 -An
908 1146 1076 1214 sententia
1098 1144 1280 1213 ostunalis
1295 1143 1339 1210 N.
1354 1145 1399 1209 sit
1417 1163 1494 1209 oon·

309 1274 485 1358 meaa
507 1274 559 1339 oa
583 1272 795 1358 infirmanda
812 1307 842 1336 -.
865 1271 1033 1338 rreum
1052 1252 1133 1337 aaa
1153 1290 1259 1353 aper
1277 1270 1412 1356 sapae
1432 1268 1494 1335 aa·

310 1394 364 1464 bio
386 1398 538 1464 rationes
559 1396 748 1476 decimati,
771 1415 861 1481 qaae
883 1401 1051 1462 vocantur
1072 1412 1164 1462 vora
1186 1414 1384 1461 causamn
1403 1415 1434 1459 ›.

399 1522 454 1588 70.
479 1522 558 1589 (lum
581 1522 668 1589 dubii
695 1522 947 1588 concordatione
970 1522 1035 1586 alia
1056 1522 1168 1587 unitur
1190 1522 1351 1606 quaestio,
1375 1540 1494 1606 nempe

310 1648 550 1714 cleta-minatio
567 1646 635 1713 diei
646 1645 892 1731 propositionis
907 1664 1034 1712 causae
1047 1646 1085 1711 in
1099 1644 1198 1713 Rota.
1212 1644 1374 1730 Siquidem
1388 1646 1493 1730 partis

308 1768 522 1855 diligentioris
545 1771 682 1835 interest
704 1788 799 1852 quem
823 1769 920 1834 citius
942 1788 1072 1834 causam
1096 1766 1240 1845 definiri;
1264 1767 1321 1834 sed
1338 1770 1433 1833 unius
1447 1769 1492 1833 al·

307 1896 474 1978 tenusque
497 1895 599 1979 partis
622 1895 757 1959 interest
772 1900 807 1960 ut
821 1898 949 1979 tempus
970 1893 1055 1959 adsit
1077 1892 1240 1959 sufficiens
1254 1893 1296 1959 ad
1311 1894 1491 1979 parandam

308 2019 478 2106 ligitimam
502 2038 635 2083 suorum
652 2020 769 2085 iurium
785 2018 1017 2085 defensionem.
1040 2018 1127 2085 Hinc
1142 2022 1177 2083 in
1192 2020 1345 2085 citatione
1359 2019 1401 2085 ad
1416 2040 1493 2087 con·

308 2144 507 2212 cordaudum
524 2143 653 2211 dubium
669 2146 770 2211 inseri
785 2145 868 2210 solet
884 2145 1032 2210 invitatio
1047 2146 1144 2211 etiam
1158 2143 1200 2209 ad
1211 2144 1491 2212 determinandum

307 2270 392 2336 diem
415 2270 641 2355 propositionis
664 2274 709 2341 ut,
725 2269 837 2335 eadem
861 2270 1045 2335 audientiae
1063 2268 1125 2344 die,
1142 2278 1281 2355 utraque
1300 2270 1493 2337 deliberatio

307 2398 500 2460 assumatur.
525 2392 616 2467 Quod
648 2394 675 2459 si
708 2410 872 2479 unapars
903 2412 969 2457 non
993 2400 1180 2480 compareat
1200 2416 1260 2481 pro
1289 2394 1384 2461 dubio
1415 2416 1492 2462 con·

306 2517 481 2591 condendo,
503 2523 581 2585 tunc
607 2520 764 2584 invitatur
779 2517 819 2583 ad
836 2517 1100 2585 subscribendum
1117 2519 1246 2587 dubium
1262 2522 1325 2586 iam
1349 2542 1490 2588 concor·

306 2643 416 2708 datum
440 2646 474 2708 et
495 2641 536 2707 ad
562 2641 841 2709 determinandum
873 2643 963 2708 diem
982 2644 1237 2725 propositionis.
1257 2664 1373 2731 nempe
1403 2646 1489 2713 diem

304 2770 339 2835 in
363 2788 425 2853 quo
449 2788 549 2834 causa
571 2766 781 2850 disceptatio
803 2786 824 2831 a
846 2766 1004 2834 iudicibus
1027 2768 1244 2835 Auditoribus.
1262 2806 1281 2819 ·
1303 2774 1341 2836 ln
1365 2773 1489 2839 citatio·

304 2888 400 2955 uibus
430 2887 561 2954 edendis
585 2888 630 2972 (et
652 2889 715 2953 hoc
738 2887 838 2953 semel
869 2907 929 2973 pro
959 2908 1088 2973 semper
1110 2889 1320 2975 advertimus)
1351 2891 1490 2959 intentio

305 3016 355 3077 est
378 3012 476 3078 huius
499 3009 687 3083 tribunalis,
711 3015 744 3076 et
766 3010 904 3075 aliorum
925 3010 1138 3078 tribunalium
1162 3013 1279 3078 Curiae
1295 3012 1352 3100 (1),
1376 3016 1408 3078 in
1433 3034 1489 3101 ge-

304 3156 403 3209 nere.
428 3142 463 3203 ut
487 3156 559 3201 nna
593 3132 731 3200 sufficiat
764 3136 873 3201 citatio
903 3154 964 3200 uec
987 3135 1081 3201 trina
1111 3141 1168 3201 aut
1198 3156 1264 3203 una
1289 3143 1488 3221 perernpto·

303 3260 360 3325 ria
384 3260 580 3344 requiratur,
595 3259 700 3343 prouti
717 3260 868 3324 statuitur
883 3260 954 3324 iure
970 3261 1130 3324 communi
1148 3258 1203 3343 (ci.
1219 3261 1284 3326 vol.
1302 3264 1328 3343 Ι,
1344 3282 1377 3328 u.
1393 3262 1488 3349 403).

304 3385 367 3454 Sed
398 3386 430 3449 in
461 3404 553 3449 more
584 3390 634 3448 est
664 3384 777 3448 saltem
806 3384 951 3449 alteram
979 3383 1058 3450 dare
1089 3386 1274 3451 citationem
1299 3383 1340 3449 ad
1364 3387 1487 3451 consti·

302 3512 455 3578 tuendam
487 3512 589 3596 pertis
620 3511 867 3583 contumaciam,
892 3532 949 3575 seu
974 3518 1010 3578 ut
1033 3512 1170 3576 ulterius
1199 3512 1394 3597 procedatur
1417 3533 1486 3579 non

302 3634 449 3703 obstante
477 3635 546 3699 eius
576 3633 739 3715 absentia,
768 3635 918 3699 nimirum
950 3636 1040 3720 quasi
1071 3654 1148 3721 pars
1177 3635 1321 3721 legitime
1350 3656 1486 3723 compa·

302 3758 416 3823 ruerit.
441 3758 487 3824 Ct.
519 3757 583 3823 Cod
607 3760 660 3825 cit.
684 3759 783 3845 Greg.
811 3763 878 3824 art.
902 3758 987 3824 1034
1018 3760 1123 3845 quoad
1146 3780 1257 3826 casum
1284 3759 1410 3826 dandae
1435 3780 1487 3826 se

301 3881 427 3948 eundae
457 3881 634 3957 citationis;
660 3887 692 3947 et
715 3886 779 3947 art.
807 3882 890 3947 1031
916 3883 1021 3967 quoad
1051 3883 1221 3951 dilationes
1252 3886 1483 3972 propositionis

302 4021 429 4069 musae.

391 4286 431 4358 tl)
451 4284 622 4355 Ridolphini,
638 4286 740 4339 Pravis
752 4290 901 4343 recentior.
916 4286 993 4341 Part.
1007 4288 1030 4353 I,
1048 4306 1107 4359 cap.
1121 4292 1150 4355 2,
1163 4308 1189 4344 n
1203 4292 1245 4343 43
1257 4307 1314 4361 seq.
1332 4295 1362 4345 et
1380 4292 1415 4346 ci.
1429 4290 1486 4347 De·

316 4395 408 4447 retum
427 4392 453 4445 S.
475 4392 560 4462 Coug.
581 4392 635 4446 ΕΒ.
655 4396 686 4447 et
704 4392 763 4447 Ru
783 4394 840 4447 diei
859 4396 882 4445 5
901 4394 975 4465 Sept.
994 4395 1083 4461 1834,
1101 4400 1119 4461 ἓ
1138 4397 1163 4451 5.
