3292 5109
315 272 380 337 114
831 290 915 339 runs
940 291 977 337 11.

312 418 398 503 gatis
409 436 524 501 parva
534 417 586 500 (1)
602 417 728 483 censuit
744 416 953 481 referendum
965 416 1180 488 sanctissimo,
1194 418 1222 481 si
1233 415 1322 489 velit,
1337 417 1488 483 Nuntium

313 562 430 608 curare
454 548 490 610 ut
511 543 640 610 litterae
664 540 758 609 card.
776 542 808 609 S.
826 541 909 608 sixti
931 542 1100 607 mittantur
1123 543 1316 609 evecvtiovi
1337 548 1433 629 prout
1455 546 1489 609 in

312 666 398 742 aliis;
422 684 464 730 an
486 665 566 729 velit
589 663 767 731 concedere
789 664 895 729 Breve
909 667 946 727 ut
967 662 1085 729 litteris
1106 664 1169 729 illis
1191 662 1271 729 fides
1294 670 1489 750 praestetur.

313 794 370 857 Die
393 792 437 857 23
460 791 522 856 feb.
546 788 632 855 1577
656 787 817 854 Sanctitas
842 788 908 855 Sua
932 788 1021 861 dixit,
1047 787 1130 871 quod
1154 786 1339 853 scribantur
1362 789 1491 854 litterae

312 920 352 983 ad
377 919 546 998 Nuntium,
578 920 614 982 ut
639 919 778 979 testetur
803 914 886 999 Regi
910 918 944 977 et
966 915 1018 978 cui
1041 934 1121 998 opus
1144 915 1224 994 erit,
1248 913 1332 997 quod
1358 913 1493 979 decreta

313 1046 411 1130 Gong.
429 1042 563 1110 Consilii
578 1041 672 1107 solita
687 1046 761 1105 sunt
776 1037 952 1125 significari
976 1040 1052 1105 solis
1068 1039 1200 1116 litteris3
1224 1045 1258 1105 et
1272 1040 1318 1103 ita
1332 1039 1493 1105 hactenus

312 1172 470 1232 executae
493 1168 568 1231 sunt
589 1184 728 1249 semper,
752 1182 815 1227 nec
839 1183 918 1247 opus
942 1182 1013 1227 esse
1037 1164 1144 1227 Breve
1164 1184 1194 1227 s.

405 1290 477 1355 105.
504 1287 599 1353 Aliud
627 1288 813 1369 requisitum
839 1285 1022 1369 etquidem
1054 1289 1249 1371 potissimum
1278 1288 1320 1353 ad
1345 1290 1494 1354 valorem

311 1416 457 1478 actorum
473 1415 572 1476 estut
587 1413 737 1474 servetur
757 1410 992 1493 competentiae
1008 1408 1102 1473 ordo:
1127 1411 1160 1473 in
1184 1409 1268 1493 quod
1291 1402 1492 1495 propesitum

312 1540 374 1604 hae
396 1526 569 1603 teneantur
591 1534 726 1620 regulae
748 1534 810 1616 (2).

404 1661 434 1748 l)
458 1661 742 1747 congregationes
760 1660 877 1744 quippe
901 1678 983 1743 quae
1007 1663 1109 1745 agunt
1132 1680 1191 1744 pro
1207 1660 1272 1726 ivri
1295 1661 1424 1725 externi
1445 1682 1494 1725 re

311 1788 441 1872 gimine,
466 1804 529 1848 non
553 1790 628 1847 sunt
651 1786 870 1866 competentes
893 1783 954 1846 nisi
986 1783 1018 1845 in
1050 1783 1180 1867 negotia
1213 1788 1331 1846 natura
1354 1802 1414 1847 sua
1438 1804 1495 1868 pu-

310 1911 404 1981 blica,
430 1928 530 1993 quare
554 1926 705 1973 recursus
729 1914 761 1971 et
784 1908 955 1992 petitiones
978 1908 1012 1971 in
1036 1906 1068 1972 S.
1086 1907 1396 1992 congregationibus
1418 1929 1495 1993 pro·

311 2034 433 2119 positae
450 2033 577 2097 referre
592 2029 710 2095 debent
725 2049 843 2094 nomen
862 2034 896 2093 et
911 2048 1091 2114 cognomen
1108 2032 1257 2094 oratoris.
1283 2031 1494 2096 Contrarium

311 2164 463 2225 servatur
484 2160 518 2221 in
543 2156 798 2222 Poenitentiaria
829 2154 978 2219 ordinata
1000 2154 1041 2220 ad
1065 2154 1171 2219 forum
1199 2157 1380 2232 internum,
1406 2157 1496 2222 unde

311 2303 464 2349 recursus
495 2282 535 2345 ad
558 2280 702 2345 eamdem
731 2276 828 2352 liunt,
854 2279 981 2343 reticito
1012 2280 1141 2343 nomine
1173 2284 1205 2343 et
1227 2282 1418 2365 cognomine
1445 2303 1498 2349 re

312 2408 484 2471 currentis.

401 2532 433 2620 2)
458 2533 636 2614 Unicuique
667 2530 917 2615 Congregationi
953 2530 1118 2616 peculiare
1153 2533 1355 2615 negotiorum
1387 2551 1498 2617 genus

310 2654 464 2720 tributum
489 2658 554 2729 est;
580 2673 631 2718 ex.
657 2672 706 2738 gr.
731 2653 934 2736 quaestiones
966 2653 1167 2736 pertinentes
1189 2651 1230 2716 ad
1260 2651 1355 2717 fidem
1377 2656 1499 2721 exclu-

310 2780 379 2844 sive
395 2799 452 2843 seu
463 2776 633 2861 privative
649 2779 836 2861 competunt
852 2775 1103 2861 Congregationi
1121 2775 1152 2841 S.
1167 2774 1274 2842 Officii
1289 2778 1343 2841 rel
1360 2776 1498 2852 Indicis
1588 2822 1592 2828 ›
1617 2825 1618 2852 2

312 2904 514 2985 quaestiones
537 2903 626 2965 circa
649 2902 721 2965 iura
738 2908 769 2967 et
785 2900 995 2985 obligationes
1020 2901 1256 2987 Religiosorum
1280 2908 1429 2987 spectant
1454 2905 1499 2969 ad
1617 2935 1618 2938 ¹

312 3027 602 3113 Congregationem
630 3028 862 3111 Episcoporum
888 3031 922 3091 et
945 3025 1156 3111 Regularium
1181 3028 1365 3103 conclusive,
1391 3034 1425 3094 et
1451 3030 1501 3094 ita
1617 3029 1618 3082 ἒ

311 3171 426 3237 porro,
451 3151 532 3215 adeo
556 3156 591 3216 ut
617 3151 680 3214 alia
707 3152 922 3235 congregatio
945 3143 1129 3215 huiusmodi
1156 3153 1286 3235 negotia
1315 3152 1498 3219 nullimode
1617 3145 1618 3210 Ῠ

310 3275 418 3340 valeat
440 3294 608 3359 peragere.
633 3275 679 3340 At
702 3276 847 3358 exceptis
870 3273 922 3338 his
945 3273 1163 3358 peculiaribus
1186 3276 1333 3360 negotiis,
1359 3294 1501 3343 consue
1617 3283 1618 3288 ’

311 3402 422 3467 tudine
443 3400 565 3466 iactum
589 3406 639 3466 est
662 3406 697 3465 ut
720 3401 784 3465 alia
806 3400 1086 3465 indiscriminatim
1110 3400 1263 3466 videlicet
1286 3404 1502 3471 cumulatius

311 3528 352 3592 ab
378 3547 443 3592 una
464 3528 518 3592 vel
541 3527 581 3592 ab
605 3527 670 3591 alia
692 3526 952 3611 Congregatione
980 3531 1212 3593 tractarentur.
1237 3529 1363 3593 Verum
1387 3550 1501 3615 prono

311 3654 404 3718 alveo
416 3651 491 3717 inde
503 3649 596 3717 fluxit
607 3650 724 3717 abusus
737 3649 936 3736 proponendi
948 3652 1044 3717 alteri
1056 3652 1307 3738 Congregationi
1320 3656 1502 3737 petitiones

401 3863 440 3931 (1)
459 3862 646 3932 congregatio
662 3878 754 3931 parva
774 3865 836 3916 erat
855 3862 1001 3916 consilium
1020 3865 1151 3916 constans
1170 3880 1205 3917 ex
1224 3866 1343 3933 quatuor
1356 3864 1502 3921 cardina-

311 3968 394 4033 libus,
406 3966 453 4039 qui
473 3968 508 4020 ab
527 3965 608 4019 initio
626 3965 655 4018 iu
669 3964 894 4035 Congregatione
907 3965 1025 4019 Concilii
1044 3962 1114 4019 illud
1127 3968 1299 4037 peragebant
1317 3970 1391 4039 quod
1410 3969 1503 4028 hodie

311 4076 400 4142 agunt
417 4070 573 4125 Cardinalis
592 4070 753 4125 Praefectus
773 4074 802 4125 et
821 4070 1002 4125 Secretarius.
1145 4076 1148 4081 '

400 4178 439 4250 (2)
458 4176 562 4233 Verum
583 4192 669 4248 usque
688 4176 721 4229 ad
740 4180 840 4231 nostra
859 4180 985 4247 tempora
1003 4178 1180 4233 observatum
1198 4180 1253 4234 fuit
1271 4182 1428 4235 sententias
1451 4171 1502 4240 i'u·
1617 4241 1618 4244 ,

311 4284 425 4340 dictales
443 4301 499 4339 non
517 4283 677 4339 demandari
702 4283 859 4339 executioni
886 4284 941 4337 nisi
963 4284 1106 4339 decretum
1131 4286 1276 4342 accederat
1300 4289 1503 4345 executor-isle
1617 4287 1618 4290 ’

311 4390 453 4446 Auditoris
472 4390 563 4455 eamr
583 4388 664 4445 hodie
683 4394 712 4443 st
730 4388 783 4443 hoc
801 4388 950 4457 obsolevit,
969 4394 1001 4444 ut
1020 4390 1094 4445 intra
1112 4391 1322 4462 explicabimus.
