3292 5109
792 688 907 754 cison
930 688 976 753 ll.

642 900 688 955 DE
713 900 917 955 TRlBUNALl
942 901 970 954 S
996 900 1127 956 ROTAR

295 1128 513 1187 &mmm
530 1160 565 1174 -
583 1132 627 1186 ta
645 1133 730 1187 Notio
748 1150 798 1186 seu
817 1133 969 1187 instructio
985 1149 1134 1186 musarum
1152 1132 1325 1186 iudicialium
1342 1131 1473 1185 eommit·

383 1237 494 1291 tebatur
513 1238 559 1290 uni
578 1254 615 1291 ex
633 1237 789 1307 capellanis
803 1238 904 1307 Papae,
924 1238 972 1309 qui
991 1238 1057 1293 dein
1075 1238 1235 1293 referebant
1251 1238 1281 1291 in
1293 1235 1471 1291 Consistorio

381 1368 417 1381 -
435 1340 478 1395 ⁴3
499 1341 645 1397 Sententia
664 1343 808 1397 serebatur
820 1342 851 1395 in
862 1341 1044 1396 Consistorio
1062 1370 1099 1383 -
1116 1341 1162 1394 44.
1180 1340 1283 1395 Postea
1300 1342 1393 1409 coepit
1410 1340 1475 1408 ipsa

381 1450 538 1504 iurisdictio
562 1465 704 1504 εοιιιττι
730 1450 778 1503 uni
804 1452 855 1502 aut
878 1449 1005 1518 pluribus
1028 1448 1192 1518 capellanis.
1208 1475 1247 1490 -
1270 1446 1336 1503 lude
1358 1452 1475 1502 enatum

381 1560 426 1611 aet
442 1555 594 1625 collegium
612 1573 662 1610 seu
681 1554 805 1610 tribunal
825 1554 992 1609 Auditorum
1010 1572 1158 1609 eaumrum
1176 1554 1203 1608 S
1217 1554 1330 1619 Palatii,
1347 1572 1396 1607 sau
1415 1555 1475 1607 Au-

381 1662 502 1717 ditorum
515 1662 541 1715 S.
557 1662 654 1718 Rotae.
673 1662 825 1724 Quaeritur
843 1663 916 1716 unde
935 1679 1038 1718 nomen
1050 1680 1068 1715 ‹
1082 1664 1110 1717 S
1122 1663 1212 1718 Rotae
1224 1678 1243 1718 ›
1253 1662 1408 1717 derivatum
1425 1661 1473 1715 sit

382 1890 436 1955 42.
461 1890 564 1977 Origo
586 1892 682 1957 buius
705 1890 879 1957 tribunalis
892 1893 928 1956 in
943 1890 1088 1957 tenebris
1110 1890 1270 1959 delitescit
1292 1890 1478 1957 remotioris

292 2015 501 2100 antiquitatis,
514 2017 595 2082 adeo
618 2023 655 2086 ut
669 2018 817 2083 nonnulli
840 2017 960 2084 eruditi
985 2038 1052 2084 nou
1074 2017 1222 2084 dubitent
1242 2017 1320 2082 illud
1342 2015 1384 2081 ad
1404 2017 1480 2101 ipsa

292 2138 379 2206 sedis
394 2160 550 2205 romanae
563 2142 748 2227 Apostolioa
764 2149 913 2228 tempora
928 2141 1124 2227 reterress).
1142 2141 1266 2208 Varum
1282 2142 1329 2207 uti
1342 2140 1439 2225 louge
1453 2159 1479 2204 a

291 2264 430 2329 veritate
441 2263 574 2331 aberrat
586 2267 641 2350 qui
654 2266 833 2332 arbitratur
844 2266 940 2333 buius
952 2267 1080 2353 collegii
1092 2268 1349 2332 constitutionem
1362 2265 1394 2328 in
1406 2272 1474 2329 tam

291 2390 421 2457 ocorrlta
444 2399 550 2458 aetate
572 2396 739 2478 reperire;
762 2396 808 2459 itu
830 2396 961 2461 vemtati
981 2403 1158 2459 consonum
1174 2399 1233 2463 est,
1249 2413 1294 2458 ex
1308 2390 1477 2477 primodiis

291 2514 460 2581 Ecclesiae
479 2535 634 2582 romanae
650 2524 801 2603 repetere
816 2518 913 2583 buius
927 2517 1099 2582 tribunalis
1115 2518 1249 2583 initium.
1274 2516 1359 2581 Sane
1375 2534 1472 2599 quum

291 2658 411 2704 causae
441 2640 608 2705 iudiciales
642 2640 755 2707 saltem
787 2643 958 2727 graviores
991 2647 1089 2705 autea
1122 2639 1354 2705 dirimerentur
1386 2636 1473 2723 apud

290 2762 529 2849 presbyterium
555 2782 709 2829 romanae
732 2764 828 2845 sedis,
845 2771 957 2849 postea
976 2766 1010 2829 in
1030 2766 1225 2830 consistorio
1240 2762 1471 2837 cardinalium,

289 2880 393 2947 litium
415 2903 589 2969 processus
611 2884 653 2949 ad
674 2885 798 2950 iudices
821 2884 1054 2950 deferebantur
1076 2886 1139 2949 iam
1162 2886 1311 2950 instructi
1335 2890 1368 2947 et
1391 2880 1471 2948 deb·

289 3006 402 3071 nitioni
426 3009 531 3093 parati
553 3008 594 3073 ab
621 3010 660 3073 iis
685 3010 794 3095 Papae
817 3010 1017 3076 adiutoribus
1039 3011 1094 3093 qui
1116 3030 1235 3075 causae
1261 3007 1471 3074 instruendae

289 3132 573 3199 adlaboraverant.
590 3169 608 3184 -
621 3134 797 3201 Adiutores
813 3135 1016 3223 eligebantur
1033 3116 1190 3202 intereos
1213 3136 1356 3220 quicum
1380 3134 1474 3217 Papa

289 3258 388 3323 vitam
412 3258 552 3343 agebant
576 3278 787 3341 communem,
801 3259 1002 3327 mbirularii
1024 3266 1081 3325 aut
1104 3258 1275 3343 capellani
1293 3255 1470 3341 nuncupati

291 3389 324 3448 st
346 3384 530 3450 reoentiore
553 3390 659 3451 aetate
675 3386 860 3452 Auditores
881 3406 1052 3451 causarum
1070 3384 1102 3450 S.
1124 3384 1171 3456 Ρ.,
1183 3383 1238 3447 sed
1254 3383 1327 3447 aliis
1342 3400 1472 3466 quoque

291 3506 473 3572 nominibus
496 3506 647 3572 distincti.
666 3543 683 3556 -
712 3510 768 3576 lsti
793 3509 1005 3585 cubicularii,
1022 3508 1202 3592 capellani,
1219 3507 1394 3572 auditores
1417 3508 1472 3589 qui

289 3634 387 3697 antea
409 3636 532 3698 tautum
550 3652 668 3697 causae
683 3633 855 3700 notionem
872 3632 1057 3699 habueruut
1071 3632 1260 3718 delegatam,
1279 3630 1472 3695 Auditorum

289 3756 322 3822 S.
348 3757 452 3823 Rotae
474 3777 553 3823 vere
577 3764 652 3823 sunt
674 3759 836 3842 antiquius
858 3761 1038 3845 vestigium.

377 4002 417 4067 (ll
436 4000 476 4055 Cf.
498 4002 616 4066 bloi-oui,
638 4019 682 4071 op.
702 4002 749 4057 eit.
770 4002 802 4055 V.
824 4004 933 4057 Uditori
956 4005 988 4057 di
1013 4003 1091 4055 Rutu.
1121 4000 1180 4054 Hoo
1207 3999 1331 4054 tribuual
1360 4002 1475 4067 praeter

289 4106 315 4158 S.
330 4105 508 4161 catharinam
522 4108 666 4176 Virginem
680 4108 836 4178 Martyrum
851 4110 1068 4164 Alexandrinam
1083 4128 1101 4161 a
1116 4109 1186 4161 ltota
1198 4106 1310 4170 dictam,
1325 4113 1472 4175 patronam

289 4212 454 4266 Auditorum
475 4213 634 4277 caelestem,
648 4214 732 4267 etiam
753 4215 781 4265 iu
800 4214 950 4269 coelo-tem
971 4222 1118 4284 patronum
1137 4213 1225 4281 elegit
1239 4213 1268 4264 D.
1282 4210 1471 4281 Augustiuum

289 4316 517 4373 Cautum-tensum
532 4320 651 4389 Angliae
666 4318 872 4387 Apostolorum,
883 4336 965 4390 quem
986 4320 1071 4373 Divus
1083 4319 1234 4389 Gregorius
1247 4319 1368 4387 Magnus
1388 4313 1475 4369 titulo

288 4423 449 4481 honestavit
468 4428 612 4481 Auditoris
630 4428 693 4481 met.
