3292 5109
488 298 533 345 ns
556 298 696 347 rumoris
719 296 986 346 sccussrasrrcrs
1271 288 1334 355 231

251 426 328 494 192.
352 426 435 502 Quia
458 445 575 493 causae
599 422 876 491 Beatificationum
899 431 933 491 et
955 427 1238 495 canonizationum
1253 432 1340 499 illius

158 557 236 619 sunt
258 558 411 627 naturae,
436 557 472 618 ut
494 551 707 618 vehementer
737 552 881 617 excitent
905 551 1044 619 studium
1066 559 1100 618 et
1121 556 1339 625 curiositatem

165 676 276 763 populi
292 677 469 753 christiani,
486 677 565 743 hinc
580 696 622 741 ne
637 675 753 763 vulgus
776 676 843 741 suis
866 676 1024 744 instantiis
1046 677 1219 746 deflectere
1234 682 1341 748 valeat

159 822 183 867 a
197 804 339 871 veritate
361 804 503 869 animum
526 802 666 869 iudicum
689 802 890 887 aliorumque
913 800 1097 869 officialium
1112 806 1145 868 iu
1161 802 1341 869 huiusmodi

161 930 269 996 causis
297 929 544 1015 cognoscendis,
568 928 693 996 sivein
716 948 872 1015 processu
901 928 1066 995 ordinario
1089 934 1145 996 aut
1166 929 1341 1015 apostolico

161 1055 234 1121 sive
260 1056 295 1120 iu
318 1052 628 1141 congregationibus
658 1053 743 1139 apud
768 1052 900 1121 curiam
923 1054 1016 1120 Rom.
1040 1052 1168 1131 habitis
1186 1059 1340 1121 statutum

161 1179 232 1255 fuit,
258 1178 385 1246 ludices
408 1179 592 1245 ordinarios
607 1178 661 1243 vel
675 1178 850 1265 delegatos,
874 1180 960 1264 ipsos
982 1178 1180 1255 cardinales,
1205 1178 1340 1247 Promo-

162 1310 271 1373 torem
294 1304 384 1371 Fidei
407 1310 440 1371 et
462 1304 762 1391 Subpromotorem,
787 1305 892 1371 Rotae
914 1305 1098 1379 Auditores.
1122 1308 1340 1381 Consultores.

167 1433 335 1499 Notarium
357 1433 539 1498 iuramento
558 1430 805 1517 obstringendos
820 1451 892 1497 esse
906 1430 947 1497 ad
963 1431 1157 1497 servandum
1179 1441 1339 1501 secretum

163 1554 222 1623 sub
245 1574 351 1641 poena
372 1555 507 1641 periurii
524 1558 557 1619 et
576 1554 918 1621 excommunicationis
935 1556 1022 1621 latae
1037 1558 1227 1640 sententiae,
1243 1579 1264 1624 a
1279 1578 1342 1643 qua

164 1682 291 1747 nonnisi
310 1701 330 1746 a
347 1682 492 1746 Romano
510 1676 667 1745 Pontifice
684 1676 830 1766 (excluso
845 1681 941 1745 etiam
958 1680 1235 1770 Poenitentiario)‚
1248 1704 1341 1769 prae·

166 1808 316 1889 terquam
339 1804 372 1869 in
395 1802 508 1869 mortis
530 1801 683 1884 oslacul0,
707 1801 830 1867 absolvi
854 1804 954 1886 possit
972 1801 1028 1890 (l).

256 1926 329 1993 193.
355 1926 408 1991 Ex
430 1926 500 2011 ipsa
528 1924 644 2011 agendi
676 1924 813 1997 ratione,
827 1922 1018 1990 Pontificum
1045 1930 1159 2011 aperte
1182 1928 1342 1993 evincitur

164 2059 271 2119 actum
296 2052 463 2119 dumtaxat
487 2052 742 2118 Canonizationis
766 2050 855 2116 illam
879 2052 1084 2137 praeseferre
1107 2054 1342 2136 auctoritatem,

140 2180 142 2183 ’
165 2197 247 2263 quae
264 2196 308 2243 ex
322 2177 510 2263 Magisterio
527 2175 697 2241 Pontificio
714 2176 889 2242 universali
905 2175 1130 2261 proficiscitur.
1151 2176 1239 2243 Istud
1256 2179 1341 2243 euim

168 2300 335 2367 decretum
366 2302 473 2365 statim
504 2319 569 2364 nou
593 2298 723 2384 evulgnt
746 2298 853 2382 Papa,
885 2300 1031 2381 quamvis
1060 2300 1211 2364 unanime
1244 2298 1344 2365 fuerit

167 2434 276 2493 votum
306 2430 340 2491 et
370 2422 559 2511 suffragium
590 2422 809 2490 cardinalium
836 2426 869 2487 et
891 2420 1117 2488 Consultorum
1139 2424 1174 2487 iu
1196 2423 1343 2508 plenario

166 2558 329 2619 conventu
346 2554 389 2619 de
404 2554 484 2655 tulo,
501 2550 558 2617 sed
580 2554 708 2635 tempus
725 2550 859 2613 assumit
873 2547 914 2613 ad
929 2549 1085 2613 maturius
1100 2545 1342 2613 deliberandum

165 2678 274 2747 effusis
309 2680 439 2745 interim
462 2678 529 2743 Deo
558 2674 709 2763 precibus
741 2680 773 2740 et
804 2671 1097 2748 obsecrationibus;
1121 2678 1154 2737 et
1179 2676 1342 2757 postremo

164 2802 262 2873 iubet.
281 2822 350 2868 rem
370 2802 488 2866 iterum
512 2798 742 2864 discutiendam
766 2802 798 2862 et
820 2793 1062 2862 deliberandam
1086 2796 1118 2859 in
1135 2794 1341 2860 consistorio.

168 2928 209 2994 Et
231 2946 297 2991 non
321 2925 420 2991 semel
437 2924 492 2989 sed
509 2928 561 2989 ter
577 2924 703 3008 cogitur
718 2920 959 2988 Consistorium.
983 2920 1090 2985 Antea
1112 2916 1251 2981 habetur
1271 2936 1343 2981 con·

166 3054 327 3119 sistorium
344 3056 520 3125 secretum,
538 3049 570 3113 in
587 3067 648 3132 quo
665 3044 853 3112 cardinales
871 3049 995 3112 tantum
1018 3040 1205 3129 suffragium
1222 3041 1341 3116 lerunt

166 3178 240 3242 dein
269 3172 500 3243 consistorium
520 3168 711 3255 publicum,
735 3169 769 3232 in
798 3186 861 3251 quo
891 3172 1016 3252 partem
1048 3164 1185 3239 habent,
1213 3168 1344 3250 praeter

166 3301 372 3375 cardinales,
398 3298 572 3365 Praesules
597 3296 762 3361 Romanae
786 3294 903 3359 Curiae
926 3298 959 3357 et
985 3290 1134 3378 Episcopi
1159 3292 1255 3355 etiam
1277 3308 1342 3352 non

164 3430 353 3496 assistentes
383 3425 472 3491 solio.
511 3425 548 3490 Iu
571 3430 637 3489 tam
660 3384 794 3487 solemni
830 3422 993 3484 conventu
1023 3418 1208 3483 Advocatus
1231 3412 1344 3481 cousi-

167 3554 309 3621 storialis
333 3570 463 3619 causam
485 3552 627 3635 perorat,
652 3546 789 3613 suadens
812 3545 920 3610 omnia
942 3542 1140 3627 conspirare,
1157 3545 1191 3605 nt
1213 3538 1344 3606 tandem

165 3679 359 3747 deveniatur
375 3674 415 3741 ad
430 3672 606 3741 solemnem
622 3669 924 3742 Canoniaationem;
948 3667 1000 3731 cui
1019 3664 1155 3729 orationi
1172 3660 1345 3747 respondet

170 3806 299 3870 nomine
335 3796 505 3867 Pontificis
542 3793 845 3877 praelatusque
870 3792 1005 3857 secretis
1039 3794 1088 3856 est
1121 3790 1275 3854 Brevium
1305 3786 1345 3853 ad

258 4028 298 4097 (l)
319 4025 348 4081 ln
368 4025 531 4080 Uenetiam
545 4022 592 4077 cit.
609 4022 769 4094 Officiornm
788 4048 802 4063 ·
821 4020 864 4073 De
878 4017 1065 4088 prohibitione
1078 4024 1105 4071 et
1118 4031 1236 4070 censura
1256 4014 1344 4067 libro·

171 4152 237 4190 rum
256 4162 272 4174 -
292 4134 367 4188 adita
385 4128 651 4187 menselun1897
663 4129 693 4181 in
705 4128 743 4181 tit.
758 4124 798 4193 11,
810 4125 889 4190 532,
907 4123 1054 4177 statuitur:
1071 4132 1091 4176 t
1107 4121 1183 4179 Quae
1195 4120 1233 4173 ad
1246 4134 1345 4173 causas

175 4243 417 4323 Beatificationnm
443 4248 469 4295 et
491 4237 736 4293 canonizationem
766 4234 919 4289 Servorum
947 4232 1001 4286 Dei
1018 4240 1166 4300 utcumque
1189 4228 1345 4298 nerninem,

173 4354 275 4423 ubsque
304 4348 476 4421 beneplacito
498 4344 581 4416 cong.
603 4346 630 4399 S.
650 4344 757 4398 Ritibus
784 4342 895 4397 tuendis
922 4338 1112 4410 praepositae,
1125 4334 1271 4408 publicari
1293 4347 1344 4388 ne·

170 4471 269 4531 queunt
284 4472 311 4516 n.
