3292 5109
822 290 907 339 PARS
930 290 966 337 11.

753 537 933 607 TITULUS
960 539 1037 606 Vll.

510 735 554 782 DE
582 734 687 782 SAGRA
710 735 992 785 conouaourlona
1016 736 1279 786 constsrouram.

305 940 520 999 summarium.
538 972 575 985 -
590 943 651 999 203.
671 945 762 1007 Quare
775 944 809 999 de
823 944 875 1001 hau
888 944 1113 1017 Congregatione
1125 947 1172 1002 hic
1183 964 1275 1002 sermo
1288 946 1437 1003 habeatur.
1449 976 1487 989 -

394 1048 455 1103 201.
479 1050 553 1105 Haec
577 1050 663 1121 cong:
683 1068 737 1105 non
763 1056 874 1107 tantum
898 1053 1008 1108 ratione
1033 1053 1165 1124 originis,
1190 1054 1238 1110 sed
1264 1056 1352 1110 etiam
1376 1053 1487 1110 rationo

394 1155 518 1209 muueris
542 1160 619 1210 arcte
641 1157 817 1212 connectitur
835 1174 899 1211 cum
917 1157 1098 1213 Consistorio.
1118 1188 1156 1201 -
1173 1161 1234 1215 205.
1254 1160 1394 1215 Nimirum
1419 1178 1484 1216 oum

393 1259 563 1316 Consistorio
584 1262 704 1318 Secreto.
732 1262 804 1317 Nam
822 1262 1025 1339 Consistorium
1049 1264 1125 1319 aliud
1144 1265 1304 1333 Sacrorum,
1325 1266 1404 1321 aliud
1422 1266 1483 1321 Pu·

395 1366 507 1433 blicum,
521 1365 597 1420 aliud
614 1368 842 1439 Samipublicum.
860 1396 897 1411 -
914 1369 976 1423 206.
995 1369 1138 1425 Institutio
1151 1375 1180 1426 et
1192 1370 1383 1441 competentia
1400 1370 1487 1425 huius

394 1470 480 1541 cong.
498 1500 537 1514 -
553 1472 613 1526 207.
639 1472 760 1542 Negotia
778 1489 845 1528 vero
872 1472 931 1527 alia
957 1474 1069 1544 expedit
1094 1476 1318 1532 administrativa
1340 1493 1391 1531 seu
1417 1494 1486 1533 aaa·

394 1581 492 1645 cutiae,
506 1578 562 1632 alia
575 1580 754 1634 iudicialiter.
773 1607 809 1619 -
828 1579 889 1634 208.
902 1581 1133 1637 administrativa
1152 1580 1222 1637 haec
1235 1583 1321 1652 cong.
1338 1583 1487 1653 cognoscit

396 1700 539 1753 processus
564 1685 691 1755 praevios
715 1684 846 1740 electioni
865 1691 915 1740 aut
933 1688 1138 1742 confirmationi
1160 1688 1360 1758 [cpiscoporum
1379 1692 1410 1743 et
1429 1688 1488 1741 Ab·

397 1793 492 1846 batum
511 1810 576 1847 vere
595 1792 714 1847 Nullius.
734 1822 769 1836 -
787 1794 849 1848 209.
863 1793 903 1849 De
916 1792 942 1848 S.
955 1795 1041 1864 cong.
1053 1812 1107 1866 pro
1128 1796 1266 1866 elipando
1279 1796 1436 1867 Episcopi&
1448 1823 1487 1837 -

393 1896 455 1951 210.
477 1900 502 1951 A
521 1914 642 1969 quonam
667 1898 851 1952 conficiantur
869 1915 1015 1969 processus
1039 1901 1204 1970 praescripti
1223 1917 1241 1953 a
1258 1900 1394 1969 Gregorio
1414 1899 1484 1956 xlv

395 2008 425 2057 et
443 2004 477 2057 ab
494 2002 609 2057 Urbano
622 2003 693 2057 Vlll.
712 2031 746 2046 -·
765 2004 826 2059 211.
847 2003 883 2058 111
901 2022 1045 2075 processus
1063 2009 1185 2062 examini
1204 2008 1391 2064 subiiciuntur
1402 2007 1489 2062 huius

396 2107 635 2180 Congregationis.
655 2139 690 2153 -
711 2111 772 2165 212.
791 2111 831 2167 De
851 2111 877 2165 S.
897 2111 982 2183 cong.
1002 2129 1053 2183 pro
1071 2114 1200 2169 examine
1220 2114 1430 2185 [cpiscoporum.
1448 2142 1489 2157 -

396 2214 456 2270 213.
476 2216 516 2271 De
535 2216 655 2287 negotiis
672 2218 846 2272 iudicialiter
870 2218 999 2273 definitis.
1012 2219 1120 2274 -214,
1141 2220 1182 2273 Ex
1200 2221 1280 2290 foliis
1300 2220 1487 2275 eonstuoria·

397 2323 469 2377 libus
488 2322 672 2392 expediuntur
685 2325 780 2379 bullae
793 2323 841 2379 vel
854 2326 957 2379 breuia.
968 2311 1011 2365 '—
1030 2324 1091 2380 215.
1105 2324 1145 2379 De
1158 2323 1245 2394 cong.
1259 2324 1287 2379 c
1301 2324 1433 2395 collegii.

396 2518 472 2584 203.
498 2517 613 2585 Ordini
635 2520 726 2585 nobis
749 2521 940 2607 praestituto
963 2521 1095 2587 minime
1117 2520 1278 2606 derogare
1304 2540 1487 2595 censemus,

305 2644 332 2707 si
356 2642 447 2707 modo
472 2642 511 2707 da
534 2644 597 2708 hac
621 2644 841 2711 Consistoriali
863 2643 1123 2731 congregatione
1154 2663 1254 2730 agere
1277 2644 1485 2710 instituimus.

305 2764 466 2849 Siquidem
491 2772 635 2831 nostrum
659 2772 707 2832 111
730 2766 892 2833 disserere
915 2766 955 2833 de
970 2766 1282 2853 congregationibus
1305 2768 1483 2853 praecipue

304 2888 346 2953 ad
362 2889 587 2973 explicandum
610 2889 755 2955 ordinem
778 2910 950 2976 processus
972 2892 1093 2957 servati
1116 2893 1150 2956 in
1165 2889 1422 2957 administranda
1437 2892 1488 2956 iu-

306 3012 492 3079 risdictione
515 3019 583 3079 tum
606 3014 790 3080 voluntaria
815 3021 884 3081 tum
906 3016 1115 3082 contentiosa.
1144 3015 1243 3101 Atqui
1266 3015 1488 3101 congregatio

305 3135 543 3203 Consistorialis
578 3140 610 3203 111
644 3140 769 3205 ratione
803 3140 960 3204 historica
989 3145 1023 3207 et
1056 3139 1089 3204 in
1121 3139 1224 3225 gradu
1258 3138 1489 3222 hierarchica,

304 3266 422 3350 quippe
439 3266 540 3351 ipsum
558 3265 722 3332 Summum
739 3263 928 3331 Pontificem
948 3265 1108 3351 gloriatur
1123 3265 1245 3331 habere
1263 3265 1486 3348 Praefectum,

304 3407 382 3453 sane
403 3390 555 3473 princeps
591 3388 725 3455 dicenda
750 3395 814 3465 111;
840 3394 874 3454 at
904 3390 938 3454 in
960 3391 1156 3456 tractatione
1186 3394 1298 3454 nostra
1320 3389 1479 3455 iudiciali

303 3513 376 3579 aliis
393 3512 702 3599 congregationibus
718 3516 781 3578 iam
805 3514 987 3599 explanatis
1005 3513 1243 3599 praemittenda
1265 3533 1332 3579 non
1355 3520 1440 3580 erat.

395 3640 471 3705 204.
496 3642 549 3705 1111
571 3642 639 3727 ipso
662 3641 792 3706 nomino
815 3640 910 3705 huius
933 3637 1202 3726 congregationis
1225 3644 1315 3726 patet
1341 3642 1411 3707 eius
1434 3660 1491 3706 ar·

304 3763 389 3826 otior
412 3764 570 3827 connexio
591 3783 664 3828 cum
680 3762 877 3829 consistorio
892 3781 913 3826 a
928 3782 990 3847 quo
1014 3783 1106 3828 suum
1129 3783 1246 3828 munus
1268 3780 1380 3827 omncs
1396 3761 1490 3829 con-

303 3888 510 3973 gregationes
526 3886 706 3953 immediate
721 3889 924 3974 participant,
939 3890 984 3953 uti
1000 3887 1217 3954 docuimusin
1233 3888 1341 3953 Titulo
1353 3888 1380 3970 I,
1397 3888 1485 3954 uude

306 4014 339 4077 in
369 4016 499 4080 notione
524 4015 790 4101 congregationis
820 4014 990 4099 generice,
1018 4013 1100 4080 nihil
1130 4014 1213 4079 haeo
1244 4013 1484 4081 consistorialis

305 4138 403 4204 habet
425 4140 592 4225 proprium
609 4144 641 4205 11
656 4138 818 4206 diversum
834 4139 874 4205 ab
890 4141 971 4206 aliis.
997 4175 1015 4190 -
1041 4141 1162 4207 Tamen
1185 4140 1360 4226 specialem
1384 4138 1486 4206 habet

306 4282 427 4330 nexum
446 4285 519 4330 curn
536 4265 732 4331 consistorio
749 4266 881 4332 Secreto
897 4266 988 4331 ouius
1007 4270 1080 4331 acta
1103 4270 1287 4352 praeparat,
1310 4263 1484 4351 aliquando

302 4386 400 4452 etiam
415 4389 626 4474 praemittens
646 4387 828 4454 iudicialem
842 4390 1045 4475 negotiorum
1061 4389 1288 4475 cognitionem.
1306 4389 1348 4456 Ut
1362 4392 1485 4475 pateat,
