3292 5109
284 261 331 327 28
808 284 892 331 enas
917 283 954 330 11.

346 404 348 413 '
376 407 429 471 31.
455 408 653 473 Exordimur
676 429 696 471 a
720 408 872 473 tribunali
900 409 1094 494 Signaturae
1125 430 1191 475 non
1222 411 1297 495 quia
1319 415 1466 497 tempore

287 529 494 597 haecfuerit
516 533 616 618 prior,
641 532 696 597 sed
720 534 795 617 quia
818 533 974 619 dignitate
998 538 1226 621 praestantior.

375 653 424 719 Re
449 656 576 739 quidem
605 676 684 721 vera
708 658 916 743 Sipontum
936 657 982 746 (1)
1006 679 1124 724 nomen
1154 658 1336 725 derivatum
1368 664 1417 725 est
1444 680 1464 724 a

286 774 522 863 subscriptione
534 798 630 863 quam
644 781 731 865 Papa
746 781 878 865 apponit
888 780 941 845 rel
959 780 1148 867 iampridem
1163 800 1328 867 apponere
1343 780 1466 847 solebat

285 900 426 969 decretis
450 902 543 969 editis
566 906 599 969 in
622 906 686 970 hoc
707 905 872 973 tribunali.
897 907 1024 993 Duplex
1046 912 1097 974 est
1119 908 1303 994 signatura,
1328 908 1393 973 alia
1413 909 1467 973 lu-

285 1026 404 1101 stitioe,
421 1026 536 1114 nempe
556 1028 704 1095 ordinata
719 1029 760 1093 ad
777 1028 903 1095 edenda
925 1029 1058 1096 decreta
1081 1052 1151 1096 rem
1174 1032 1369 1099 iudicialiter
1392 1052 1468 1099 con·

276 1138 455 1220 'tentiosam
472 1155 695 1239 respicientia;
712 1154 776 1219 alia
795 1154 944 1228 Gratiae,
962 1175 1044 1240 quae
1067 1156 1219 1220 nimirum
1238 1158 1370 1242 negotia
1384 1176 1466 1242 pure

285 1276 430 1361 gratiosa
454 1278 593 1363 expedit.
612 1278 753 1343 Proinde
769 1280 874 1345 altera
889 1279 1040 1345 ordinata
1054 1280 1116 1345 fuit
1130 1282 1170 1347 ad
1187 1280 1378 1366 exequenda
1393 1287 1467 1347 acta

276 1398 424 1471 justitiae
449 1400 627 1485 Principis;
651 1400 756 1467 altera
779 1403 885 1486 potins
908 1402 1100 1467 clementiae
1122 1408 1207 1469 acta

374 1523 428 1589 32.
453 1524 515 1591 Sed
539 1546 644 1610 neque
663 1528 802 1593 iustitiae
824 1547 929 1612 neque
953 1530 1079 1613 gratiae
1102 1527 1235 1594 decreta
1258 1528 1464 1594 attribuenda

283 1654 359 1714 sunt
381 1651 534 1715 universa
548 1653 602 1715 uni
619 1656 675 1716 out
693 1651 789 1717 alteri
814 1652 1017 1738 Signaturae.
1042 1652 1204 1737 Siquidem
1219 1656 1283 1718 iam
1299 1655 1461 1719 innuimus

277 1773 317 1835 'in
341 1774 527 1865 universam
553 1773 730 1839 Ecclesiam
754 1774 1007 1840 iurisdictionem
1039 1776 1272 1841 'contentiosam
1304 1794 1463 1841 exercere

285 1896 315 1960 S.
334 1896 460 1969 Rotam,
477 1896 620 1961 tribunal
643 1896 800 1963 Gamerae
817 1900 1022 1983 Apostolicae
1037 1904 1072 1967 et
1088 1899 1277 1965 Auditorem
1294 1898 1461 1975 Gamerae

283 2023 538 2089 iurisdictionem
567 2029 674 2089 autem
704 2025 919 2089 voluntariam
951 2026 1046 2111 plura
1070 2025 1186 2093 Officia
1216 2027 1462 2102 administrare;

284 2148 484 2213 Secretarias
506 2169 586 2214 vero
611 2149 798 2215 incumbere
820 2153 855 2215 in
878 2156 1026 2218 actorum
1048 2154 1284 2219 executionem.
1311 2188 1329 2201 -
1354 2152 1463 2227 Quare

283 2272 414 2354 utrique
447 2270 641 2356 Signaturae
671 2291 710 2335 ea
740 2272 945 2337 attribuenda
976 2278 1067 2347 sunt,
1096 2292 1178 2357 quae
1205 2278 1397 2360 potestatem
1430 2278 1463 2337 et

283 2417 399 2462 munus
422 2396 683 2482 superexcedunt
698 2395 887 2463 Officiorum
912 2404 944 2463 et
967 2399 1189 2464 Tribunalium
1211 2399 1461 2464 ordinariorum.

276 2566 281 2573 -
374 2520 479 2585 Porro
499 2540 570 2585 rem
591 2520 773 2585 iudicialem
795 2520 879 2604 quod
903 2526 1036 2605 spectat,
1060 2523 1235 2587 nonnullae
1258 2522 1462 2606 quaestiones

278 2643 605 2731 praetergrediuntur
629 2644 837 2709 tribunalium
861 2647 921 2710 etsi
944 2665 1167 2730 supremorum
1192 2645 1459 2731 competentiam

273 2771 405 2852 utputa
417 2770 620 2851 quaestiones
633 2770 722 2832 circa
733 2768 878 2833 valorem
890 2775 1038 2835 actorum
1049 2768 1089 2835 ab
1102 2768 1284 2834 huiusmodi
1300 2767 1458 2833 iudicibus

281 2890 455 2967 editorum;
480 2892 532 2957 vel
556 2894 759 2977 quaestiones
783 2892 822 2958 de
846 2895 1068 2978 competentia,
1086 2914 1128 2959 an
1144 2914 1259 2978 nempe
1283 2913 1381 2958 unum
1404 2893 1458 2957 vel

280 3018 367 3083 aliud
383 3018 524 3083 tribunal
548 3020 589 3084 sit
605 3024 799 3103 competens,
818 3023 851 3083 et
865 3020 910 3084 ita
926 3038 1034 3105 porro.
1053 3020 1202 3085 lamvero
1218 3020 1314 3084 huius
1329 3019 1461 3104 generis

274 3144 524 3208 controversiae
539 3142 679 3208 iudiciali
696 3141 789 3207 modo
799 3143 1048 3228 ‚componendae
1063 3143 1236 3209 attributae
1259 3144 1395 3209 fuerunt
1409 3142 1460 3208 Si-

168 3348 174 3361 ,
279 3268 438 3349 gnaturae
454 3264 607 3345 Iustitiae,
621 3264 704 3348 quod
720 3264 856 3350 proinde
871 3264 992 3330 factum
1009 3272 1059 3332 est
1072 3266 1215 3330 tribunal
1231 3264 1378 3329 omnibus
1390 3263 1461 3329 aliis

275 3391 428 3475 superius
449 3396 480 3455 et
497 3390 605 3475 Papae
629 3390 816 3474 proximius.
836 3391 955 3454 -Acta
970 3410 1050 3455 vero
1073 3392 1216 3475 gratiosa
1239 3408 1322 3473 quae
1345 3394 1458 3473 suapte

279 3517 398 3577 natura
417 3532 481 3577 non
497 3518 682 3597 competunt
699 3511 832 3593 Officiis,
849 3532 888 3577 ea
902 3517 978 3588 sunt
996 3532 1078 3597 quae
1098 3518 1218 3580 contro
1240 3513 1295 3578 ius
1318 3510 1390 3576 deri
1410 3511 1461 3575 di-

279 3641 408 3713 cuntur,
425 3638 541 3723 quippe
558 3639 725 3704 continent
747 3636 829 3723 legis
852 3638 1030 3702 communis
1052 3637 1306 3722 derogationem.
1323 3637 1408 3701 Acta
1427 3632 1460 3701 id

278 3782 381 3847 genus
397 3766 471 3826 sunt
486 3762 631 3826 avocatio
656 3782 782 3843 causae,
800 3762 941 3825 maxime
964 3762 1027 3825 iam
1048 3762 1226 3846 incoeptae,
1243 3780 1263 3826 a
1278 3758 1384 3825 iudice
1406 3778 1458 3824 or·

272 4004 275 4013 ·
370 3970 409 4042 (l)
429 3970 533 4025 Verum
553 3970 605 4023 boc
623 3986 723 4026 nomen
742 3976 786 4025 est
804 3970 974 4039 genoricum3
988 3971 1028 4023 ita
1044 3969 1216 4024 Secretarius
1236 3969 1367 4023 Brevinm
1387 3967 1463 4020 anti·

277 4075 372 4147 quitus
391 4076 585 4145 appellabatur
599 4074 765 4147 Praefectus
784 4078 947 4145 sipiiuturae
963 4078 1105 4129 Bruuium.
1120 4106 1133 4118 -
1148 4076 1290 4131 Hactenus
1307 4077 1462 4129 conventus

277 4178 440 4234 officialium
461 4180 487 4233 S.
507 4180 744 4235 Paenitentiariae
763 4183 880 4234 vocatur
900 4180 1060 4249 Sipontum,
1079 4180 1208 4251 quamvis
1228 4182 1292 4232 acta
1311 4176 1466 4231 Paeniten-

277 4287 378 4343 tiariae
397 4304 452 4343 non
470 4292 661 4357 supponantur
680 4290 843 4357 signaturae
863 4288 963 4359 Papae.
987 4288 1026 4343 De
1046 4288 1098 4344 hoc
1116 4287 1249 4342 tribunali
1270 4287 1329 4343 late
1347 4285 1460 4341 disserit

278 4394 382 4461 vitale,
402 4396 431 4449 in
451 4412 491 4465 op.
515 4394 556 4450 De
575 4398 638 4450 iure
660 4396 830 4467 Sipnaturae
849 4395 983 4451 Iustitiae.
1007 4425 1014 4433 ·
