<?xml version="1.0" encoding="UTF-8"?>
<!DOCTYPE html PUBLIC "-//W3C//DTD XHTML 1.0 Transitional//EN"
    "http://www.w3.org/TR/xhtml1/DTD/xhtml1-transitional.dtd">
<html xmlns="http://www.w3.org/1999/xhtml" xml:lang="en" lang="en">
 <head>
  <title>
</title>
<meta http-equiv="Content-Type" content="text/html;charset=utf-8" />
  <meta name='ocr-system' content='tesseract 3.04.00' />
  <meta name='ocr-capabilities' content='ocr_page ocr_carea ocr_par ocr_line ocrx_word'/>
</head>
<body>
  <div class='ocr_page' id='page_1' title='image "./praelectionesin03legagoog_0290.png"; bbox 0 0 3292 5109; ppageno 0'>
   <div class='ocr_carea' id='block_1_1' title="bbox 281 222 946 289">
    <p class='ocr_par' dir='ltr' id='par_1_1' title="bbox 281 222 946 289">
     <span class='ocr_line' id='line_1_1' title="bbox 281 222 946 289; baseline 0 -2"><span class='ocrx_word' id='word_1_1' title='bbox 281 222 349 287; x_wconf 79' lang='grc'>286</span> <span class='ocrx_word' id='word_1_2' title='bbox 799 242 883 289; x_wconf 76' lang='lat' dir='ltr'>raas</span> <span class='ocrx_word' id='word_1_3' title='bbox 907 241 946 287; x_wconf 89' lang='lat'>11.</span> 
     </span>
    </p>
   </div>
   <div class='ocr_carea' id='block_1_2' title="bbox 276 358 1459 1191">
    <p class='ocr_par' dir='ltr' id='par_1_2' title="bbox 276 358 1459 1191">
     <span class='ocr_line' id='line_1_2' title="bbox 280 358 1459 451; baseline -0.006 -24"><span class='ocrx_word' id='word_1_4' title='bbox 280 364 372 429; x_wconf 88' lang='lat' dir='ltr'>litate</span> <span class='ocrx_word' id='word_1_5' title='bbox 403 366 604 451; x_wconf 86' lang='lat' dir='ltr'>negotiorum</span> <span class='ocrx_word' id='word_1_6' title='bbox 633 384 715 448; x_wconf 88' lang='lat' dir='ltr'>quae</span> <span class='ocrx_word' id='word_1_7' title='bbox 742 364 939 429; x_wconf 87' lang='lat' dir='ltr'>cancellaria</span> <span class='ocrx_word' id='word_1_8' title='bbox 961 363 1122 449; x_wconf 81' lang='lat' dir='ltr'>privative</span> <span class='ocrx_word' id='word_1_9' title='bbox 1153 360 1308 445; x_wconf 81' lang='lat' dir='ltr'>expedire</span> <span class='ocrx_word' id='word_1_10' title='bbox 1340 358 1459 444; x_wconf 89' lang='lat' dir='ltr'>coepit.</span> 
     </span>
     <span class='ocr_line' id='line_1_3' title="bbox 283 483 1458 572; baseline -0.005 -19"><span class='ocrx_word' id='word_1_11' title='bbox 283 488 373 554; x_wconf 84' lang='lat' dir='ltr'>Unde</span> <span class='ocrx_word' id='word_1_12' title='bbox 397 491 507 553; x_wconf 89' lang='lat' dir='ltr'>verior</span> <span class='ocrx_word' id='word_1_13' title='bbox 528 489 656 554; x_wconf 89' lang='lat' dir='ltr'>videtur</span> <span class='ocrx_word' id='word_1_14' title='bbox 685 489 814 553; x_wconf 93' lang='lat' dir='ltr'>illorum</span> <span class='ocrx_word' id='word_1_15' title='bbox 845 488 953 572; x_wconf 89' lang='lat' dir='ltr'>opinio</span> <span class='ocrx_word' id='word_1_16' title='bbox 977 488 1031 570; x_wconf 93' lang='lat' dir='ltr'>qui</span> <span class='ocrx_word' id='word_1_17' title='bbox 1061 493 1228 554; x_wconf 82' lang='lat' dir='ltr'><strong>autumant</strong></span> <span class='ocrx_word' id='word_1_18' title='bbox 1252 483 1458 552; x_wconf 76' lang='lat' dir='ltr'>cardinalem</span> 
     </span>
     <span class='ocr_line' id='line_1_4' title="bbox 281 609 1459 697; baseline -0.002 -24"><span class='ocrx_word' id='word_1_19' title='bbox 281 611 374 677; x_wconf 85' lang='lat' dir='ltr'>buius</span> <span class='ocrx_word' id='word_1_20' title='bbox 394 610 488 677; x_wconf 89' lang='lat' dir='ltr'>officii</span> <span class='ocrx_word' id='word_1_21' title='bbox 508 612 693 677; x_wconf 89' lang='lat' dir='ltr'>Praesidem</span> <span class='ocrx_word' id='word_1_22' title='bbox 708 611 875 697; x_wconf 70' lang='lat' dir='ltr'>&#39;appellari</span> <span class='ocrx_word' id='word_1_23' title='bbox 899 609 1244 677; x_wconf 70' lang='lat' dir='ltr'>Viae-Cancettartam</span> <span class='ocrx_word' id='word_1_24' title='bbox 1263 609 1339 693; x_wconf 88' lang='lat' dir='ltr'>quia</span> <span class='ocrx_word' id='word_1_25' title='bbox 1360 616 1459 671; x_wconf 89' lang='lat' dir='ltr'>antea</span> 
     </span>
     <span class='ocr_line' id='line_1_5' title="bbox 280 729 1458 821; baseline 0 -26"><span class='ocrx_word' id='word_1_26' title='bbox 280 734 361 799; x_wconf 86' lang='lat' dir='ltr'>baec</span> <span class='ocrx_word' id='word_1_27' title='bbox 386 735 601 801; x_wconf 71' lang='lat' dir='ltr'>Praefectura</span> <span class='ocrx_word' id='word_1_28' title='bbox 624 756 643 799; x_wconf 90' lang='lat' dir='ltr'>a</span> <span class='ocrx_word' id='word_1_29' title='bbox 666 735 802 821; x_wconf 85' lang='lat' dir='ltr'>simplici</span> <span class='ocrx_word' id='word_1_30' title='bbox 826 736 971 821; x_wconf 88' lang='lat' dir='ltr'>praelato</span> <span class='ocrx_word' id='word_1_31' title='bbox 995 734 1183 815; x_wconf 76' lang='lat' dir='ltr'>habebatur,</span> <span class='ocrx_word' id='word_1_32' title='bbox 1199 738 1233 798; x_wconf 90' lang='lat' dir='ltr'>at</span> <span class='ocrx_word' id='word_1_33' title='bbox 1254 749 1368 818; x_wconf 86' lang='lat' dir='ltr'>postea</span> <span class='ocrx_word' id='word_1_34' title='bbox 1391 729 1458 795; x_wconf 86' lang='lat' dir='ltr'>offi-</span> 
     </span>
     <span class='ocr_line' id='line_1_6' title="bbox 276 852 1455 941; baseline -0.001 -24"><span class='ocrx_word' id='word_1_35' title='bbox 276 856 362 919; x_wconf 93' lang='lat' dir='ltr'>cium</span> <span class='ocrx_word' id='word_1_36' title='bbox 386 859 482 922; x_wconf 82' lang='lat' dir='ltr'>aucta</span> <span class='ocrx_word' id='word_1_37' title='bbox 504 859 717 941; x_wconf 76' lang='lat' dir='ltr'>competentia</span> <span class='ocrx_word' id='word_1_38' title='bbox 740 855 872 941; x_wconf 87' lang='lat' dir='ltr'>dignum</span> <span class='ocrx_word' id='word_1_39' title='bbox 896 855 1038 921; x_wconf 89' lang='lat' dir='ltr'>habitum</span> <span class='ocrx_word' id='word_1_40' title='bbox 1065 860 1116 921; x_wconf 89' lang='lat' dir='ltr'>est</span> <span class='ocrx_word' id='word_1_41' title='bbox 1141 854 1224 939; x_wconf 92' lang='lat' dir='ltr'>quod</span> <span class='ocrx_word' id='word_1_42' title='bbox 1247 875 1267 918; x_wconf 91' lang='lat' dir='ltr'>a</span> <span class='ocrx_word' id='word_1_43' title='bbox 1290 852 1455 920; x_wconf 78' lang='lat' dir='ltr'>cardinali</span> 
     </span>
     <span class='ocr_line' id='line_1_7' title="bbox 278 979 1455 1067; baseline -0.003 -22"><span class='ocrx_word' id='word_1_44' title='bbox 278 991 458 1067; x_wconf 83' lang='lat' dir='ltr'>regeretur.</span> <span class='ocrx_word' id='word_1_45' title='bbox 483 984 544 1047; x_wconf 85' lang='lat' dir='ltr'>Sed</span> <span class='ocrx_word' id='word_1_46' title='bbox 576 1004 617 1047; x_wconf 93' lang='lat' dir='ltr'>ne</span> <span class='ocrx_word' id='word_1_47' title='bbox 645 982 854 1049; x_wconf 88' lang='lat' dir='ltr'>cardinalitia</span> <span class='ocrx_word' id='word_1_48' title='bbox 876 982 1015 1067; x_wconf 85' lang='lat' dir='ltr'>dignitas</span> <span class='ocrx_word' id='word_1_49' title='bbox 1038 982 1070 1046; x_wconf 91' lang='lat' dir='ltr'>in</span> <span class='ocrx_word' id='word_1_50' title='bbox 1094 1001 1231 1046; x_wconf 92' lang='lat' dir='ltr'>munere</span> <span class='ocrx_word' id='word_1_51' title='bbox 1263 979 1455 1045; x_wconf 91' lang='lat' dir='ltr'>Praelatitio</span> 
     </span>
     <span class='ocr_line' id='line_1_8' title="bbox 276 1101 1454 1191; baseline -0.003 -24"><span class='ocrx_word' id='word_1_52' title='bbox 276 1106 374 1169; x_wconf 88' lang='lat' dir='ltr'>minui</span> <span class='ocrx_word' id='word_1_53' title='bbox 391 1104 557 1169; x_wconf 88' lang='lat' dir='ltr'>videretur</span> <span class='ocrx_word' id='word_1_54' title='bbox 573 1106 689 1190; x_wconf 91' lang='lat' dir='ltr'>quippe</span> <span class='ocrx_word' id='word_1_55' title='bbox 704 1106 773 1191; x_wconf 88' lang='lat' dir='ltr'>ipsa</span> <span class='ocrx_word' id='word_1_56' title='bbox 789 1105 853 1169; x_wconf 90' lang='lat' dir='ltr'>iam</span> <span class='ocrx_word' id='word_1_57' title='bbox 869 1104 909 1169; x_wconf 85' lang='lat' dir='ltr'>ad</span> <span class='ocrx_word' id='word_1_58' title='bbox 925 1109 1050 1169; x_wconf 87' lang='lat' dir='ltr'>tantum</span> <span class='ocrx_word' id='word_1_59' title='bbox 1068 1103 1270 1168; x_wconf 82' lang='lat' dir='ltr'>auctoritatis</span> <span class='ocrx_word' id='word_1_60' title='bbox 1289 1101 1454 1185; x_wconf 80' lang='lat' dir='ltr'>fastigium</span> 
     </span>
    </p>
   </div>
   <div class='ocr_carea' id='block_1_3' title="bbox 275 1226 1454 1313">
    <p class='ocr_par' dir='ltr' id='par_1_3' title="bbox 275 1226 1454 1313">
     <span class='ocr_line' id='line_1_9' title="bbox 275 1226 1454 1313; baseline -0.003 -22"><span class='ocrx_word' id='word_1_61' title='bbox 275 1237 430 1311; x_wconf 87' lang='lat' dir='ltr'>provecta</span> <span class='ocrx_word' id='word_1_62' title='bbox 453 1236 532 1300; x_wconf 89' lang='lat' dir='ltr'>erat,</span> <span class='ocrx_word' id='word_1_63' title='bbox 555 1230 588 1291; x_wconf 93' lang='lat' dir='ltr'>in</span> <span class='ocrx_word' id='word_1_64' title='bbox 612 1229 741 1293; x_wconf 91' lang='lat' dir='ltr'>nomine</span> <span class='ocrx_word' id='word_1_65' title='bbox 764 1226 979 1313; x_wconf 87' lang='lat' dir='ltr'>significatum</span> <span class='ocrx_word' id='word_1_66' title='bbox 1002 1232 1051 1292; x_wconf 90' lang='lat' dir='ltr'>est</span> <span class='ocrx_word' id='word_1_67' title='bbox 1073 1227 1164 1311; x_wconf 87' lang='lat' dir='ltr'>quasi</span> <span class='ocrx_word' id='word_1_68' title='bbox 1187 1226 1263 1291; x_wconf 83' lang='lat' dir='ltr'>ture</span> <span class='ocrx_word' id='word_1_69' title='bbox 1286 1243 1454 1290; x_wconf 80' lang='lat' dir='ltr'>commen-</span> 
     </span>
    </p>
   </div>
   <div class='ocr_carea' id='block_1_4' title="bbox 192 1351 1453 1931">
    <p class='ocr_par' dir='ltr' id='par_1_4' title="bbox 192 1351 1453 1931">
     <span class='ocr_line' id='line_1_10' title="bbox 272 1351 1453 1427; baseline -0.003 -8"><span class='ocrx_word' id='word_1_70' title='bbox 272 1356 421 1422; x_wconf 78' lang='lat' dir='ltr'>dationis</span> <span class='ocrx_word' id='word_1_71' title='bbox 437 1355 588 1422; x_wconf 89' lang='lat' dir='ltr'>Officium</span> <span class='ocrx_word' id='word_1_72' title='bbox 604 1356 767 1422; x_wconf 89' lang='lat' dir='ltr'>cardinali</span> <span class='ocrx_word' id='word_1_73' title='bbox 791 1357 993 1419; x_wconf 90' lang='lat' dir='ltr'>commissum</span> <span class='ocrx_word' id='word_1_74' title='bbox 1010 1355 1119 1427; x_wconf 84' lang='lat' dir='ltr'>fuisse,</span> <span class='ocrx_word' id='word_1_75' title='bbox 1137 1354 1182 1417; x_wconf 90' lang='lat' dir='ltr'>uti</span> <span class='ocrx_word' id='word_1_76' title='bbox 1206 1351 1402 1417; x_wconf 89' lang='lat' dir='ltr'>observatur</span> <span class='ocrx_word' id='word_1_77' title='bbox 1417 1353 1453 1416; x_wconf 90' lang='lat' dir='ltr'>iu</span> 
     </span>
     <span class='ocr_line' id='line_1_11' title="bbox 192 1476 1452 1563; baseline -0.002 -20"><span class='ocrx_word' id='word_1_78' title='bbox 192 1526 193 1529; x_wconf 63' lang='lat'>,</span> <span class='ocrx_word' id='word_1_79' title='bbox 272 1477 389 1544; x_wconf 85' lang='lat' dir='ltr'>Officio</span> <span class='ocrx_word' id='word_1_80' title='bbox 413 1480 572 1545; x_wconf 89' lang='lat' dir='ltr'>Datariae.</span> <span class='ocrx_word' id='word_1_81' title='bbox 606 1481 686 1544; x_wconf 88' lang='lat' dir='ltr'>Nam</span> <span class='ocrx_word' id='word_1_82' title='bbox 710 1480 736 1543; x_wconf 90' lang='lat' dir='ltr'>si</span> <span class='ocrx_word' id='word_1_83' title='bbox 760 1478 941 1545; x_wconf 89' lang='lat' dir='ltr'>cardinalis</span> <span class='ocrx_word' id='word_1_84' title='bbox 965 1480 1116 1544; x_wconf 89' lang='lat' dir='ltr'>Datariae</span> <span class='ocrx_word' id='word_1_85' title='bbox 1139 1476 1321 1563; x_wconf 86' lang='lat' dir='ltr'>praesideat</span> <span class='ocrx_word' id='word_1_86' title='bbox 1343 1477 1452 1561; x_wconf 87' lang='lat' dir='ltr'>appel·</span> 
     </span>
     <span class='ocr_line' id='line_1_12' title="bbox 272 1602 1452 1685; baseline -0.003 -19"><span class='ocrx_word' id='word_1_87' title='bbox 272 1603 358 1668; x_wconf 88' lang='lat' dir='ltr'>latur</span> <span class='ocrx_word' id='word_1_88' title='bbox 371 1606 606 1685; x_wconf 89' lang='lat' dir='ltr'>Pro-Datarius,</span> <span class='ocrx_word' id='word_1_89' title='bbox 620 1606 646 1668; x_wconf 91' lang='lat' dir='ltr'>si</span> <span class='ocrx_word' id='word_1_90' title='bbox 661 1604 841 1676; x_wconf 76' lang='lat' dir='ltr'>Proclama,</span> <span class='ocrx_word' id='word_1_91' title='bbox 855 1603 973 1669; x_wconf 91' lang='lat' dir='ltr'>dicitur</span> <span class='ocrx_word' id='word_1_92' title='bbox 988 1604 1147 1673; x_wconf 86' lang='lat' dir='ltr'>Datarius,</span> <span class='ocrx_word' id='word_1_93' title='bbox 1162 1621 1224 1666; x_wconf 94' lang='lat' dir='ltr'>nec</span> <span class='ocrx_word' id='word_1_94' title='bbox 1240 1621 1304 1665; x_wconf 94' lang='lat' dir='ltr'>non</span> <span class='ocrx_word' id='word_1_95' title='bbox 1320 1602 1354 1665; x_wconf 90' lang='lat' dir='ltr'>in</span> <span class='ocrx_word' id='word_1_96' title='bbox 1370 1619 1452 1664; x_wconf 94' lang='lat' dir='ltr'>nun-</span> 
     </span>
     <span class='ocr_line' id='line_1_13' title="bbox 270 1724 1450 1810; baseline -0.003 -19"><span class='ocrx_word' id='word_1_97' title='bbox 270 1728 404 1793; x_wconf 83' lang='lat' dir='ltr'>ciaturis</span> <span class='ocrx_word' id='word_1_98' title='bbox 420 1727 608 1795; x_wconf 86' lang='lat' dir='ltr'>Cardinales</span> <span class='ocrx_word' id='word_1_99' title='bbox 625 1729 819 1793; x_wconf 89' lang='lat' dir='ltr'>Pro-Nuncii</span> <span class='ocrx_word' id='word_1_100' title='bbox 836 1728 1043 1792; x_wconf 90' lang='lat' dir='ltr'>nominantur</span> <span class='ocrx_word' id='word_1_101' title='bbox 1055 1725 1110 1810; x_wconf 84' lang='lat'>(1).</span> <span class='ocrx_word' id='word_1_102' title='bbox 1129 1724 1220 1791; x_wconf 86' lang='lat' dir='ltr'>conf.</span> <span class='ocrx_word' id='word_1_103' title='bbox 1240 1724 1450 1809; x_wconf 82' lang='lat' dir='ltr'>Van-Espen,</span> 
     </span>
     <span class='ocr_line' id='line_1_14' title="bbox 269 1848 1058 1931; baseline 0.001 -19"><span class='ocrx_word' id='word_1_104' title='bbox 269 1848 367 1915; x_wconf 84' lang='lat' dir='ltr'>Part.</span> <span class='ocrx_word' id='word_1_105' title='bbox 384 1850 411 1925; x_wconf 84' lang='lat' dir='ltr'>I,</span> <span class='ocrx_word' id='word_1_106' title='bbox 430 1851 473 1916; x_wconf 78' lang='lat' dir='ltr'>ln</span> <span class='ocrx_word' id='word_1_107' title='bbox 495 1850 550 1915; x_wconf 83' lang='lat' dir='ltr'>ias</span> <span class='ocrx_word' id='word_1_108' title='bbox 567 1850 649 1917; x_wconf 83' lang='lat' dir='ltr'>Can.</span> <span class='ocrx_word' id='word_1_109' title='bbox 665 1850 757 1915; x_wconf 82' lang='lat' dir='ltr'>anio.</span> <span class='ocrx_word' id='word_1_110' title='bbox 782 1850 844 1914; x_wconf 84' lang='lat' dir='ltr'>Tit.</span> <span class='ocrx_word' id='word_1_111' title='bbox 860 1848 921 1925; x_wconf 79' lang='lat'>23,</span> <span class='ocrx_word' id='word_1_112' title='bbox 939 1868 1014 1931; x_wconf 86' lang='lat' dir='ltr'>cap.</span> <span class='ocrx_word' id='word_1_113' title='bbox 1030 1851 1058 1913; x_wconf 90' lang='lat'>1.</span> 
     </span>
    </p>
   </div>
   <div class='ocr_carea' id='block_1_5' title="bbox 247 2112 1448 4414">
    <p class='ocr_par' dir='ltr' id='par_1_5' title="bbox 247 2112 1448 4414">
     <span class='ocr_line' id='line_1_15' title="bbox 358 2112 1448 2185; baseline -0.001 -19"><span class='ocrx_word' id='word_1_114' title='bbox 358 2114 397 2183; x_wconf 88' lang='lat' dir='ltr'>(i)</span> <span class='ocrx_word' id='word_1_115' title='bbox 418 2113 605 2168; x_wconf 83' lang='lat' dir='ltr'>Nihilominus</span> <span class='ocrx_word' id='word_1_116' title='bbox 624 2114 718 2185; x_wconf 87' lang='lat' dir='ltr'>aliqua</span> <span class='ocrx_word' id='word_1_117' title='bbox 736 2113 860 2170; x_wconf 85' lang='lat' dir='ltr'>delibare</span> <span class='ocrx_word' id='word_1_118' title='bbox 880 2115 965 2181; x_wconf 77' lang='lat' dir='ltr'>iuvat.</span> <span class='ocrx_word' id='word_1_119' title='bbox 985 2144 1019 2157; x_wconf 92' lang='lat'><em>-</em></span> <span class='ocrx_word' id='word_1_120' title='bbox 1038 2112 1229 2167; x_wconf 88' lang='lat' dir='ltr'>cancellariae</span> <span class='ocrx_word' id='word_1_121' title='bbox 1248 2128 1348 2165; x_wconf 87' lang='lat' dir='ltr'>nomen</span> <span class='ocrx_word' id='word_1_122' title='bbox 1367 2115 1448 2165; x_wconf 84' lang='lat' dir='ltr'>certe</span> 
     </span>
     <span class='ocr_line' id='line_1_16' title="bbox 266 2215 1447 2272; baseline -0.001 -2"><span class='ocrx_word' id='word_1_123' title='bbox 266 2235 284 2270; x_wconf 85' lang='lat' dir='ltr'>a</span> <span class='ocrx_word' id='word_1_124' title='bbox 303 2218 488 2272; x_wconf 81' lang='lat' dir='ltr'>cancellando</span> <span class='ocrx_word' id='word_1_125' title='bbox 500 2217 604 2271; x_wconf 89' lang='lat' dir='ltr'>dictum</span> <span class='ocrx_word' id='word_1_126' title='bbox 617 2226 667 2272; x_wconf 89' lang='lat' dir='ltr'>est.</span> <span class='ocrx_word' id='word_1_127' title='bbox 687 2217 850 2272; x_wconf 86' lang='lat' dir='ltr'>cancellare</span> <span class='ocrx_word' id='word_1_128' title='bbox 868 2233 935 2271; x_wconf 86' lang='lat' dir='ltr'>vero</span> <span class='ocrx_word' id='word_1_129' title='bbox 954 2217 1033 2271; x_wconf 83' lang='lat' dir='ltr'>iuxta</span> <span class='ocrx_word' id='word_1_130' title='bbox 1046 2219 1064 2269; x_wconf 81' lang='lat' dir='ltr'>t.</span> <span class='ocrx_word' id='word_1_131' title='bbox 1079 2216 1287 2270; x_wconf 82' lang='lat' dir='ltr'>canceltnuernt</span> <span class='ocrx_word' id='word_1_132' title='bbox 1305 2215 1333 2267; x_wconf 79' lang='lat' dir='ltr'>ff.</span> <span class='ocrx_word' id='word_1_133' title='bbox 1347 2216 1390 2269; x_wconf 76' lang='lat' dir='ltr'>Da</span> <span class='ocrx_word' id='word_1_134' title='bbox 1401 2217 1447 2269; x_wconf 79' lang='lat' dir='ltr'>his</span> 
     </span>
     <span class='ocr_line' id='line_1_17' title="bbox 264 2322 1446 2394; baseline -0.003 -17"><span class='ocrx_word' id='word_1_135' title='bbox 264 2342 337 2394; x_wconf 85' lang='lat' dir='ltr'>quoe</span> <span class='ocrx_word' id='word_1_136' title='bbox 350 2327 380 2377; x_wconf 84' lang='lat' dir='ltr'>tn</span> <span class='ocrx_word' id='word_1_137' title='bbox 394 2334 554 2378; x_wconf 82' lang='lat' dir='ltr'>testamento</span> <span class='ocrx_word' id='word_1_138' title='bbox 574 2325 713 2391; x_wconf 84' lang='lat' dir='ltr'>delentur,</span> <span class='ocrx_word' id='word_1_139' title='bbox 733 2325 915 2388; x_wconf 82' lang='lat' dir='ltr'>inducuntur,</span> <span class='ocrx_word' id='word_1_140' title='bbox 933 2325 980 2377; x_wconf 84' lang='lat' dir='ltr'>oct</span> <span class='ocrx_word' id='word_1_141' title='bbox 998 2324 1197 2387; x_wconf 78' lang='lat' dir='ltr'>inscribuntur,</span> <span class='ocrx_word' id='word_1_142' title='bbox 1216 2327 1259 2376; x_wconf 89' lang='lat' dir='ltr'>est</span> <span class='ocrx_word' id='word_1_143' title='bbox 1277 2322 1446 2375; x_wconf 86' lang='lat' dir='ltr'>transversis</span> 
     </span>
     <span class='ocr_line' id='line_1_18' title="bbox 267 2429 1445 2499; baseline 0 -16"><span class='ocrx_word' id='word_1_144' title='bbox 267 2432 348 2487; x_wconf 88' lang='lat' dir='ltr'>lineis</span> <span class='ocrx_word' id='word_1_145' title='bbox 362 2430 449 2487; x_wconf 86' lang='lat' dir='ltr'>veluti</span> <span class='ocrx_word' id='word_1_146' title='bbox 468 2430 609 2497; x_wconf 81' lang='lat' dir='ltr'>cariceliis,</span> <span class='ocrx_word' id='word_1_147' title='bbox 623 2432 708 2485; x_wconf 84' lang='lat' dir='ltr'>rerba</span> <span class='ocrx_word' id='word_1_148' title='bbox 726 2430 861 2499; x_wconf 87' lang='lat' dir='ltr'>iuscripta</span> <span class='ocrx_word' id='word_1_149' title='bbox 879 2446 1039 2499; x_wconf 81' lang='lat' dir='ltr'>expungere</span> <span class='ocrx_word' id='word_1_150' title='bbox 1052 2436 1081 2483; x_wconf 89' lang='lat' dir='ltr'>et</span> <span class='ocrx_word' id='word_1_151' title='bbox 1094 2429 1233 2484; x_wconf 89' lang='lat' dir='ltr'>inducere.</span> <span class='ocrx_word' id='word_1_152' title='bbox 1246 2430 1318 2484; x_wconf 89' lang='lat' dir='ltr'>Hinc</span> <span class='ocrx_word' id='word_1_153' title='bbox 1331 2430 1445 2496; x_wconf 85' lang='lat' dir='ltr'>notarii,</span> 
     </span>
     <span class='ocr_line' id='line_1_19' title="bbox 264 2535 1444 2607; baseline -0.003 -16"><span class='ocrx_word' id='word_1_154' title='bbox 264 2538 383 2591; x_wconf 90' lang='lat' dir='ltr'>actuarii</span> <span class='ocrx_word' id='word_1_155' title='bbox 399 2554 447 2592; x_wconf 88' lang='lat' dir='ltr'>seu</span> <span class='ocrx_word' id='word_1_156' title='bbox 460 2537 613 2602; x_wconf 83' lang='lat' dir='ltr'>secretarii,</span> <span class='ocrx_word' id='word_1_157' title='bbox 626 2536 728 2607; x_wconf 87' lang='lat' dir='ltr'>quippe</span> <span class='ocrx_word' id='word_1_158' title='bbox 742 2535 840 2590; x_wconf 89' lang='lat' dir='ltr'>horum</span> <span class='ocrx_word' id='word_1_159' title='bbox 856 2542 899 2590; x_wconf 87' lang='lat' dir='ltr'>ast</span> <span class='ocrx_word' id='word_1_160' title='bbox 914 2536 1057 2605; x_wconf 83' lang='lat' dir='ltr'>rescripta,</span> <span class='ocrx_word' id='word_1_161' title='bbox 1070 2536 1223 2606; x_wconf 87' lang='lat' dir='ltr'>diplomata</span> <span class='ocrx_word' id='word_1_162' title='bbox 1241 2552 1358 2591; x_wconf 86' lang='lat' dir='ltr'>exarare</span> <span class='ocrx_word' id='word_1_163' title='bbox 1370 2543 1400 2592; x_wconf 89' lang='lat' dir='ltr'>et</span> <span class='ocrx_word' id='word_1_164' title='bbox 1413 2538 1444 2589; x_wconf 89' lang='lat' dir='ltr'>iu</span> 
     </span>
     <span class='ocr_line' id='line_1_20' title="bbox 262 2643 1444 2714; baseline -0.002 -15"><span class='ocrx_word' id='word_1_165' title='bbox 262 2646 305 2699; x_wconf 87' lang='lat' dir='ltr'>eis</span> <span class='ocrx_word' id='word_1_166' title='bbox 324 2644 397 2699; x_wconf 86' lang='lat' dir='ltr'>male</span> <span class='ocrx_word' id='word_1_167' title='bbox 414 2660 544 2713; x_wconf 81' lang='lat' dir='ltr'>expressa</span> <span class='ocrx_word' id='word_1_168' title='bbox 563 2650 612 2697; x_wconf 88' lang='lat' dir='ltr'>aut</span> <span class='ocrx_word' id='word_1_169' title='bbox 631 2645 736 2698; x_wconf 88' lang='lat' dir='ltr'>inserta</span> <span class='ocrx_word' id='word_1_170' title='bbox 754 2643 848 2699; x_wconf 89' lang='lat' dir='ltr'>delere</span> <span class='ocrx_word' id='word_1_171' title='bbox 861 2662 909 2699; x_wconf 87' lang='lat' dir='ltr'>seu</span> <span class='ocrx_word' id='word_1_172' title='bbox 926 2646 1097 2710; x_wconf 80' lang='lat' dir='ltr'>cancellare,</span> <span class='ocrx_word' id='word_1_173' title='bbox 1116 2644 1279 2714; x_wconf 88' lang='lat' dir='ltr'>iampridem</span> <span class='ocrx_word' id='word_1_174' title='bbox 1291 2644 1359 2697; x_wconf 91' lang='lat' dir='ltr'>dicti</span> <span class='ocrx_word' id='word_1_175' title='bbox 1376 2652 1444 2698; x_wconf 88' lang='lat' dir='ltr'>suut</span> 
     </span>
     <span class='ocr_line' id='line_1_21' title="bbox 262 2748 1445 2820; baseline 0 -16"><span class='ocrx_word' id='word_1_176' title='bbox 262 2750 348 2805; x_wconf 88' lang='lat' dir='ltr'>otiam</span> <span class='ocrx_word' id='word_1_177' title='bbox 364 2750 538 2809; x_wconf 81' lang='lat' dir='ltr'>cancellarii;</span> <span class='ocrx_word' id='word_1_178' title='bbox 559 2752 587 2803; x_wconf 89' lang='lat' dir='ltr'>et</span> <span class='ocrx_word' id='word_1_179' title='bbox 606 2750 683 2803; x_wconf 89' lang='lat' dir='ltr'>locus</span> <span class='ocrx_word' id='word_1_180' title='bbox 697 2749 743 2803; x_wconf 89' lang='lat' dir='ltr'>ubi</span> <span class='ocrx_word' id='word_1_181' title='bbox 763 2749 815 2805; x_wconf 91' lang='lat' dir='ltr'>hae</span> <span class='ocrx_word' id='word_1_182' title='bbox 829 2750 941 2804; x_wconf 83' lang='lat' dir='ltr'>litterae</span> <span class='ocrx_word' id='word_1_183' title='bbox 954 2751 1139 2804; x_wconf 79' lang='lat' dir='ltr'>conficiuntur</span> <span class='ocrx_word' id='word_1_184' title='bbox 1152 2748 1327 2803; x_wconf 87' lang='lat' dir='ltr'>Cancellaria</span> <span class='ocrx_word' id='word_1_185' title='bbox 1345 2750 1445 2820; x_wconf 89' lang='lat' dir='ltr'>appel·</span> 
     </span>
     <span class='ocr_line' id='line_1_22' title="bbox 263 2852 1442 2925; baseline 0.002 -17"><span class='ocrx_word' id='word_1_186' title='bbox 263 2856 315 2909; x_wconf 89' lang='lat' dir='ltr'>lari</span> <span class='ocrx_word' id='word_1_187' title='bbox 334 2855 434 2925; x_wconf 87' lang='lat' dir='ltr'>coepit.</span> <span class='ocrx_word' id='word_1_188' title='bbox 447 2884 481 2897; x_wconf 92' lang='lat'><em>-</em></span> <span class='ocrx_word' id='word_1_189' title='bbox 495 2855 559 2909; x_wconf 85' lang='lat' dir='ltr'>Alia</span> <span class='ocrx_word' id='word_1_190' title='bbox 573 2856 644 2908; x_wconf 87' lang='lat' dir='ltr'>ratio</span> <span class='ocrx_word' id='word_1_191' title='bbox 658 2852 740 2908; x_wconf 85' lang='lat' dir='ltr'>huius</span> <span class='ocrx_word' id='word_1_192' title='bbox 756 2856 876 2909; x_wconf 89' lang='lat' dir='ltr'>uomiuis</span> <span class='ocrx_word' id='word_1_193' title='bbox 888 2856 1007 2909; x_wconf 87' lang='lat' dir='ltr'>derivari</span> <span class='ocrx_word' id='word_1_194' title='bbox 1020 2854 1093 2909; x_wconf 88' lang='lat' dir='ltr'>solet</span> <span class='ocrx_word' id='word_1_195' title='bbox 1105 2874 1122 2908; x_wconf 86' lang='lat' dir='ltr'>a</span> <span class='ocrx_word' id='word_1_196' title='bbox 1136 2855 1270 2910; x_wconf 79' lang='lat' dir='ltr'>cancellis</span> <span class='ocrx_word' id='word_1_197' title='bbox 1283 2855 1359 2909; x_wconf 87' lang='lat' dir='ltr'>intra</span> <span class='ocrx_word' id='word_1_198' title='bbox 1370 2872 1442 2925; x_wconf 84' lang='lat' dir='ltr'>quoa</span> 
     </span>
     <span class='ocr_line' id='line_1_23' title="bbox 260 2964 1441 3033; baseline 0.003 -18"><span class='ocrx_word' id='word_1_199' title='bbox 260 2964 379 3020; x_wconf 81' lang='lat' dir='ltr'>actuarii</span> <span class='ocrx_word' id='word_1_200' title='bbox 393 2964 515 3017; x_wconf 88' lang='lat' dir='ltr'>iudicum</span> <span class='ocrx_word' id='word_1_201' title='bbox 525 2970 554 3018; x_wconf 90' lang='lat' dir='ltr'>et</span> <span class='ocrx_word' id='word_1_202' title='bbox 564 2964 724 3033; x_wconf 84' lang='lat' dir='ltr'>Principum</span> <span class='ocrx_word' id='word_1_203' title='bbox 737 2964 938 3017; x_wconf 85' lang='lat' dir='ltr'>claudebantur</span> <span class='ocrx_word' id='word_1_204' title='bbox 948 2968 977 3018; x_wconf 91' lang='lat' dir='ltr'>et</span> <span class='ocrx_word' id='word_1_205' title='bbox 989 2966 1217 3033; x_wconf 87' lang='lat' dir='ltr'>separabantura</span> <span class='ocrx_word' id='word_1_206' title='bbox 1231 2966 1314 3028; x_wconf 86' lang='lat' dir='ltr'>turba</span> <span class='ocrx_word' id='word_1_207' title='bbox 1326 2965 1441 3019; x_wconf 88' lang='lat' dir='ltr'>illorum</span> 
     </span>
     <span class='ocr_line' id='line_1_24' title="bbox 260 3067 1439 3137; baseline 0.003 -18"><span class='ocrx_word' id='word_1_208' title='bbox 260 3067 402 3121; x_wconf 88' lang='lat' dir='ltr'>bominum</span> <span class='ocrx_word' id='word_1_209' title='bbox 420 3067 468 3137; x_wconf 91' lang='lat' dir='ltr'>qui</span> <span class='ocrx_word' id='word_1_210' title='bbox 487 3067 642 3137; x_wconf 81' lang='lat' dir='ltr'>gratiarum</span> <span class='ocrx_word' id='word_1_211' title='bbox 660 3072 690 3120; x_wconf 92' lang='lat' dir='ltr'>et</span> <span class='ocrx_word' id='word_1_212' title='bbox 707 3067 912 3121; x_wconf 87' lang='lat' dir='ltr'>concessionem</span> <span class='ocrx_word' id='word_1_213' title='bbox 932 3068 1068 3137; x_wconf 84' lang='lat' dir='ltr'>rescripta</span> <span class='ocrx_word' id='word_1_214' title='bbox 1087 3068 1345 3136; x_wconf 82' lang='lat' dir='ltr'>pt·aestolabantur;</span> <span class='ocrx_word' id='word_1_215' title='bbox 1365 3068 1439 3124; x_wconf 88' lang='lat' dir='ltr'>unda</span> 
     </span>
     <span class='ocr_line' id='line_1_25' title="bbox 258 3172 1441 3242; baseline 0.003 -17"><span class='ocrx_word' id='word_1_216' title='bbox 258 3172 386 3228; x_wconf 89' lang='lat' dir='ltr'>ordinate</span> <span class='ocrx_word' id='word_1_217' title='bbox 404 3174 464 3227; x_wconf 90' lang='lat' dir='ltr'>fieri</span> <span class='ocrx_word' id='word_1_218' title='bbox 485 3177 594 3242; x_wconf 90' lang='lat' dir='ltr'>poterat</span> <span class='ocrx_word' id='word_1_219' title='bbox 613 3174 809 3242; x_wconf 87' lang='lat' dir='ltr'>rescriptorum</span> <span class='ocrx_word' id='word_1_220' title='bbox 829 3172 996 3227; x_wconf 88' lang='lat' dir='ltr'>distributio.</span> <span class='ocrx_word' id='word_1_221' title='bbox 1017 3174 1122 3227; x_wconf 76' lang='lat' dir='ltr'>Forsan</span> <span class='ocrx_word' id='word_1_222' title='bbox 1138 3192 1194 3228; x_wconf 87' lang='lat' dir='ltr'>una</span> <span class='ocrx_word' id='word_1_223' title='bbox 1212 3174 1285 3229; x_wconf 90' lang='lat' dir='ltr'>ratio</span> <span class='ocrx_word' id='word_1_224' title='bbox 1297 3176 1333 3228; x_wconf 88' lang='lat' dir='ltr'>ab</span> <span class='ocrx_word' id='word_1_225' title='bbox 1346 3173 1441 3230; x_wconf 86' lang='lat' dir='ltr'>altera</span> 
     </span>
     <span class='ocr_line' id='line_1_26' title="bbox 259 3276 1439 3349; baseline 0.003 -20"><span class='ocrx_word' id='word_1_226' title='bbox 259 3293 314 3331; x_wconf 91' lang='lat' dir='ltr'>non</span> <span class='ocrx_word' id='word_1_227' title='bbox 329 3277 468 3331; x_wconf 82' lang='lat' dir='ltr'>disiuncta</span> <span class='ocrx_word' id='word_1_228' title='bbox 485 3278 578 3331; x_wconf 82' lang='lat' dir='ltr'>effecit</span> <span class='ocrx_word' id='word_1_229' title='bbox 598 3284 628 3330; x_wconf 94' lang='lat' dir='ltr'>ut</span> <span class='ocrx_word' id='word_1_230' title='bbox 647 3281 704 3331; x_wconf 89' lang='lat' dir='ltr'>tam</span> <span class='ocrx_word' id='word_1_231' title='bbox 723 3276 877 3331; x_wconf 89' lang='lat' dir='ltr'>communis</span> <span class='ocrx_word' id='word_1_232' title='bbox 895 3277 964 3331; x_wconf 91' lang='lat' dir='ltr'>haee</span> <span class='ocrx_word' id='word_1_233' title='bbox 983 3277 1135 3347; x_wconf 84' lang='lat' dir='ltr'>appellatio</span> <span class='ocrx_word' id='word_1_234' title='bbox 1148 3280 1269 3332; x_wconf 78' lang='lat' dir='ltr'>evaserit</span> <span class='ocrx_word' id='word_1_235' title='bbox 1287 3278 1323 3331; x_wconf 86' lang='lat' dir='ltr'>iis</span> <span class='ocrx_word' id='word_1_236' title='bbox 1335 3279 1439 3349; x_wconf 85' lang='lat' dir='ltr'>quibua</span> 
     </span>
     <span class='ocr_line' id='line_1_27' title="bbox 257 3383 1437 3454; baseline 0.004 -17"><span class='ocrx_word' id='word_1_237' title='bbox 257 3400 328 3438; x_wconf 91' lang='lat' dir='ltr'>onus</span> <span class='ocrx_word' id='word_1_238' title='bbox 346 3385 483 3439; x_wconf 90' lang='lat' dir='ltr'>incumbit</span> <span class='ocrx_word' id='word_1_239' title='bbox 500 3386 674 3440; x_wconf 80' lang='lat' dir='ltr'>rescribendi</span> <span class='ocrx_word' id='word_1_240' title='bbox 692 3385 803 3439; x_wconf 92' lang='lat' dir='ltr'>nomine</span> <span class='ocrx_word' id='word_1_241' title='bbox 822 3385 960 3454; x_wconf 88' lang='lat' dir='ltr'>Principia</span> <span class='ocrx_word' id='word_1_242' title='bbox 978 3386 1024 3439; x_wconf 89' lang='lat' dir='ltr'>vel</span> <span class='ocrx_word' id='word_1_243' title='bbox 1043 3383 1159 3441; x_wconf 85' lang='lat' dir='ltr'>alterius</span> <span class='ocrx_word' id='word_1_244' title='bbox 1178 3385 1277 3440; x_wconf 86' lang='lat' dir='ltr'>iudicis</span> <span class='ocrx_word' id='word_1_245' title='bbox 1301 3386 1437 3442; x_wconf 80' lang='lat' dir='ltr'>ordinarii</span> 
     </span>
     <span class='ocr_line' id='line_1_28' title="bbox 255 3490 1437 3563; baseline 0.003 -20"><span class='ocrx_word' id='word_1_246' title='bbox 255 3490 467 3559; x_wconf 88' lang='lat' dir='ltr'>cuiuscumque:</span> <span class='ocrx_word' id='word_1_247' title='bbox 487 3492 520 3544; x_wconf 81' lang='lat' dir='ltr'>cs.</span> <span class='ocrx_word' id='word_1_248' title='bbox 534 3490 759 3556; x_wconf 87' lang='lat' dir='ltr'>Thomassinum‚</span> <span class='ocrx_word' id='word_1_249' title='bbox 778 3495 847 3543; x_wconf 90' lang='lat' dir='ltr'>tom.</span> <span class='ocrx_word' id='word_1_250' title='bbox 861 3490 881 3555; x_wconf 89' lang='lat'>1,</span> <span class='ocrx_word' id='word_1_251' title='bbox 901 3490 987 3557; x_wconf 82' lang='lat' dir='ltr'>lib.2,</span> <span class='ocrx_word' id='word_1_252' title='bbox 1006 3508 1066 3561; x_wconf 87' lang='lat' dir='ltr'>cap.</span> <span class='ocrx_word' id='word_1_253' title='bbox 1082 3492 1132 3546; x_wconf 79' lang='lat'>104</span> <span class='ocrx_word' id='word_1_254' title='bbox 1145 3508 1187 3563; x_wconf 87' lang='lat' dir='ltr'>sq.</span> <span class='ocrx_word' id='word_1_255' title='bbox 1207 3497 1237 3547; x_wconf 88' lang='lat' dir='ltr'>et</span> <span class='ocrx_word' id='word_1_256' title='bbox 1256 3491 1437 3563; x_wconf 84' lang='lat' dir='ltr'>Van-Espen,</span> 
     </span>
     <span class='ocr_line' id='line_1_29' title="bbox 257 3594 1436 3667; baseline 0.004 -19"><span class='ocrx_word' id='word_1_257' title='bbox 257 3595 314 3649; x_wconf 85' lang='lat' dir='ltr'>Ius.</span> <span class='ocrx_word' id='word_1_258' title='bbox 328 3613 386 3649; x_wconf 75' lang='lat' dir='ltr'>coa</span> <span class='ocrx_word' id='word_1_259' title='bbox 400 3598 532 3659; x_wconf 71' lang='lat' dir='ltr'>univers,</span> <span class='ocrx_word' id='word_1_260' title='bbox 545 3603 616 3665; x_wconf 85' lang='lat' dir='ltr'>part.</span> <span class='ocrx_word' id='word_1_261' title='bbox 630 3596 650 3661; x_wconf 90' lang='lat'>1,</span> <span class='ocrx_word' id='word_1_262' title='bbox 663 3595 707 3649; x_wconf 91' lang='lat' dir='ltr'>tit.</span> <span class='ocrx_word' id='word_1_263' title='bbox 723 3594 766 3661; x_wconf 78' lang='lat'>23,</span> <span class='ocrx_word' id='word_1_264' title='bbox 780 3612 839 3665; x_wconf 86' lang='lat' dir='ltr'>cap.</span> <span class='ocrx_word' id='word_1_265' title='bbox 855 3596 873 3650; x_wconf 90' lang='lat'>1.</span> <span class='ocrx_word' id='word_1_266' title='bbox 887 3597 1020 3667; x_wconf 82' lang='lat' dir='ltr'>-Atqui</span> <span class='ocrx_word' id='word_1_267' title='bbox 1034 3614 1090 3651; x_wconf 94' lang='lat' dir='ltr'>non</span> <span class='ocrx_word' id='word_1_268' title='bbox 1104 3614 1202 3667; x_wconf 90' lang='lat' dir='ltr'>parum</span> <span class='ocrx_word' id='word_1_269' title='bbox 1216 3598 1360 3667; x_wconf 84' lang='lat' dir='ltr'>disputant</span> <span class='ocrx_word' id='word_1_270' title='bbox 1372 3616 1436 3653; x_wconf 89' lang='lat' dir='ltr'>eru·</span> 
     </span>
     <span class='ocr_line' id='line_1_30' title="bbox 253 3699 1435 3771; baseline 0.004 -20"><span class='ocrx_word' id='word_1_271' title='bbox 253 3699 306 3753; x_wconf 93' lang='lat' dir='ltr'>diti</span> <span class='ocrx_word' id='word_1_272' title='bbox 325 3716 410 3771; x_wconf 87' lang='lat' dir='ltr'>quare</span> <span class='ocrx_word' id='word_1_273' title='bbox 429 3699 584 3754; x_wconf 85' lang='lat' dir='ltr'>Cardinalis</span> <span class='ocrx_word' id='word_1_274' title='bbox 596 3699 786 3755; x_wconf 80' lang='lat' dir='ltr'>cancellariae</span> <span class='ocrx_word' id='word_1_275' title='bbox 803 3700 919 3755; x_wconf 87' lang='lat' dir='ltr'>Praesas</span> <span class='ocrx_word' id='word_1_276' title='bbox 937 3701 1094 3771; x_wconf 85' lang='lat' dir='ltr'>appelletur</span> <span class='ocrx_word' id='word_1_277' title='bbox 1108 3700 1435 3757; x_wconf 78' lang='lat' dir='ltr'>Vico-Cancellarius-</span> 
     </span>
     <span class='ocr_line' id='line_1_31' title="bbox 254 3807 1435 3882; baseline 0.006 -22"><span class='ocrx_word' id='word_1_278' title='bbox 254 3807 380 3862; x_wconf 86' lang='lat' dir='ltr'>lamvero</span> <span class='ocrx_word' id='word_1_279' title='bbox 398 3810 427 3863; x_wconf 90' lang='lat' dir='ltr'>iu</span> <span class='ocrx_word' id='word_1_280' title='bbox 446 3809 643 3878; x_wconf 79' lang='lat' dir='ltr'>diplomatibus</span> <span class='ocrx_word' id='word_1_281' title='bbox 656 3808 811 3862; x_wconf 88' lang='lat' dir='ltr'>Pontifioiis</span> <span class='ocrx_word' id='word_1_282' title='bbox 825 3826 911 3879; x_wconf 85' lang='lat' dir='ltr'>usque</span> <span class='ocrx_word' id='word_1_283' title='bbox 928 3809 963 3862; x_wconf 91' lang='lat' dir='ltr'>ad</span> <span class='ocrx_word' id='word_1_284' title='bbox 976 3808 1149 3864; x_wconf 81' lang='lat' dir='ltr'>Bonisacium</span> <span class='ocrx_word' id='word_1_285' title='bbox 1165 3810 1225 3863; x_wconf 88' lang='lat' dir='ltr'>Vlll</span> <span class='ocrx_word' id='word_1_286' title='bbox 1239 3812 1271 3881; x_wconf 88' lang='lat'>(†</span> <span class='ocrx_word' id='word_1_287' title='bbox 1287 3812 1368 3882; x_wconf 88' lang='grc'>1303)</span> <span class='ocrx_word' id='word_1_288' title='bbox 1381 3811 1435 3867; x_wconf 85' lang='lat' dir='ltr'>ali·</span> 
     </span>
     <span class='ocr_line' id='line_1_32' title="bbox 251 3914 1432 3986; baseline 0.001 -17"><span class='ocrx_word' id='word_1_289' title='bbox 251 3914 368 3985; x_wconf 78' lang='lat' dir='ltr'>quando·</span> <span class='ocrx_word' id='word_1_290' title='bbox 377 3916 513 3984; x_wconf 90' lang='lat' dir='ltr'>reperitur</span> <span class='ocrx_word' id='word_1_291' title='bbox 525 3914 692 3983; x_wconf 80' lang='lat' dir='ltr'>subscriptio</span> <span class='ocrx_word' id='word_1_292' title='bbox 705 3914 878 3968; x_wconf 81' lang='lat' dir='ltr'>Canoettarit</span> <span class='ocrx_word' id='word_1_293' title='bbox 891 3916 917 3968; x_wconf 87' lang='lat' dir='ltr'>S.</span> <span class='ocrx_word' id='word_1_294' title='bbox 929 3916 961 3968; x_wconf 81' lang='lat' dir='ltr'>a.</span> <span class='ocrx_word' id='word_1_295' title='bbox 973 3916 1014 3982; x_wconf 78' lang='lat' dir='ltr'>E,</span> <span class='ocrx_word' id='word_1_296' title='bbox 1027 3915 1177 3986; x_wconf 89' lang='lat' dir='ltr'>aliquando</span> <span class='ocrx_word' id='word_1_297' title='bbox 1191 3916 1432 3971; x_wconf 78' lang='lat' dir='ltr'>Vicecanceltarit</span> 
     </span>
     <span class='ocr_line' id='line_1_33' title="bbox 251 3998 1434 4094; baseline 0.004 -19"><span class='ocrx_word' id='word_1_298' title='bbox 251 4022 431 4077; x_wconf 88' lang='lat' dir='ltr'>Communior</span> <span class='ocrx_word' id='word_1_299' title='bbox 449 4028 478 4077; x_wconf 87' lang='lat' dir='ltr'>et</span> <span class='ocrx_word' id='word_1_300' title='bbox 496 4022 679 4093; x_wconf 88' lang='lat' dir='ltr'>undequaque</span> <span class='ocrx_word' id='word_1_301' title='bbox 703 4022 856 4091; x_wconf 86' lang='lat' dir='ltr'>probabilia</span> <span class='ocrx_word' id='word_1_302' title='bbox 876 4029 919 4077; x_wconf 91' lang='lat' dir='ltr'>est</span> <span class='ocrx_word' id='word_1_303' title='bbox 936 3998 1031 4093; x_wconf 86' lang='lat' dir='ltr'>opinio</span> <span class='ocrx_word' id='word_1_304' title='bbox 1055 4040 1139 4094; x_wconf 90' lang='lat' dir='ltr'>quam</span> <span class='ocrx_word' id='word_1_305' title='bbox 1158 4024 1314 4090; x_wconf 78' lang='lat' dir='ltr'>innuimus,</span> <span class='ocrx_word' id='word_1_306' title='bbox 1333 4030 1362 4078; x_wconf 85' lang='lat' dir='ltr'>et</span> <span class='ocrx_word' id='word_1_307' title='bbox 1381 4042 1434 4080; x_wconf 84' lang='lat' dir='ltr'>nos</span> 
     </span>
     <span class='ocr_line' id='line_1_34' title="bbox 252 4126 1432 4199; baseline 0.003 -19"><span class='ocrx_word' id='word_1_308' title='bbox 252 4127 454 4197; x_wconf 88' lang='lat' dir='ltr'>amplectimur.</span> <span class='ocrx_word' id='word_1_309' title='bbox 474 4127 553 4191; x_wconf 87' lang='lat' dir='ltr'>Nam,</span> <span class='ocrx_word' id='word_1_310' title='bbox 567 4127 608 4180; x_wconf 87' lang='lat' dir='ltr'>uti</span> <span class='ocrx_word' id='word_1_311' title='bbox 621 4126 801 4193; x_wconf 86' lang='lat' dir='ltr'>advertimus,</span> <span class='ocrx_word' id='word_1_312' title='bbox 815 4131 858 4181; x_wconf 88' lang='lat' dir='ltr'>est</span> <span class='ocrx_word' id='word_1_313' title='bbox 874 4144 1019 4183; x_wconf 87' lang='lat' dir='ltr'>commune</span> <span class='ocrx_word' id='word_1_314' title='bbox 1038 4128 1067 4181; x_wconf 90' lang='lat' dir='ltr'>in</span> <span class='ocrx_word' id='word_1_315' title='bbox 1086 4126 1163 4199; x_wconf 87' lang='lat' dir='ltr'>stylo</span> <span class='ocrx_word' id='word_1_316' title='bbox 1176 4128 1271 4184; x_wconf 85' lang='lat' dir='ltr'>curiae</span> <span class='ocrx_word' id='word_1_317' title='bbox 1290 4134 1322 4183; x_wconf 92' lang='lat' dir='ltr'>ut</span> <span class='ocrx_word' id='word_1_318' title='bbox 1339 4130 1432 4184; x_wconf 79' lang='lat' dir='ltr'>officia</span> 
     </span>
     <span class='ocr_line' id='line_1_35' title="bbox 247 4232 1433 4305; baseline 0.005 -21"><span class='ocrx_word' id='word_1_319' title='bbox 247 4234 380 4303; x_wconf 80' lang='lat' dir='ltr'>primitus</span> <span class='ocrx_word' id='word_1_320' title='bbox 392 4234 557 4305; x_wconf 78' lang='lat' dir='ltr'>praeteritio</span> <span class='ocrx_word' id='word_1_321' title='bbox 579 4232 602 4285; x_wconf 89' lang='lat' dir='ltr'>ei</span> <span class='ocrx_word' id='word_1_322' title='bbox 621 4232 814 4287; x_wconf 85' lang='lat' dir='ltr'>Cardinalibus</span> <span class='ocrx_word' id='word_1_323' title='bbox 833 4233 1044 4287; x_wconf 89' lang='lat' dir='ltr'>committantur</span> <span class='ocrx_word' id='word_1_324' title='bbox 1063 4234 1231 4303; x_wconf 84' lang='lat' dir='ltr'>exprimant,</span> <span class='ocrx_word' id='word_1_325' title='bbox 1252 4235 1362 4289; x_wconf 84' lang='lat' dir='ltr'>adiecta</span> <span class='ocrx_word' id='word_1_326' title='bbox 1381 4252 1433 4290; x_wconf 90' lang='lat' dir='ltr'>no-</span> 
     </span>
     <span class='ocr_line' id='line_1_36' title="bbox 251 4339 1430 4414; baseline 0.003 -21"><span class='ocrx_word' id='word_1_327' title='bbox 251 4339 319 4394; x_wconf 89' lang='lat' dir='ltr'>mini</span> <span class='ocrx_word' id='word_1_328' title='bbox 338 4340 551 4409; x_wconf 86' lang='lat' dir='ltr'>praepositione,</span> <span class='ocrx_word' id='word_1_329' title='bbox 564 4339 616 4394; x_wconf 87' lang='lat' dir='ltr'>hoo</span> <span class='ocrx_word' id='word_1_330' title='bbox 633 4340 693 4394; x_wconf 82' lang='lat' dir='ltr'>lieri</span> <span class='ocrx_word' id='word_1_331' title='bbox 712 4340 790 4411; x_wconf 87' lang='lat' dir='ltr'>quasi</span> <span class='ocrx_word' id='word_1_332' title='bbox 810 4339 1032 4394; x_wconf 83' lang='lat' dir='ltr'>extraordinaria</span> <span class='ocrx_word' id='word_1_333' title='bbox 1050 4342 1170 4395; x_wconf 87' lang='lat' dir='ltr'>ratione.</span> <span class='ocrx_word' id='word_1_334' title='bbox 1190 4342 1231 4395; x_wconf 77' lang='lat' dir='ltr'>ct.</span> <span class='ocrx_word' id='word_1_335' title='bbox 1245 4343 1364 4409; x_wconf 82' lang='lat' dir='ltr'>bioroni,</span> <span class='ocrx_word' id='word_1_336' title='bbox 1383 4360 1430 4414; x_wconf 89' lang='lat' dir='ltr'>op.</span> 
     </span>
    </p>
   </div>
   <div class='ocr_carea' id='block_1_6' title="bbox 0 0 1650 5109">
    <p class='ocr_par' dir='ltr' id='par_1_6' title="bbox 0 0 1650 5109">
     <span class='ocr_line' id='line_1_37' title="bbox 0 0 1650 5109; baseline 0 11"><span class='ocrx_word' id='word_1_337' title='bbox 0 0 1650 5109; x_wconf 95' lang='lat' dir='ltr'> </span> 
     </span>
    </p>
   </div>
  </div>
 </body>
</html>
