3292 5109
339 299 405 365 448
869 312 951 361 rans
975 314 1011 360 11.

338 446 520 530 imperitum
544 463 625 514 esse,
647 444 732 510 unde
755 442 924 509 attendere
947 440 1042 507 debet
1064 442 1113 507 sui
1132 441 1258 506 Vicarii
1283 436 1471 525 suffragium
1486 441 1516 503 in

336 570 469 636 edendis
499 570 685 651 sententiis3
709 568 783 634 inde
809 568 979 648 deducunt,
1006 567 1077 633 Vic.
1106 567 1305 633 Generalem
1339 572 1517 649 suspectum

338 692 476 759 influere
498 696 531 757 in
557 694 660 779 ipsum
686 692 890 778 Episcopum.
918 726 935 739 -
961 689 1022 756 Sed
1047 690 1090 755 uti
1116 694 1212 774 patet,
1238 690 1323 753 ratio
1349 694 1401 753 est
1430 690 1520 752 nimis

337 816 500 900 generalis
524 836 627 909 neque
651 814 833 901 respondet,
858 821 893 879 ut
916 814 1097 901 plurimum,
1117 832 1227 877 rerum
1248 812 1395 876 veritati.
1417 811 1521 886 Quare

337 962 411 1007 cum
434 942 583 1025 exceptio
613 942 801 1027 suspicionis
830 960 895 1003 non
926 940 1177 1005 iurisdictionem
1208 937 1414 1003 ordinariam
1445 956 1521 1022 quae

337 1072 387 1133 est
402 1066 579 1129 communis
595 1066 759 1160 Episcopo·
771 1071 804 1129 et
819 1064 963 1134 Vicario,
977 1062 1033 1127 sed
1049 1063 1192 1147 singulas
1207 1060 1329 1126 afficiat
1354 1080 1519 1145 personas,

337 1190 415 1254 hinc
437 1210 457 1253 a
479 1208 618 1274 persona
641 1191 735 1255 unius
757 1210 822 1254 nou
840 1194 943 1274 potest
957 1189 1051 1273 argui
1075 1186 1115 1251 ad
1138 1206 1312 1273 personam
1329 1186 1479 1251 alterius.

426 1312 501 1375 343.
526 1312 704 1396 Episcopus
726 1312 892 1397 cognoscit
914 1309 954 1375 de
977 1310 1168 1395 exceptione
1191 1310 1388 1395 suspicionis
1404 1310 1455 1373 sui
1471 1309 1521 1372 Vi-

337 1437 416 1502 carii
434 1444 466 1499 et
482 1456 524 1499 ox
548 1436 610 1499 hac
629 1436 884 1521 praescriptione
899 1435 979 1499 iuris
994 1435 1172 1499 communis
1190 1435 1295 1499 evinci
1314 1440 1434 1519 potest,
1453 1454 1519 1498 esse

336 1563 476 1625 alienum
500 1582 520 1624 a
543 1562 613 1625 iure
637 1560 810 1626 traducere
840 1562 885 1627 uti
909 1567 1090 1645 suspectum
1118 1558 1327 1645 Episcopum,
1353 1560 1397 1623 ob
1422 1561 1520 1645 suspi-

337 1687 464 1752 cionem
486 1686 519 1750 in
542 1686 616 1751 Vic.
634 1688 715 1753 Gen.
733 1685 906 1761 obiectam;
931 1706 1005 1771 ary.
1024 1706 1098 1769 cap.
1116 1686 1148 1760 4,
1165 1686 1216 1750 De
1230 1688 1286 1769 off.
1308 1686 1422 1771 dclep,
1443 1686 1479 1750 in
1500 1686 1521 1749 6

336 1812 375 1895 (l,
401 1810 465 1897 14).
492 1846 510 1859 -
537 1812 563 1875 E
587 1818 702 1875 contra
721 1810 761 1876 de
778 1812 936 1897 Episcopo
960 1818 1108 1897 suspecto
1131 1818 1335 1897 cognoscunt
1359 1810 1488 1878 arbitn'.
1504 1848 1520 1858 -

336 1937 369 2003 Si
393 1956 473 2002 vero
495 1937 672 2021 Episcopus
695 1938 736 2001 sit
759 1937 874 2023 absens
898 1937 950 2002 vel
974 1938 1037 2003 alia
1060 1936 1099 2001 de
1123 1956 1220 2003 causa
1243 1937 1432 2023 impeditus.
1462 1958 1520 2023 quo

335 2062 441 2126 minus
471 2060 589 2126 indicet
611 2060 651 2126 de
674 2062 800 2127 obiecta
830 2064 1008 2147 suspicione
1032 2062 1081 2128 sui
1105 2062 1178 2128 Vic.
1204 2064 1426 2130 constituendi
1450 2072 1520 2130 sunt

335 2184 461 2251 arbitri.
487 2221 505 2233 -
531 2186 614 2253 Casu
637 2208 698 2271 quo
722 2188 832 2273 plures
855 2190 1016 2253 constituti
1041 2189 1104 2253 sint
1120 2190 1192 2254 Vic.
1210 2190 1396 2256 Generales
1419 2192 1455 2256 in
1474 2211 1520 2259 se

336 2312 455 2391 lidum,
471 2313 518 2377 uti
539 2310 609 2377 fieri
634 2314 830 2397 permittitur
854 2315 886 2377 in
909 2313 1024 2387 Gallia,
1051 2314 1229 2379 Leurenius
1254 2316 1419 2399 opinatur,
1444 2322 1518 2381 tunc

335 2436 530 2521 Episcopum
546 2436 585 2501 de
602 2436 664 2502 hac
680 2441 871 2523 exceptione
887 2458 1083 2524 cognoscere
1100 2460 1164 2504 non
1180 2440 1304 2510 valere,
1319 2441 1377 2506 sed
1395 2450 1517 2507 senten·

335 2562 413 2626 tiam
429 2561 694 2646 expostulandam
711 2584 782 2627 esse
797 2563 838 2627 ab
862 2564 924 2627 ulio
942 2565 1013 2629 Vic.
1032 2565 1201 2640 Generali;
1219 2584 1296 2651 erp.
1315 2566 1370 2632 cit.
1389 2586 1465 2650 cop.
1486 2568 1516 2631 4.

335 2684 385 2750 De
407 2687 462 2769 off.
484 2686 589 2772 detep.
613 2688 651 2752 in
674 2688 706 2763 o,
724 2689 807 2772 quod
832 2691 876 2755 ita
899 2691 1024 2753 servari
1048 2691 1205 2775 praecipit
1220 2690 1261 2755 de
1278 2690 1429 2775 pluribus
1446 2690 1516 2755 iudi·

334 2810 425 2875 cibus
438 2810 603 2896 delegatis,
623 2814 720 2878 -Sed
744 2816 828 2879 ratio
852 2816 1054 2898 aequalitatis
1078 2835 1143 2880 non
1159 2816 1290 2881 videtur
1306 2816 1516 2895 admittenda,

334 2936 409 3019 quia
432 2936 552 3001 iudices
575 2937 723 3024 delegati,
741 2940 960 3026 cottepiatiter
982 2940 1203 3025 procedentes,
1228 2940 1454 3026 impediuntur
1477 2940 1514 3005 ab
1616 2958 1617 2997 t

335 3062 492 3127 exercitio
515 3063 563 3125 sui
587 3064 741 3137 timueris,
766 3064 840 3129 dnm
868 3065 952 3131 alter
976 3072 1145 3130 recusatur
1168 3068 1259 3149 quasi
1292 3070 1465 3151 suspectus
1488 3086 1517 3130 et

333 3183 514 3250 huiusmodi
538 3188 747 3270 expertiones
771 3190 866 3253 etiam
890 3190 923 3252 in
947 3188 1094 3254 fraudem
1110 3195 1241 3273 possent
1257 3188 1364 3255 obiici.
1382 3190 1447 3257 Sed
1464 3191 1515 3255 l'i·
1615 3210 1616 3237 i

334 3309 415 3372 carii
431 3309 618 3383 Gener-ales,
637 3332 709 3376 cum
729 3312 766 3377 in
781 3312 929 3379 solidum
944 3312 1085 3378 habeant
1100 3332 1191 3378 suam
1208 3319 1412 3399 potestatem,
1430 3318 1515 3399 quis-

334 3451 396 3516 que
427 3453 539 3497 eorum
571 3438 673 3521 magis
705 3436 864 3522 dependet
886 3436 926 3501 ab
951 3439 1118 3523 Episcopo,
1145 3458 1240 3521 quam
1264 3438 1305 3503 ab
1330 3440 1440 3504 altero
1464 3460 1514 3505 re-

334 3558 473 3623 niudice.

424 3684 499 3747 344.
525 3683 606 3757 Quia
629 3684 792 3751 dioeceses
815 3708 917 3771 aeque
940 3688 1162 3774 principaliter
1186 3691 1295 3755 unitae
1320 3712 1422 3757 unum
1446 3698 1514 3756 tan·
1613 3688 1614 3699 ’

333 3810 401 3870 tum
424 3806 546 3871 habent
568 3808 771 3893 Episcopum,
795 3811 840 3873 ite
863 3830 961 3875 unum
993 3812 1097 3877 solent
1126 3812 1249 3879 habere
1273 3814 1350 3880 vie.
1377 3817 1514 3881 Genera·

333 3931 406 4005 lem,
425 3936 568 4016 quamvis
586 3936 763 4020 Episcopus
786 3936 865 4002 duos
880 3938 934 4002 vel
950 3943 1017 4003 tres
1040 3941 1237 4007 constituere
1260 3944 1373 4026 possit,
1391 3946 1418 4009 si
1435 3946 1514 4009 duee
1612 3910 1613 3919 ,

332 4056 386 4121 rel
408 4060 475 4122 tres
495 4058 559 4123 sint
582 4058 745 4123 dioeceses
768 4078 871 4145 aeque
895 4062 1117 4147 principaliter
1140 4064 1261 4129 unitae.

423 4181 506 4257 Quia
523 4182 675 4248 Vicarius
692 4204 805 4249 causas
821 4205 1020 4271 cognoscere
1039 4186 1134 4252 debet
1156 4187 1190 4251 in
1212 4188 1286 4254 loco
1303 4190 1359 4255 ubi
1375 4190 1510 4257 tribuual

333 4312 483 4397 Episcopi
506 4311 636 4394 residet,
655 4315 699 4378 ita
714 4314 810 4380 huius
826 4316 971 4399 sequitur
991 4315 1131 4383 tribunal
1155 4316 1213 4383 sub
1239 4340 1280 4385 ea
1300 4324 1510 4406 rationeque

332 4454 432 4500 unum
455 4437 661 4503 constituitur
683 4436 826 4503 tribunal
850 4459 909 4524 pro
933 4439 1056 4505 duabus
1072 4440 1125 4505 rel
1141 4442 1292 4527 pluribus
1308 4446 1506 4513 dioecesibus.
