3292 5109
309 269 376 335 208
837 288 922 335 rans
945 286 981 335 u.

311 410 491 497 Religiosis,
515 409 628 494 quibus
648 410 713 475 suis
729 408 855 475 iuribus
870 410 916 475 uti
938 411 1096 495 permisit,
1120 414 1154 475 et
1176 410 1340 475 nonnullis
1361 410 1437 475 aliis
1457 411 1494 475 in

310 533 441 600 decreto
470 552 625 618 expresse
648 532 793 617 exceptis
817 531 944 598 casibus
960 532 1018 617 (l).

402 659 475 723 174.
492 657 554 725 Sed
571 659 601 725 S.
616 658 666 722 Pii
683 656 714 721 V
732 658 873 723 Decreto
888 659 975 723 viam
986 663 1151 723 straverat
1167 657 1346 724 Concilium
1359 657 1495 723 Triden-

309 786 411 851 tinum
433 786 467 850 in
487 802 566 851 seso.
583 784 633 851 25
656 785 689 849 in
713 780 786 856 fine,
808 784 1038 851 commendans
1058 785 1188 851 Summo
1205 784 1354 852 Pontifici
1379 786 1497 853 Eccle·

310 908 513 974 siasticarum
537 910 817 975 caeremoniarum
835 915 868 975 et
883 930 1052 975 sacrorum
1075 909 1195 977 rituum
1214 910 1494 977 reformationem.

310 1032 352 1098 Ut
375 1034 458 1098 votis
483 1032 748 1099 Tridentinorum
772 1034 907 1097 Patrum
930 1038 965 1119 et
989 1033 1040 1097 Pii
1062 1034 1095 1098 V
1120 1033 1346 1100 constitutioni
1369 1033 1496 1099 factum

310 1162 396 1221 esset
417 1158 503 1229 satis,
517 1162 757 1243 peropportuno
785 1156 920 1222 consilio
940 1156 1051 1222 Sixtus
1070 1158 1103 1222 V
1126 1157 1161 1221 in
1184 1156 1292 1223 const
1317 1156 1497 1222 immensa

311 1284 475 1348 constituit
489 1282 782 1371 congregationem
798 1283 973 1350 Sacrorum
990 1284 1132 1357 Rituum,
1149 1302 1247 1369 scopo
1262 1284 1308 1347 ita
1323 1302 1495 1369 expresso:

312 1406 495 1491 «Quinque
520 1406 627 1474 itidem
652 1406 841 1473 cardinales
860 1406 1047 1492 delegimus,
1071 1406 1186 1491 quibus
1207 1407 1291 1473 haec
1317 1410 1498 1494 praecipue

310 1552 390 1599 cura
413 1531 600 1599 incumbere
624 1533 753 1607 debeat,
778 1539 814 1599 ut
835 1539 967 1598 veteres
996 1535 1079 1599 ritus
1104 1532 1189 1598 sacri
1212 1533 1316 1600 ubivis
1345 1532 1495 1599 locorum

311 1658 343 1723 in
366 1656 512 1722 omnibus
536 1656 631 1724 Urbis
655 1656 817 1741 Orbisque
842 1655 998 1722 Ecclesiis
1028 1657 1124 1722 etiam
1157 1657 1189 1722 in
1213 1655 1346 1742 Capella
1374 1657 1497 1722 Nostra

312 1775 497 1851 Pontificia,
521 1779 554 1843 in
577 1778 697 1851 Missis,
722 1778 847 1843 Divinis
873 1775 1014 1853 Officiis,
1041 1778 1326 1843 Sacramentorum
1355 1774 1495 1841 admini-

309 1904 482 1977 stratione,
507 1904 708 1988 caeterisque
731 1902 772 1969 ad
796 1903 940 1968 divinum
970 1901 1090 1969 cultum
1122 1900 1357 1988 pertinentibus
1383 1922 1405 1967 a
1426 1902 1496 1986 qui-

309 2026 417 2097 busvis
440 2028 587 2112 personis
613 2024 787 2111 diiigenter
809 2026 1041 2097 observentur,
1065 2026 1309 2105 caeremoniae,
1333 2025 1360 2090 si
1385 2024 1495 2092 exole

309 2154 429 2215 verunt
452 2150 682 2230 restituantur,
706 2149 733 2215 si
757 2148 953 2234 depravatae
976 2148 1100 2213 fuerint
1130 2148 1367 2219 reformentur,
1391 2146 1497 2213 libros

310 2273 350 2338 de
372 2275 475 2338 sacris
499 2273 612 2339 ritibus
629 2279 661 2339 et
680 2274 904 2367 caeremoniis,
928 2275 961 2337 in
984 2273 1098 2359 primis
1122 2270 1324 2347 Pontificale,
1349 2271 1494 2345 Rituale,

311 2396 562 2479 Gaeremoniale,
579 2403 675 2483 prout
698 2416 777 2483 opus
792 2396 902 2478 fuerit,
920 2396 1100 2462 reforment
1122 2401 1154 2461 et
1176 2395 1358 2469 emendent,
1376 2392 1496 2463 Officia

310 2520 419 2587 divina
442 2520 481 2585 de
506 2520 631 2587 Sanctis
651 2522 803 2586 Patronis
826 2520 1014 2586 examinent
1037 2525 1070 2585 et
1093 2518 1191 2585 Nobis
1214 2520 1305 2605 prius
1326 2519 1494 2593 consultis,

310 2645 498 2711 concedant.
524 2645 716 2732 Diligentem
732 2664 859 2730 qnoque
875 2664 987 2711 curam
1002 2643 1179 2710 adhibeant
1193 2644 1283 2709 circa
1298 2642 1494 2710 Sanctorum

311 2771 590 2838 Canonizationem
606 2770 827 2855 festorumque
843 2769 969 2836 dierum
992 2768 1224 2851 celebritatem,
1243 2773 1279 2835 ut
1301 2769 1410 2834 omnia
1428 2769 1496 2835 rite

311 2902 343 2962 et
365 2903 456 2963 recte
486 2902 519 2961 et
542 2916 584 2961 ex
609 2896 743 2963 Petrum
765 2895 940 2961 traditione
962 2892 1059 2971 fiant,
1084 2898 1117 2960 et
1139 2898 1175 2961 ut
1197 2895 1306 2980 Reges
1334 2899 1368 2958 et
1399 2892 1495 2957 Prin·

310 3025 398 3109 cipes
414 3040 591 3107 eorumque
607 3020 764 3088 Oratores
779 3022 928 3106 aliaeque
941 2995 1226 3108 personnaetiam
1242 3019 1496 3085 Ecclesiasticae

311 3148 351 3214 ad
375 3144 494 3215 Urbem
520 3148 713 3233 curiamque
745 3148 925 3212 Romanam
954 3147 1132 3219 venientes,
1157 3166 1217 3231 pro
1240 3145 1332 3212 Sedis
1357 3146 1495 3235 Aposto

308 3277 392 3345 licae
414 3274 570 3361 dignitate
593 3294 632 3339 ac
654 3273 853 3360 benignitate
875 3270 1065 3344 honorifice,
1089 3291 1181 3337 more
1208 3273 1376 3345 maiorum,
1400 3276 1494 3341 exci-

310 3398 448 3483 piantur,
473 3396 699 3481 cogitationem
730 3395 906 3481 suscipiant
928 3393 1102 3478 seduioqne
1125 3392 1326 3480 provideant
1353 3392 1494 3462 Contro-

310 3517 434 3583 versias
457 3515 497 3581 de
520 3515 746 3603 praecedentia
761 3518 793 3580 in
809 3514 1077 3603 processionibus,
1093 3522 1151 3581 aut
1172 3513 1259 3597 alibi,
1280 3518 1495 3600 caeterasque

310 3647 343 3710 in
367 3644 545 3712 huiusmodi
576 3644 678 3710 sacris
707 3643 822 3709 ritibus
845 3649 878 3709 et
908 3644 1120 3709 caeremoniis
1142 3640 1324 3709 incidentes
1351 3640 1494 3708 difficul-

309 3774 393 3837 tates
419 3775 624 3857 cognoscant,
649 3770 822 3834 summarie
845 3769 1024 3835 terminent
1046 3774 1079 3834 et
1101 3772 1340 3853 componunt».

398 4084 438 4156 (1)
458 4084 488 4139 ln
507 4084 580 4138 hanc
598 4084 744 4140 materiam
764 4082 871 4138 consuli
892 4088 1007 4154 possunt
1025 4082 1124 4151 Bouix,
1144 4084 1185 4139 De
1204 4085 1269 4140 iare
1286 4084 1491 4157 baurgim.-

310 4191 476 4247 Benedictus
494 4191 576 4259 XIV,
595 4191 635 4247 De
655 4192 865 4261 Beatificatione
892 4192 1046 4246 Servorum
1065 4191 1119 4259 Dei
1142 4200 1170 4247 et
1192 4192 1346 4247 Beatam
1367 4190 1490 4246 Canoni-

310 4298 427 4350 saa'ona.
446 4324 480 4337 -
499 4294 608 4361 Trana,
626 4294 763 4349 Manuale
782 4294 1124 4365 Theolopicopracticam
1141 4312 1196 4365 pro
1208 4294 1440 4350 romanabus.
1454 4322 1491 4337 -

311 4402 404 4471 Lauri,
419 4402 512 4459 Codaa
520 4419 576 4473 pro
585 4402 805 4473 postulatoribus
819 4417 972 4456 causarum
982 4402 1201 4472 Beatificationis
1215 4412 1242 4457 ct
1256 4402 1491 4457 Canonizationis.

1200 4651 1217 4687 δ
