3292 5109
292 284 360 353 230
820 302 904 351 rans
927 302 965 350 11.

294 430 362 493 Pro
384 448 421 494 re
444 432 556 493 nostra
590 428 726 493 innuere
760 424 899 493 sufficiat
927 446 992 492 non
1019 447 1117 493 unam
1147 425 1352 492 intercedere
1383 422 1475 491 diffe-

293 555 442 627 rentiam,
459 541 516 619 sed
531 552 658 618 anobis
681 550 857 618 referenda
876 558 925 619 est
938 554 1125 619 necessaria
1147 548 1329 618 differentia
1345 551 1385 617 ad
1400 552 1473 616 inti-

292 680 375 743 mius
387 678 503 743 horum
519 677 722 743 decretorum
735 677 985 764 dignoscendam
996 682 1157 743 naturam.
1181 676 1375 743 Benedictus
1385 676 1473 744 XIV

294 806 315 871 l.
332 824 359 871 c.
385 804 478 868 docet
501 800 679 871 ordinario
710 800 979 868 beatificationem
1011 802 1179 867 continere
1209 807 1333 869 tantum
1365 801 1475 866 cultus

289 928 549 1011 permissionem
555 944 569 1011 ,·
590 927 872 993 Gauonizationem
888 946 968 991 vero
985 926 1104 993 cultum
1120 927 1311 1011 praecipere
1327 946 1387 1019 pro
1402 925 1474 990 uni·

294 1070 390 1117 versa
415 1052 573 1119 Ecclesia.
597 1086 615 1099 -
640 1052 818 1118 Praeterea
843 1052 1017 1116 Beatorum
1045 1051 1150 1116 cultus
1172 1050 1352 1119 ordinario
1375 1070 1474 1115 coar-

295 1184 402 1245 ctatur
417 1180 503 1244 intra
519 1178 658 1262 aliquam
673 1176 884 1263 provinciam,
910 1177 1093 1249 dioecesim.
1118 1178 1291 1259 civitatem,
1316 1178 1472 1243 familiam

293 1306 488 1393 religiosam,
509 1325 581 1369 cum
606 1304 796 1371 Sanctorum
821 1304 928 1369 cultus
950 1304 1150 1389 praecipitur
1172 1305 1204 1369 in
1235 1304 1389 1370 universa
1411 1306 1474 1370 Ec·

294 1434 403 1500 clesia.
427 1468 445 1479 -
468 1432 594 1497 Verum
618 1430 779 1515 quianon
803 1429 919 1496 desunt
942 1450 1045 1502 casus,
1062 1429 1208 1513 quamvis
1224 1449 1303 1494 sane
1316 1430 1473 1513 perrara,

293 1560 326 1624 in
350 1554 463 1642 quibus
486 1552 660 1620 Pontifices
687 1555 821 1620 alicuius
846 1555 937 1620 Beati
962 1555 1082 1620 cultum
1106 1560 1361 1652 p1·aeceperunt;
1385 1576 1473 1620 eunt·

294 1684 429 1766 demque
452 1678 573 1746 cultum
594 1677 834 1762 permissivum
857 1678 910 1743 vel
934 1679 1190 1761 praeceptivum
1209 1678 1380 1762 aliquando
1404 1681 1475 1743 uni-

292 1826 389 1873 versa
413 1804 542 1889 excepit
563 1802 709 1869 Ecclesia
734 1802 802 1867 sive
826 1821 870 1866 ex
892 1800 1125 1867 consuetudine
1147 1802 1217 1867 sive
1240 1822 1283 1867 ex
1299 1802 1474 1887 diplomate

294 1930 387 1995 Rom.
408 1923 582 2006 Pontificis,
599 1924 762 1990 concludit
784 1924 928 1990 ultimam
952 1920 1166 1990 differentiam
1190 1926 1368 1991 consistere
1385 1928 1418 1991 in
1438 1928 1472 1992 vi
1533 1967 1542 1981 ·

293 2051 471 2119 sententiae
487 2048 753 2121 canonizationis,
768 2068 850 2133 quae
868 2053 917 2114 est
932 2049 1113 2135 definitiva,
1131 2051 1333 2137 praecipiens
1348 2052 1471 2118 cultum

292 2194 493 2260 supremam
516 2172 588 2238 aliis
612 2172 738 2239 Sanctis
761 2171 921 2249 debitum;
944 2192 1040 2257 quum
1064 2171 1263 2240 Beatiticatio
1287 2172 1327 2238 de
1349 2178 1472 2241 sancti-

292 2307 361 2369 tate
384 2298 582 2367 definitivum
605 2318 669 2362 non
693 2297 760 2363 sert
789 2296 957 2364 decretum
984 2318 1090 2383 neque
1120 2300 1294 2365 maximum
1324 2300 1475 2366 attribuit

293 2428 424 2495 cultum.

384 2553 470 2617 Hinc
493 2549 598 2615 facilis
625 2554 674 2616 est
699 2549 894 2633 quaestionis
923 2548 1055 2622 solutio,
1083 2568 1126 2614 an
1156 2548 1308 2618 videlicet
1337 2549 1471 2619 decreta

293 2678 362 2743 sive
376 2672 625 2741 Beatilicationis
641 2674 710 2739 sire
722 2672 980 2739 canonizationis
994 2671 1191 2755 infallibilia
1208 2674 1344 2741 dicenda
1359 2678 1434 2743 sint.
1450 2715 1470 2727 -

294 2800 366 2865 Hac
389 2800 430 2865 de
454 2818 491 2863 re
514 2798 581 2883 agit
604 2794 797 2861 Benedictus
818 2794 913 2869 XIV,
937 2814 993 2878 op.
1017 2795 1088 2871 cit,
1119 2798 1180 2862 loc.
1206 2797 1278 2873 cit,
1302 2818 1378 2882 cap.
1402 2798 1471 2876 43,

293 2924 412 2991 docens
434 2924 467 2987 in
490 2921 624 2987 decreto
648 2900 906 2987 Canonizationis
931 2917 1044 2984 haberi
1072 2920 1242 3003 qualitates
1267 2928 1359 2988 actus
1384 2924 1473 2988 Pon-

291 3046 399 3119 tidcii,
427 3051 538 3132 suapte
567 3044 617 3117 vi,
642 3043 837 3117 infallibilis,
866 3044 982 3129 quippe
1016 3046 1237 3129 provenientis
1271 3066 1292 3111 a
1322 3046 1471 3112 Romano

293 3170 463 3252 Pontifice,
486 3174 644 3256 quatenus
661 3173 710 3233 est
724 3168 882 3254 Magister
898 3167 1065 3233 Ecclesiae
1087 3169 1290 3251 universalis,
1315 3190 1410 3254 quam
1426 3172 1472 3237 al·

292 3296 433 3381 loquitur
456 3299 489 3360 et
511 3313 569 3358 suo
591 3296 765 3378 praecepto
793 3290 934 3358 devincit
963 3292 996 3355 in
1020 3290 1143 3356 edendo
1174 3292 1306 3360 decreto
1329 3296 1471 3362 Canoni-

292 3420 436 3485 zationis.
461 3452 480 3465 -
505 3416 533 3481 E
557 3420 672 3482 contra
699 3414 865 3480 decretum
888 3412 1154 3489 Beatilicationis‚
1179 3435 1222 3481 ex
1245 3418 1392 3502 generali
1414 3438 1470 3484 re·

293 3548 385 3635 guia,
414 3549 537 3631 spectat
566 3542 606 3609 ad
636 3544 777 3627 aliquam
811 3546 936 3607 tanturn
970 3541 1231 3608 Ecclesiasticam
1266 3548 1469 3629 provinciam

292 3693 397 3758 neque
420 3671 585 3757 praecepti
601 3670 665 3734 vim
689 3666 828 3743 inducit;
852 3666 1031 3732 huiusmodi
1051 3687 1131 3733 vero
1155 3672 1316 3738 sententia
1337 3681 1472 3740 nonest

292 3795 444 3862 solemnis
464 3798 497 3858 et
519 3797 680 3878 postrema
695 3791 728 3854 in
752 3789 843 3854 hisce
865 3790 980 3859 causis,
997 3788 1053 3854 sed
1076 3791 1210 3875 praeuia
1232 3797 1282 3857 est
1305 3791 1471 3861 definitivo

292 3917 418 3985 iudicia.
444 3916 551 3991 Quare
575 3916 608 3979 iu
632 3909 873 3979 Beatificatione
896 3912 980 3976 ratio
1002 3931 1068 3976 non
1091 3913 1256 3998 reperitur
1277 3921 1370 3983 actus
1385 3918 1472 3984 Pon-

291 4042 382 4112 tificii
413 4039 598 4107 infallibilis.
631 4036 703 4103 Hae
726 4035 949 4101 conclusiones
972 4034 1068 4100 bodie
1097 4037 1200 4122 magis
1221 4040 1413 4125 perspicuae
1434 4049 1471 4109 et

203 4216 206 4224 Α
293 4174 405 4235 certae
421 4171 503 4235 sunt.
519 4146 687 4251 postquam
710 4162 744 4227 in
760 4160 903 4229 Concilio
920 4160 1080 4226 Vaticano
1096 4161 1235 4228 edictum
1259 4162 1321 4230 suit
1345 4166 1468 4253 Papam

293 4314 364 4366 esse
391 4274 602 4363 infallibilem
627 4286 753 4371 quando
769 4286 961 4373 Magistrum
984 4285 1052 4371 agit
1075 4289 1107 4351 et
1130 4286 1300 4351 Pastorem
1323 4290 1469 4357 universi

293 4417 391 4486 Orbis
415 4415 581 4484 Catholici.
