<?xml version="1.0" encoding="UTF-8"?>
<!DOCTYPE html PUBLIC "-//W3C//DTD XHTML 1.0 Transitional//EN"
    "http://www.w3.org/TR/xhtml1/DTD/xhtml1-transitional.dtd">
<html xmlns="http://www.w3.org/1999/xhtml" xml:lang="en" lang="en">
 <head>
  <title>
</title>
<meta http-equiv="Content-Type" content="text/html;charset=utf-8" />
  <meta name='ocr-system' content='tesseract 3.04.00' />
  <meta name='ocr-capabilities' content='ocr_page ocr_carea ocr_par ocr_line ocrx_word'/>
</head>
<body>
  <div class='ocr_page' id='page_1' title='image "./praelectionesin03legagoog_0009.png"; bbox 0 0 3292 5109; ppageno 0'>
   <div class='ocr_carea' id='block_1_1' title="bbox 562 332 1406 403">
    <p class='ocr_par' dir='ltr' id='par_1_1' title="bbox 562 332 1406 403">
     <span class='ocr_line' id='line_1_1' title="bbox 562 332 1406 403; baseline -0.006 0"><span class='ocrx_word' id='word_1_1' title='bbox 562 354 606 403; x_wconf 81' lang='lat' dir='ltr'><strong>nc</strong></span> <span class='ocrx_word' id='word_1_2' title='bbox 630 338 769 403; x_wconf 78' lang='lat' dir='ltr'><strong>rumoris</strong></span> <span class='ocrx_word' id='word_1_3' title='bbox 792 353 1059 403; x_wconf 78' lang='lat' dir='ltr'><strong>acccusrnsrrcrs</strong></span> <span class='ocrx_word' id='word_1_4' title='bbox 1382 332 1406 398; x_wconf 88' lang='lat'>5</span> 
     </span>
    </p>
   </div>
   <div class='ocr_carea' id='block_1_2' title="bbox 215 473 1405 935">
    <p class='ocr_par' dir='ltr' id='par_1_2' title="bbox 215 473 1405 935">
     <span class='ocr_line' id='line_1_2' title="bbox 217 473 1405 563; baseline 0 -22"><span class='ocrx_word' id='word_1_5' title='bbox 217 478 396 543; x_wconf 80' lang='lat' dir='ltr'><strong>clationem</strong></span> <span class='ocrx_word' id='word_1_6' title='bbox 419 475 459 542; x_wconf 91' lang='lat' dir='ltr'><strong>de</strong></span> <span class='ocrx_word' id='word_1_7' title='bbox 482 478 664 563; x_wconf 81' lang='lat' dir='ltr'>praecipuis</span> <span class='ocrx_word' id='word_1_8' title='bbox 686 476 918 553; x_wconf 86' lang='lat' dir='ltr'><strong>tribunalibus;</strong></span> <span class='ocrx_word' id='word_1_9' title='bbox 942 476 977 542; x_wconf 89' lang='lat' dir='ltr'><strong>iu</strong></span> <span class='ocrx_word' id='word_1_10' title='bbox 999 476 1104 541; x_wconf 90' lang='lat' dir='ltr'><strong>altero</strong></span> <span class='ocrx_word' id='word_1_11' title='bbox 1124 473 1177 541; x_wconf 84' lang='lat' dir='ltr'><strong>De</strong></span> <span class='ocrx_word' id='word_1_12' title='bbox 1198 474 1301 541; x_wconf 85' lang='lat' dir='ltr'><strong>modo</strong></span> <span class='ocrx_word' id='word_1_13' title='bbox 1321 492 1405 557; x_wconf 84' lang='lat' dir='ltr'><strong>pro·</strong></span> 
     </span>
     <span class='ocr_line' id='line_1_3' title="bbox 219 595 1404 689; baseline -0.003 -24"><span class='ocrx_word' id='word_1_14' title='bbox 219 598 363 667; x_wconf 83' lang='lat' dir='ltr'><strong>cedendi</strong></span> <span class='ocrx_word' id='word_1_15' title='bbox 393 598 427 665; x_wconf 81' lang='lat' dir='ltr'><strong>S.</strong></span> <span class='ocrx_word' id='word_1_16' title='bbox 452 600 619 669; x_wconf 83' lang='lat' dir='ltr'><strong>Romanis</strong></span> <span class='ocrx_word' id='word_1_17' title='bbox 652 598 979 689; x_wconf 80' lang='lat' dir='ltr'><strong>Conprepationibns</strong></span> <span class='ocrx_word' id='word_1_18' title='bbox 1008 597 1205 682; x_wconf 77' lang='lat' dir='ltr'><strong>commani5</strong></span> <span class='ocrx_word' id='word_1_19' title='bbox 1232 598 1265 663; x_wconf 91' lang='lat' dir='ltr'><strong>in</strong></span> <span class='ocrx_word' id='word_1_20' title='bbox 1296 595 1404 662; x_wconf 86' lang='lat' dir='ltr'><strong>subse·</strong></span> 
     </span>
     <span class='ocr_line' id='line_1_4' title="bbox 215 721 1402 812; baseline -0.003 -24"><span class='ocrx_word' id='word_1_21' title='bbox 215 724 389 807; x_wconf 87' lang='lat' dir='ltr'><strong>quentibus</strong></span> <span class='ocrx_word' id='word_1_22' title='bbox 411 730 508 791; x_wconf 89' lang='lat' dir='ltr'><strong>antea</strong></span> <span class='ocrx_word' id='word_1_23' title='bbox 529 744 663 812; x_wconf 81' lang='lat' dir='ltr'><strong>agemus</strong></span> <span class='ocrx_word' id='word_1_24' title='bbox 686 723 726 792; x_wconf 90' lang='lat' dir='ltr'><strong>da</strong></span> <span class='ocrx_word' id='word_1_25' title='bbox 746 725 882 810; x_wconf 89' lang='lat' dir='ltr'><strong>singulis</strong></span> <span class='ocrx_word' id='word_1_26' title='bbox 905 721 1236 811; x_wconf 78' lang='lat' dir='ltr'><strong>congregationibus3</strong></span> <span class='ocrx_word' id='word_1_27' title='bbox 1253 740 1315 786; x_wconf 90' lang='lat' dir='ltr'><strong>nec</strong></span> <span class='ocrx_word' id='word_1_28' title='bbox 1335 738 1402 786; x_wconf 91' lang='lat' dir='ltr'><strong>non</strong></span> 
     </span>
     <span class='ocr_line' id='line_1_5' title="bbox 215 844 1403 935; baseline -0.003 -23"><span class='ocrx_word' id='word_1_29' title='bbox 215 845 260 912; x_wconf 94' lang='lat' dir='ltr'><strong>de</strong></span> <span class='ocrx_word' id='word_1_30' title='bbox 287 847 359 912; x_wconf 87' lang='lat' dir='ltr'><strong>aliis</strong></span> <span class='ocrx_word' id='word_1_31' title='bbox 381 848 498 915; x_wconf 81' lang='lat' dir='ltr'><strong>Curiae</strong></span> <span class='ocrx_word' id='word_1_32' title='bbox 522 847 647 915; x_wconf 87' lang='lat' dir='ltr'><strong>Officiis</strong></span> <span class='ocrx_word' id='word_1_33' title='bbox 669 867 727 914; x_wconf 90' lang='lat' dir='ltr'><strong>seu</strong></span> <span class='ocrx_word' id='word_1_34' title='bbox 754 847 973 935; x_wconf 88' lang='lat' dir='ltr'><strong>Dycasteriis;</strong></span> <span class='ocrx_word' id='word_1_35' title='bbox 995 849 1108 933; x_wconf 86' lang='lat' dir='ltr'><strong>postea</strong></span> <span class='ocrx_word' id='word_1_36' title='bbox 1134 846 1177 912; x_wconf 82' lang='lat' dir='ltr'><strong>de</strong></span> <span class='ocrx_word' id='word_1_37' title='bbox 1200 844 1403 911; x_wconf 83' lang='lat' dir='ltr'><strong>anctoritate</strong></span> 
     </span>
    </p>
   </div>
   <div class='ocr_carea' id='block_1_3' title="bbox 219 964 1526 1056">
    <p class='ocr_par' dir='ltr' id='par_1_3' title="bbox 219 964 1526 1056">
     <span class='ocr_line' id='line_1_6' title="bbox 219 964 1526 1056; baseline -0.002 -23"><span class='ocrx_word' id='word_1_38' title='bbox 219 967 253 1033; x_wconf 84' lang='lat' dir='ltr'><strong>S.</strong></span> <span class='ocrx_word' id='word_1_39' title='bbox 278 968 587 1056; x_wconf 76' lang='lat' dir='ltr'><strong>Conprapationnm</strong></span> <span class='ocrx_word' id='word_1_40' title='bbox 605 968 859 1035; x_wconf 83' lang='lat' dir='ltr'><strong>Romanarum.</strong></span> <span class='ocrx_word' id='word_1_41' title='bbox 871 1004 889 1017; x_wconf 89' lang='lat'>-</span> <span class='ocrx_word' id='word_1_42' title='bbox 903 968 1038 1033; x_wconf 60' lang='lat' dir='ltr'><strong>minum</strong></span> <span class='ocrx_word' id='word_1_43' title='bbox 1054 968 1089 1032; x_wconf 92' lang='lat' dir='ltr'><strong>in</strong></span> <span class='ocrx_word' id='word_1_44' title='bbox 1104 966 1275 1052; x_wconf 80' lang='lat' dir='ltr'><strong>postremis</strong></span> <span class='ocrx_word' id='word_1_45' title='bbox 1298 964 1401 1031; x_wconf 89' lang='lat' dir='ltr'><strong>titulis</strong></span> <span class='ocrx_word' id='word_1_46' title='bbox 1520 988 1526 997; x_wconf 95' lang='lat'><em>·</em></span> 
     </span>
    </p>
   </div>
   <div class='ocr_carea' id='block_1_4' title="bbox 202 1090 1401 3911">
    <p class='ocr_par' dir='ltr' id='par_1_4' title="bbox 212 1090 1401 1425">
     <span class='ocr_line' id='line_1_7' title="bbox 215 1090 1401 1161; baseline -0.001 -4"><span class='ocrx_word' id='word_1_47' title='bbox 215 1108 325 1157; x_wconf 88' lang='lat' dir='ltr'><strong>sermo</strong></span> <span class='ocrx_word' id='word_1_48' title='bbox 347 1093 411 1159; x_wconf 86' lang='lat' dir='ltr'><strong>erit</strong></span> <span class='ocrx_word' id='word_1_49' title='bbox 428 1127 448 1141; x_wconf 95' lang='lat'>-</span> <span class='ocrx_word' id='word_1_50' title='bbox 464 1093 515 1161; x_wconf 84' lang='lat' dir='ltr'><strong>De</strong></span> <span class='ocrx_word' id='word_1_51' title='bbox 533 1092 639 1160; x_wconf 82' lang='lat' dir='ltr'><strong>Curia</strong></span> <span class='ocrx_word' id='word_1_52' title='bbox 654 1092 865 1161; x_wconf 82' lang='lat' dir='ltr'><strong>Dtoecesana</strong></span> <span class='ocrx_word' id='word_1_53' title='bbox 887 1092 1049 1161; x_wconf 82' lang='lat' dir='ltr'><strong>Romana</strong></span> <span class='ocrx_word' id='word_1_54' title='bbox 1065 1128 1083 1143; x_wconf 93' lang='lat'>-</span> <span class='ocrx_word' id='word_1_55' title='bbox 1102 1090 1155 1159; x_wconf 81' lang='lat' dir='ltr'><strong>Da</strong></span> <span class='ocrx_word' id='word_1_56' title='bbox 1174 1090 1289 1159; x_wconf 76' lang='lat' dir='ltr'><strong>conis</strong></span> <span class='ocrx_word' id='word_1_57' title='bbox 1304 1090 1401 1157; x_wconf 85' lang='lat' dir='ltr'><strong>Dice·</strong></span> 
     </span>
     <span class='ocr_line' id='line_1_8' title="bbox 217 1210 1400 1301; baseline -0.002 -21"><span class='ocrx_word' id='word_1_58' title='bbox 217 1216 348 1282; x_wconf 85' lang='lat' dir='ltr'><strong>cesanis</strong></span> <span class='ocrx_word' id='word_1_59' title='bbox 368 1252 386 1265; x_wconf 94' lang='lat'>-</span> <span class='ocrx_word' id='word_1_60' title='bbox 402 1216 453 1283; x_wconf 85' lang='lat' dir='ltr'><strong>De</strong></span> <span class='ocrx_word' id='word_1_61' title='bbox 475 1217 649 1284; x_wconf 79' lang='lat' dir='ltr'><em>nonnullis</em></span> <span class='ocrx_word' id='word_1_62' title='bbox 671 1216 874 1301; x_wconf 78' lang='lat' dir='ltr'><strong><em>specialibus</em></strong></span> <span class='ocrx_word' id='word_1_63' title='bbox 896 1216 1106 1301; x_wconf 71' lang='lat' dir='ltr'><strong>procedendi</strong></span> <span class='ocrx_word' id='word_1_64' title='bbox 1127 1214 1252 1298; x_wconf 70' lang='lat' dir='ltr'><strong>sonnis</strong></span> <span class='ocrx_word' id='word_1_65' title='bbox 1269 1212 1308 1279; x_wconf 86' lang='lat' dir='ltr'><strong>in</strong></span> <span class='ocrx_word' id='word_1_66' title='bbox 1323 1210 1400 1278; x_wconf 85' lang='lat' dir='ltr'><strong>civi·</strong></span> 
     </span>
     <span class='ocr_line' id='line_1_9' title="bbox 212 1335 733 1425; baseline 0.008 -25"><span class='ocrx_word' id='word_1_67' title='bbox 212 1335 306 1403; x_wconf 84' lang='lat' dir='ltr'><strong>libus</strong></span> <span class='ocrx_word' id='word_1_68' title='bbox 326 1338 469 1425; x_wconf 80' lang='lat' dir='ltr'><strong>nepotiis</strong></span> <span class='ocrx_word' id='word_1_69' title='bbox 492 1339 733 1407; x_wconf 85' lang='lat' dir='ltr'><strong>ecclesiasticis.</strong></span> 
     </span>
    </p>

    <p class='ocr_par' dir='ltr' id='par_1_5' title="bbox 205 1460 1398 3043">
     <span class='ocr_line' id='line_1_10' title="bbox 305 1460 1398 1549; baseline -0.003 -23"><span class='ocrx_word' id='word_1_70' title='bbox 305 1460 337 1527; x_wconf 90' lang='lat'><strong>6.</strong></span> <span class='ocrx_word' id='word_1_71' title='bbox 361 1462 478 1529; x_wconf 87' lang='lat' dir='ltr'><strong>Sedulo</strong></span> <span class='ocrx_word' id='word_1_72' title='bbox 501 1463 796 1544; x_wconf 80' lang='lat' dir='ltr'><strong>animadvertatur,</strong></span> <span class='ocrx_word' id='word_1_73' title='bbox 821 1482 880 1528; x_wconf 87' lang='lat' dir='ltr'><strong>nos</strong></span> <span class='ocrx_word' id='word_1_74' title='bbox 902 1481 1002 1549; x_wconf 82' lang='lat' dir='ltr'><strong>agere</strong></span> <span class='ocrx_word' id='word_1_75' title='bbox 1025 1460 1181 1529; x_wconf 89' lang='lat' dir='ltr'><strong>decuria</strong></span> <span class='ocrx_word' id='word_1_76' title='bbox 1207 1478 1342 1526; x_wconf 89' lang='lat' dir='ltr'><strong>romana</strong></span> <span class='ocrx_word' id='word_1_77' title='bbox 1366 1462 1398 1523; x_wconf 90' lang='lat' dir='ltr'><strong>et</strong></span> 
     </span>
     <span class='ocr_line' id='line_1_11' title="bbox 213 1584 1396 1677; baseline 0 -26"><span class='ocrx_word' id='word_1_78' title='bbox 213 1584 257 1652; x_wconf 91' lang='lat' dir='ltr'><strong>de</strong></span> <span class='ocrx_word' id='word_1_79' title='bbox 279 1590 378 1653; x_wconf 90' lang='lat' dir='ltr'><strong>curiis</strong></span> <span class='ocrx_word' id='word_1_80' title='bbox 400 1588 598 1657; x_wconf 71' lang='lat' dir='ltr'><strong>dioecesanis</strong></span> <span class='ocrx_word' id='word_1_81' title='bbox 622 1590 680 1656; x_wconf 88' lang='lat' dir='ltr'><strong>sub</strong></span> <span class='ocrx_word' id='word_1_82' title='bbox 705 1592 831 1657; x_wconf 89' lang='lat' dir='ltr'><strong>ratione</strong></span> <span class='ocrx_word' id='word_1_83' title='bbox 853 1595 979 1655; x_wconf 89' lang='lat' dir='ltr'><strong>tantum</strong></span> <span class='ocrx_word' id='word_1_84' title='bbox 1000 1607 1172 1677; x_wconf 81' lang='lat' dir='ltr'><strong>processus</strong></span> <span class='ocrx_word' id='word_1_85' title='bbox 1194 1587 1363 1654; x_wconf 89' lang='lat' dir='ltr'><strong>iudicialis.</strong></span> <span class='ocrx_word' id='word_1_86' title='bbox 1378 1620 1396 1635; x_wconf 93' lang='lat'>·</span> 
     </span>
     <span class='ocr_line' id='line_1_12' title="bbox 215 1712 1396 1801; baseline 0.003 -25"><span class='ocrx_word' id='word_1_87' title='bbox 215 1712 287 1777; x_wconf 91' lang='lat' dir='ltr'><strong>Hoc</strong></span> <span class='ocrx_word' id='word_1_88' title='bbox 318 1734 397 1801; x_wconf 89' lang='lat' dir='ltr'><strong>praa</strong></span> <span class='ocrx_word' id='word_1_89' title='bbox 427 1716 528 1783; x_wconf 85' lang='lat' dir='ltr'><strong>oculis</strong></span> <span class='ocrx_word' id='word_1_90' title='bbox 558 1718 698 1783; x_wconf 87' lang='lat' dir='ltr'><strong>maxime</strong></span> <span class='ocrx_word' id='word_1_91' title='bbox 728 1716 843 1783; x_wconf 90' lang='lat' dir='ltr'><strong>haberi</strong></span> <span class='ocrx_word' id='word_1_92' title='bbox 877 1716 973 1784; x_wconf 87' lang='lat' dir='ltr'><strong>debet</strong></span> <span class='ocrx_word' id='word_1_93' title='bbox 1003 1715 1045 1782; x_wconf 90' lang='lat' dir='ltr'><strong>ad</strong></span> <span class='ocrx_word' id='word_1_94' title='bbox 1075 1718 1198 1782; x_wconf 90' lang='lat' dir='ltr'><strong>curiam</strong></span> <span class='ocrx_word' id='word_1_95' title='bbox 1229 1734 1396 1781; x_wconf 82' lang='lat' dir='ltr'><strong>romanam</strong></span> 
     </span>
     <span class='ocr_line' id='line_1_13' title="bbox 212 1838 1397 1926; baseline 0 -24"><span class='ocrx_word' id='word_1_96' title='bbox 212 1838 298 1921; x_wconf 92' lang='lat' dir='ltr'><strong>quod</strong></span> <span class='ocrx_word' id='word_1_97' title='bbox 321 1844 459 1925; x_wconf 72' lang='lat' dir='ltr'><strong>spectac</strong></span> <span class='ocrx_word' id='word_1_98' title='bbox 482 1839 639 1926; x_wconf 89' lang='lat' dir='ltr'><strong>siquidem</strong></span> <span class='ocrx_word' id='word_1_99' title='bbox 663 1840 857 1907; x_wconf 88' lang='lat' dir='ltr'><strong>universalis</strong></span> <span class='ocrx_word' id='word_1_100' title='bbox 887 1840 1055 1907; x_wconf 82' lang='lat' dir='ltr'><strong>Ecclesiae</strong></span> <span class='ocrx_word' id='word_1_101' title='bbox 1085 1841 1231 1925; x_wconf 86' lang='lat' dir='ltr'><strong>regimen</strong></span> <span class='ocrx_word' id='word_1_102' title='bbox 1261 1841 1397 1903; x_wconf 86' lang='lat' dir='ltr'><strong>exercet</strong></span> 
     </span>
     <span class='ocr_line' id='line_1_14' title="bbox 214 1960 1397 2051; baseline 0 -24"><span class='ocrx_word' id='word_1_103' title='bbox 214 1962 369 2029; x_wconf 81' lang='lat' dir='ltr'><strong>Pontifex</strong></span> <span class='ocrx_word' id='word_1_104' title='bbox 391 1984 458 2029; x_wconf 89' lang='lat' dir='ltr'><strong>nou</strong></span> <span class='ocrx_word' id='word_1_105' title='bbox 482 1965 584 2031; x_wconf 91' lang='lat' dir='ltr'><strong>solum</strong></span> <span class='ocrx_word' id='word_1_106' title='bbox 608 1984 668 2051; x_wconf 89' lang='lat' dir='ltr'><strong>per</strong></span> <span class='ocrx_word' id='word_1_107' title='bbox 691 1985 766 2031; x_wconf 90' lang='lat' dir='ltr'><strong>suos</strong></span> <span class='ocrx_word' id='word_1_108' title='bbox 789 1962 944 2031; x_wconf 87' lang='lat' dir='ltr'><strong>officiales</strong></span> <span class='ocrx_word' id='word_1_109' title='bbox 971 1964 1094 2031; x_wconf 85' lang='lat' dir='ltr'><strong>Romae</strong></span> <span class='ocrx_word' id='word_1_110' title='bbox 1116 1961 1314 2035; x_wconf 85' lang='lat' dir='ltr'><strong>residentes,</strong></span> <span class='ocrx_word' id='word_1_111' title='bbox 1339 1960 1397 2027; x_wconf 90' lang='lat' dir='ltr'><strong>sed</strong></span> 
     </span>
     <span class='ocr_line' id='line_1_15' title="bbox 208 2088 1396 2177; baseline -0.001 -24"><span class='ocrx_word' id='word_1_112' title='bbox 208 2090 309 2153; x_wconf 86' lang='lat' dir='ltr'><strong>etiarn</strong></span> <span class='ocrx_word' id='word_1_113' title='bbox 333 2109 394 2176; x_wconf 93' lang='lat' dir='ltr'><strong>per</strong></span> <span class='ocrx_word' id='word_1_114' title='bbox 416 2090 564 2175; x_wconf 78' lang='lat' dir='ltr'><strong>Legatos,</strong></span> <span class='ocrx_word' id='word_1_115' title='bbox 590 2090 734 2164; x_wconf 87' lang='lat' dir='ltr'><strong>Nuntios,</strong></span> <span class='ocrx_word' id='word_1_116' title='bbox 760 2090 932 2177; x_wconf 82' lang='lat' dir='ltr'><strong>Delegatos</strong></span> <span class='ocrx_word' id='word_1_117' title='bbox 955 2090 1098 2174; x_wconf 86' lang='lat' dir='ltr'><strong>aliosque</strong></span> <span class='ocrx_word' id='word_1_118' title='bbox 1122 2090 1154 2155; x_wconf 94' lang='lat' dir='ltr'><strong>id</strong></span> <span class='ocrx_word' id='word_1_119' title='bbox 1177 2110 1280 2177; x_wconf 83' lang='lat' dir='ltr'><strong>genus</strong></span> <span class='ocrx_word' id='word_1_120' title='bbox 1300 2088 1396 2153; x_wconf 85' lang='lat' dir='ltr'><strong>Vica-</strong></span> 
     </span>
     <span class='ocr_line' id='line_1_16' title="bbox 211 2215 1395 2303; baseline 0 -23"><span class='ocrx_word' id='word_1_121' title='bbox 211 2215 280 2280; x_wconf 90' lang='lat' dir='ltr'><strong>rios</strong></span> <span class='ocrx_word' id='word_1_122' title='bbox 302 2236 362 2301; x_wconf 89' lang='lat' dir='ltr'><strong>per</strong></span> <span class='ocrx_word' id='word_1_123' title='bbox 384 2216 495 2281; x_wconf 87' lang='lat' dir='ltr'><strong>orbem</strong></span> <span class='ocrx_word' id='word_1_124' title='bbox 518 2218 717 2293; x_wconf 87' lang='lat' dir='ltr'><strong>constitutos,</strong></span> <span class='ocrx_word' id='word_1_125' title='bbox 742 2219 795 2301; x_wconf 91' lang='lat' dir='ltr'><strong>qui</strong></span> <span class='ocrx_word' id='word_1_126' title='bbox 819 2222 929 2303; x_wconf 90' lang='lat' dir='ltr'><strong>utpote</strong></span> <span class='ocrx_word' id='word_1_127' title='bbox 953 2216 1135 2282; x_wconf 87' lang='lat' dir='ltr'><strong>immediate</strong></span> <span class='ocrx_word' id='word_1_128' title='bbox 1159 2216 1269 2301; x_wconf 84' lang='lat' dir='ltr'><strong>Papae</strong></span> <span class='ocrx_word' id='word_1_129' title='bbox 1293 2215 1395 2280; x_wconf 88' lang='lat' dir='ltr'><strong>inser·</strong></span> 
     </span>
     <span class='ocr_line' id='line_1_17' title="bbox 210 2333 1394 2424; baseline 0.003 -26"><span class='ocrx_word' id='word_1_130' title='bbox 210 2333 336 2401; x_wconf 87' lang='lat' dir='ltr'><strong>vientes</strong></span> <span class='ocrx_word' id='word_1_131' title='bbox 366 2336 407 2402; x_wconf 90' lang='lat' dir='ltr'><strong>ad</strong></span> <span class='ocrx_word' id='word_1_132' title='bbox 437 2336 663 2422; x_wconf 86' lang='lat' dir='ltr'><strong>explicandam</strong></span> <span class='ocrx_word' id='word_1_133' title='bbox 694 2336 856 2404; x_wconf 84' lang='lat' dir='ltr'><strong>Pontificii</strong></span> <span class='ocrx_word' id='word_1_134' title='bbox 890 2339 1048 2424; x_wconf 80' lang='lat' dir='ltr'><strong>primatus</strong></span> <span class='ocrx_word' id='word_1_135' title='bbox 1079 2335 1328 2403; x_wconf 90' lang='lat' dir='ltr'><strong>sollicitudinem</strong></span> <span class='ocrx_word' id='word_1_136' title='bbox 1359 2337 1394 2401; x_wconf 90' lang='lat' dir='ltr'><strong>in</strong></span> 
     </span>
     <span class='ocr_line' id='line_1_18' title="bbox 209 2459 1394 2545; baseline 0.002 -22"><span class='ocrx_word' id='word_1_137' title='bbox 209 2459 398 2526; x_wconf 87' lang='lat' dir='ltr'><strong>universam</strong></span> <span class='ocrx_word' id='word_1_138' title='bbox 420 2462 620 2538; x_wconf 87' lang='lat' dir='ltr'><strong>Ecclesiam,</strong></span> <span class='ocrx_word' id='word_1_139' title='bbox 646 2462 762 2529; x_wconf 80' lang='lat' dir='ltr'><strong>Curiae</strong></span> <span class='ocrx_word' id='word_1_140' title='bbox 795 2464 961 2529; x_wconf 65' lang='lat' dir='ltr'><strong>immanes</strong></span> <span class='ocrx_word' id='word_1_141' title='bbox 990 2462 1170 2528; x_wconf 91' lang='lat' dir='ltr'><strong>adhaerent</strong></span> <span class='ocrx_word' id='word_1_142' title='bbox 1196 2462 1292 2545; x_wconf 90' lang='lat' dir='ltr'><strong>eique</strong></span> <span class='ocrx_word' id='word_1_143' title='bbox 1314 2478 1394 2526; x_wconf 88' lang='lat' dir='ltr'><strong>cen·</strong></span> 
     </span>
     <span class='ocr_line' id='line_1_19' title="bbox 207 2581 1394 2671; baseline 0.001 -25"><span class='ocrx_word' id='word_1_144' title='bbox 207 2588 324 2648; x_wconf 90' lang='lat' dir='ltr'><strong>sentur</strong></span> <span class='ocrx_word' id='word_1_145' title='bbox 350 2582 514 2671; x_wconf 87' lang='lat' dir='ltr'><strong>adscripti.</strong></span> <span class='ocrx_word' id='word_1_146' title='bbox 539 2584 587 2653; x_wconf 80' lang='lat' dir='ltr'><strong>ct.</strong></span> <span class='ocrx_word' id='word_1_147' title='bbox 613 2586 659 2652; x_wconf 91' lang='lat' dir='ltr'><strong>De</strong></span> <span class='ocrx_word' id='word_1_148' title='bbox 684 2588 781 2661; x_wconf 89' lang='lat' dir='ltr'><strong>Luca,</strong></span> <span class='ocrx_word' id='word_1_149' title='bbox 795 2584 930 2653; x_wconf 79' lang='lat' dir='ltr'><strong>Relatio</strong></span> <span class='ocrx_word' id='word_1_150' title='bbox 961 2584 1041 2651; x_wconf 69' lang='lat' dir='ltr'><strong>Oua</strong></span> <span class='ocrx_word' id='word_1_151' title='bbox 1065 2584 1174 2657; x_wconf 82' lang='lat' dir='ltr'><strong>Rom..</strong></span> <span class='ocrx_word' id='word_1_152' title='bbox 1188 2584 1278 2650; x_wconf 88' lang='lat' dir='ltr'><strong>Disc.</strong></span> <span class='ocrx_word' id='word_1_153' title='bbox 1302 2581 1335 2665; x_wconf 81' lang='grc'><strong>4,</strong></span> <span class='ocrx_word' id='word_1_154' title='bbox 1360 2587 1394 2649; x_wconf 88' lang='lat' dir='ltr'><strong>et</strong></span> 
     </span>
     <span class='ocr_line' id='line_1_20' title="bbox 209 2706 1394 2798; baseline 0.002 -27"><span class='ocrx_word' id='word_1_155' title='bbox 209 2706 326 2789; x_wconf 78' lang='lat' dir='ltr'><strong>Boulr,</strong></span> <span class='ocrx_word' id='word_1_156' title='bbox 340 2706 390 2773; x_wconf 88' lang='lat' dir='ltr'><strong>De</strong></span> <span class='ocrx_word' id='word_1_157' title='bbox 407 2708 487 2775; x_wconf 83' lang='lat' dir='ltr'><strong>Onr.</strong></span> <span class='ocrx_word' id='word_1_158' title='bbox 501 2709 600 2776; x_wconf 87' lang='lat' dir='ltr'><strong>Rom.</strong></span> <span class='ocrx_word' id='word_1_159' title='bbox 617 2729 699 2798; x_wconf 81' lang='lat' dir='ltr'><strong>pap.</strong></span> <span class='ocrx_word' id='word_1_160' title='bbox 716 2712 799 2778; x_wconf 83' lang='lat'><em>569.</em></span> <span class='ocrx_word' id='word_1_161' title='bbox 818 2745 836 2758; x_wconf 94' lang='lat'>-</span> <span class='ocrx_word' id='word_1_162' title='bbox 851 2710 949 2776; x_wconf 91' lang='lat' dir='ltr'><strong>Nobis</strong></span> <span class='ocrx_word' id='word_1_163' title='bbox 962 2714 1070 2776; x_wconf 87' lang='lat' dir='ltr'><strong>autem</strong></span> <span class='ocrx_word' id='word_1_164' title='bbox 1085 2711 1282 2797; x_wconf 89' lang='lat' dir='ltr'><strong>potissimum</strong></span> <span class='ocrx_word' id='word_1_165' title='bbox 1297 2728 1394 2795; x_wconf 82' lang='lat' dir='ltr'><strong>agen·</strong></span> 
     </span>
     <span class='ocr_line' id='line_1_21' title="bbox 205 2830 1391 2923; baseline 0.003 -25"><span class='ocrx_word' id='word_1_166' title='bbox 205 2830 284 2898; x_wconf 89' lang='lat' dir='ltr'><strong>dum</strong></span> <span class='ocrx_word' id='word_1_167' title='bbox 315 2839 364 2899; x_wconf 85' lang='lat' dir='ltr'><strong>est</strong></span> <span class='ocrx_word' id='word_1_168' title='bbox 390 2833 430 2899; x_wconf 89' lang='lat' dir='ltr'><strong>de</strong></span> <span class='ocrx_word' id='word_1_169' title='bbox 460 2834 595 2912; x_wconf 88' lang='lat' dir='ltr'><strong>iudiciis,</strong></span> <span class='ocrx_word' id='word_1_170' title='bbox 620 2856 704 2921; x_wconf 89' lang='lat' dir='ltr'><strong>quae</strong></span> <span class='ocrx_word' id='word_1_171' title='bbox 727 2838 852 2903; x_wconf 85' lang='lat' dir='ltr'><strong>Rornae</strong></span> <span class='ocrx_word' id='word_1_172' title='bbox 882 2838 1046 2923; x_wconf 86' lang='lat' dir='ltr'><strong>agitantur</strong></span> <span class='ocrx_word' id='word_1_173' title='bbox 1067 2837 1099 2901; x_wconf 90' lang='lat' dir='ltr'><strong>ri</strong></span> <span class='ocrx_word' id='word_1_174' title='bbox 1123 2836 1317 2903; x_wconf 85' lang='lat' dir='ltr'><strong>universalis</strong></span> <span class='ocrx_word' id='word_1_175' title='bbox 1341 2856 1391 2902; x_wconf 90' lang='lat' dir='ltr'><strong>re·</strong></span> 
     </span>
     <span class='ocr_line' id='line_1_22' title="bbox 206 2958 348 3043; baseline 0.014 -21"><span class='ocrx_word' id='word_1_176' title='bbox 206 2958 348 3043; x_wconf 87' lang='lat' dir='ltr'><strong>giminis.</strong></span> 
     </span>
    </p>

    <p class='ocr_par' dir='ltr' id='par_1_6' title="bbox 202 3082 1391 3911">
     <span class='ocr_line' id='line_1_23' title="bbox 300 3082 1390 3153; baseline 0.006 -7"><span class='ocrx_word' id='word_1_177' title='bbox 300 3082 380 3146; x_wconf 89' lang='lat' dir='ltr'><strong>Item</strong></span> <span class='ocrx_word' id='word_1_178' title='bbox 404 3082 443 3149; x_wconf 92' lang='lat' dir='ltr'><strong>ob</strong></span> <span class='ocrx_word' id='word_1_179' title='bbox 467 3082 612 3149; x_wconf 90' lang='lat' dir='ltr'><strong>ordinem</strong></span> <span class='ocrx_word' id='word_1_180' title='bbox 637 3085 739 3150; x_wconf 88' lang='lat' dir='ltr'><strong>nostri</strong></span> <span class='ocrx_word' id='word_1_181' title='bbox 762 3088 930 3153; x_wconf 82' lang='lat' dir='ltr'><strong>tractatus.</strong></span> <span class='ocrx_word' id='word_1_182' title='bbox 948 3084 1140 3149; x_wconf 89' lang='lat' dir='ltr'><strong>remittimus</strong></span> <span class='ocrx_word' id='word_1_183' title='bbox 1163 3087 1390 3152; x_wconf 86' lang='lat' dir='ltr'><strong>tractationem</strong></span> 
     </span>
     <span class='ocr_line' id='line_1_24' title="bbox 206 3202 1391 3295; baseline 0.007 -26"><span class='ocrx_word' id='word_1_184' title='bbox 206 3204 260 3270; x_wconf 89' lang='lat' dir='ltr'><strong>De</strong></span> <span class='ocrx_word' id='word_1_185' title='bbox 280 3202 383 3293; x_wconf 81' lang='lat' dir='ltr'><strong>Conp.</strong></span> <span class='ocrx_word' id='word_1_186' title='bbox 399 3205 482 3292; x_wconf 82' lang='lat' dir='ltr'><strong>Snp.</strong></span> <span class='ocrx_word' id='word_1_187' title='bbox 504 3214 535 3285; x_wconf 87' lang='lat' dir='ltr'><strong>et</strong></span> <span class='ocrx_word' id='word_1_188' title='bbox 564 3208 658 3275; x_wconf 84' lang='lat' dir='ltr'><strong>Unio.</strong></span> <span class='ocrx_word' id='word_1_189' title='bbox 677 3209 818 3295; x_wconf 64' lang='lat' dir='ltr'><strong>lnquit,</strong></span> <span class='ocrx_word' id='word_1_190' title='bbox 836 3228 898 3274; x_wconf 88' lang='lat' dir='ltr'><strong>nec</strong></span> <span class='ocrx_word' id='word_1_191' title='bbox 920 3228 986 3273; x_wconf 92' lang='lat' dir='ltr'><strong>non</strong></span> <span class='ocrx_word' id='word_1_192' title='bbox 1009 3208 1060 3275; x_wconf 86' lang='lat' dir='ltr'><strong>De</strong></span> <span class='ocrx_word' id='word_1_193' title='bbox 1082 3209 1195 3277; x_wconf 77' lang='lat' dir='ltr'><strong>cansa&#39;s</strong></span> <span class='ocrx_word' id='word_1_194' title='bbox 1217 3210 1391 3277; x_wconf 85' lang='lat' dir='ltr'><strong>matrimo-</strong></span> 
     </span>
     <span class='ocr_line' id='line_1_25' title="bbox 203 3329 1391 3421; baseline 0.006 -26"><span class='ocrx_word' id='word_1_195' title='bbox 203 3329 422 3397; x_wconf 77' lang='lat' dir='ltr'><strong>niattlms&#39;ad</strong></span> <span class='ocrx_word' id='word_1_196' title='bbox 445 3333 590 3399; x_wconf 87' lang='lat' dir='ltr'><strong>ultimam</strong></span> <span class='ocrx_word' id='word_1_197' title='bbox 614 3340 741 3421; x_wconf 89' lang='lat' dir='ltr'><strong>partem</strong></span> <span class='ocrx_word' id='word_1_198' title='bbox 765 3333 820 3401; x_wconf 84' lang='lat' dir='ltr'><strong>tib.</strong></span> <span class='ocrx_word' id='word_1_199' title='bbox 846 3334 895 3407; x_wconf 89' lang='grc' dir='ltr'><strong>ΙΙ,</strong></span> <span class='ocrx_word' id='word_1_200' title='bbox 919 3353 982 3418; x_wconf 90' lang='lat' dir='ltr'><strong>qua</strong></span> <span class='ocrx_word' id='word_1_201' title='bbox 1012 3353 1155 3421; x_wconf 74' lang='lat' dir='ltr'><strong>apamias</strong></span> <span class='ocrx_word' id='word_1_202' title='bbox 1181 3335 1224 3401; x_wconf 85' lang='lat' dir='ltr'><strong>de</strong></span> <span class='ocrx_word' id='word_1_203' title='bbox 1254 3335 1391 3403; x_wconf 79' lang='lat' dir='ltr'><strong>indiciis</strong></span> 
     </span>
     <span class='ocr_line' id='line_1_26' title="bbox 203 3455 1389 3547; baseline 0.006 -26"><span class='ocrx_word' id='word_1_204' title='bbox 203 3455 442 3524; x_wconf 73' lang='lat' dir='ltr'><strong>criminalibus</strong></span> <span class='ocrx_word' id='word_1_205' title='bbox 465 3458 502 3524; x_wconf 87' lang='lat' dir='ltr'><strong>in</strong></span> <span class='ocrx_word' id='word_1_206' title='bbox 524 3459 656 3543; x_wconf 82' lang='lat' dir='ltr'><strong>specie,·</strong></span> <span class='ocrx_word' id='word_1_207' title='bbox 679 3459 835 3546; x_wconf 89' lang='lat' dir='ltr'><strong>siquidem</strong></span> <span class='ocrx_word' id='word_1_208' title='bbox 863 3460 950 3527; x_wconf 88' lang='lat' dir='ltr'><strong>illius</strong></span> <span class='ocrx_word' id='word_1_209' title='bbox 973 3462 1074 3547; x_wconf 74' lang='lat' dir='ltr'><strong>(long.</strong></span> <span class='ocrx_word' id='word_1_210' title='bbox 1098 3460 1292 3545; x_wconf 87' lang='lat' dir='ltr'><strong>illarumque</strong></span> <span class='ocrx_word' id='word_1_211' title='bbox 1315 3482 1389 3528; x_wconf 90' lang='lat' dir='ltr'><strong>cau·</strong></span> 
     </span>
     <span class='ocr_line' id='line_1_27' title="bbox 204 3578 1390 3670; baseline 0.006 -28"><span class='ocrx_word' id='word_1_212' title='bbox 204 3595 317 3642; x_wconf 89' lang='lat' dir='ltr'><strong>sarum</strong></span> <span class='ocrx_word' id='word_1_213' title='bbox 345 3578 501 3657; x_wconf 82' lang='lat' dir='ltr'><strong>iudicialis</strong></span> <span class='ocrx_word' id='word_1_214' title='bbox 527 3600 697 3666; x_wconf 87' lang='lat' dir='ltr'><strong>processus</strong></span> <span class='ocrx_word' id='word_1_215' title='bbox 720 3583 783 3647; x_wconf 89' lang='lat' dir='ltr'><strong>rite</strong></span> <span class='ocrx_word' id='word_1_216' title='bbox 806 3582 944 3668; x_wconf 83' lang='lat' dir='ltr'><strong>intelligi</strong></span> <span class='ocrx_word' id='word_1_217' title='bbox 968 3601 1033 3647; x_wconf 92' lang='lat' dir='ltr'><strong>non</strong></span> <span class='ocrx_word' id='word_1_218' title='bbox 1057 3588 1178 3669; x_wconf 83' lang='lat' dir='ltr'><strong>potest,</strong></span> <span class='ocrx_word' id='word_1_219' title='bbox 1203 3585 1264 3648; x_wconf 89' lang='lat' dir='ltr'><strong>nisi</strong></span> <span class='ocrx_word' id='word_1_220' title='bbox 1288 3585 1390 3670; x_wconf 82' lang='lat' dir='ltr'><strong>expli·</strong></span> 
     </span>
     <span class='ocr_line' id='line_1_28' title="bbox 203 3698 1387 3794; baseline 0.011 -33"><span class='ocrx_word' id='word_1_221' title='bbox 203 3698 289 3763; x_wconf 89' lang='lat' dir='ltr'><strong>catis</strong></span> <span class='ocrx_word' id='word_1_222' title='bbox 315 3700 571 3785; x_wconf 87' lang='lat' dir='ltr'><strong>generalioribus</strong></span> <span class='ocrx_word' id='word_1_223' title='bbox 600 3704 767 3789; x_wconf 89' lang='lat' dir='ltr'><strong>principiis</strong></span> <span class='ocrx_word' id='word_1_224' title='bbox 798 3703 902 3788; x_wconf 90' lang='lat' dir='ltr'><strong>quoad</strong></span> <span class='ocrx_word' id='word_1_225' title='bbox 930 3723 1052 3789; x_wconf 89' lang='lat' dir='ltr'><strong>poenas</strong></span> <span class='ocrx_word' id='word_1_226' title='bbox 1081 3707 1255 3771; x_wconf 89' lang='lat' dir='ltr'><strong>canonicas</strong></span> <span class='ocrx_word' id='word_1_227' title='bbox 1278 3713 1311 3772; x_wconf 92' lang='lat' dir='ltr'><strong>et</strong></span> <span class='ocrx_word' id='word_1_228' title='bbox 1333 3728 1387 3794; x_wconf 86' lang='lat' dir='ltr'><strong>ap</strong></span> 
     </span>
     <span class='ocr_line' id='line_1_29' title="bbox 202 3820 765 3911; baseline 0.014 -27"><span class='ocrx_word' id='word_1_229' title='bbox 202 3820 343 3905; x_wconf 90' lang='lat' dir='ltr'><strong>positum</strong></span> <span class='ocrx_word' id='word_1_230' title='bbox 366 3821 545 3889; x_wconf 90' lang='lat' dir='ltr'><strong>iudicialem</strong></span> <span class='ocrx_word' id='word_1_231' title='bbox 569 3845 765 3911; x_wconf 89' lang='lat' dir='ltr'><strong>processum.</strong></span> 
     </span>
    </p>
   </div>
   <div class='ocr_carea' id='block_1_5' title="bbox 0 0 1650 5109">
    <p class='ocr_par' dir='ltr' id='par_1_7' title="bbox 0 0 1650 5109">
     <span class='ocr_line' id='line_1_30' title="bbox 0 0 1650 5109; baseline 0 6"><span class='ocrx_word' id='word_1_232' title='bbox 0 0 1650 5109; x_wconf 95' lang='lat' dir='ltr'><strong> </strong></span> 
     </span>
    </p>
   </div>
  </div>
 </body>
</html>
