3292 5109
350 261 416 341 150
876 293 962 341 ruas
985 292 1022 339 11.

349 418 520 503 qualitates
531 418 834 508 promovendorum.
847 419 998 487 Urbanus
1008 420 1095 488 VIII
1108 419 1248 487 aloa?
1257 419 1452 506 peculiarem
1461 420 1514 485 hac

347 539 388 605 de
404 560 442 606 re
457 541 544 609 dedit
564 543 822 616 Instructionem.
841 542 1068 629 praescribens
1090 542 1218 628 singula
1239 542 1346 627 capita
1368 543 1512 625 quassae

346 674 507 735 numium
524 672 614 735 eirca
629 670 802 755 qualitates
819 669 1029 755 promovendi
1043 676 1112 736 tum
1128 671 1218 735 circa
1231 673 1350 734 statum
1361 667 1516 733 Ecclesiae

347 812 442 876 quam
471 793 708 879 promovendus
739 813 912 879 capessere
939 792 1044 861 debet.
1074 793 1223 859 Clemens
1246 792 1295 857 XI
1319 812 1379 879 per
1402 792 1512 857 Instru-

346 918 484 983 ctionem
509 918 625 983 editam
650 938 681 985 α.
707 918 792 983 1716
814 919 982 1005 prospexit
1004 920 1104 988 casui.
1129 937 1192 1001 quo
1213 918 1336 983 Romae
1356 935 1516 1002 processus

345 1041 386 1107 de
409 1042 637 1129 promovendis
660 1044 694 1107 ln
716 1043 796 1108 locis
827 1043 1014 1108 mIssionum
1044 1042 1142 1107 facile
1173 1041 1288 1106 haberi
1315 1060 1381 1104 non
1409 1045 1513 1125 posset.

347 1166 432 1236 Huic
454 1170 583 1255 negotio
614 1171 757 1255 pressius
787 1170 949 1237 consuluit
978 1168 1172 1234 Benedictus
1194 1168 1279 1233 XIV
1301 1167 1410 1235 const
1437 1167 1513 1233 Gro-

344 1292 521 1359 eissimum
544 1290 742 1359 decernens:
768 1315 836 1358 c..
853 1298 888 1359 ut
910 1291 952 1358 ad
975 1311 1087 1358 omnes
1106 1299 1140 1358 et
1154 1292 1331 1377 singulos...
1355 1292 1516 1357 Antistites

347 1418 611 1483 transmittantur
626 1419 900 1503 Iutmopatoria
915 1418 1024 1496 (circa
1045 1422 1172 1483 statum
1185 1418 1370 1496 Ecclesiae)
1386 1419 1421 1483 in
1436 1419 1514 1482 hisee

348 1538 475 1603 Nostris
497 1536 721 1625 praesentibus
748 1540 868 1604 lItteris
895 1540 1027 1603 inserta.
1051 1536 1231 1603 Praeterea
1252 1539 1466 1625 praecipimus
1485 1545 1518 1602 ut

344 1664 572 1748 responsiones
584 1662 644 1747 ipsi
658 1662 828 1727 antistites
844 1661 1123 1745 reddentemque
1138 1682 1197 1726 sua
1211 1680 1311 1727 manu
1321 1659 1516 1728 subscribant

342 1804 382 1851 ac
405 1788 537 1871 proprio
560 1786 665 1872 sigillo
681 1784 861 1873 obsignant.
879 1788 1018 1872 Insuper
1033 1785 1180 1851 iubemus
1194 1785 1378 1852 huiusmodi
1394 1805 1513 1870 respon·

342 1910 450 1976 siones
473 1912 633 1977 asservari
657 1913 691 1975 in
715 1912 871 1978 Archivio
895 1910 1038 1977 eiusdem
1062 1911 1330 1996 congregationis
1344 1910 1385 1976 de
1403 1912 1516 1994 Propa-

342 2038 450 2124 ganda
473 2040 551 2104 Fide
567 2045 603 2105 ut
622 2040 746 2123 quoties
768 2042 895 2105 vacabo
914 2041 1050 2107 alicuius
1066 2040 1233 2105 Ecclesiae
1253 2040 1436 2125 contigerit,
1449 2037 1516 2103 loco

341 2182 513 2247 processus
537 2184 635 2249 super
658 2164 743 2229 illius
767 2168 853 2231 sutu
884 2163 1109 2229 exhibeantur.
1134 2164 1278 2248 Denique
1308 2164 1457 2228 volumus
1480 2182 1514 2225 ac

341 2288 508 2352 statuimus
538 2293 574 2352 ut
605 2308 678 2352 oum
701 2306 804 2353 novus
828 2289 1005 2374 Episcopus
1027 2288 1081 2353 vel
1104 2288 1379 2372 archiepiscopus
1402 2305 1514 2371 posses·

340 2410 464 2475 sionem
480 2408 647 2475 Ecclesiae
663 2412 852 2495 susceperit,
869 2410 910 2474 ad
926 2412 1029 2494 ipsum
1050 2412 1221 2475 mittantur
1236 2408 1515 2495 [almogutoria
1602 2419 1603 2426 ’

340 2533 453 2617 quibus
476 2540 632 2619 utsupra
656 2532 879 2619 respondebit;
903 2554 946 2600 ex
969 2555 1031 2618 quo
1054 2535 1161 2619 colligi
1178 2536 1402 2620 possitutrum
1417 2536 1514 2619 spatio

338 2664 494 2749 temporis
517 2662 624 2747 aliqua
648 2662 780 2728 mutatio
803 2663 1073 2727 intervenerit».
1098 2663 1178 2726 Dein
1201 2661 1261 2728 sub
1283 2662 1304 2745 ἓ
1326 2663 1349 2728 3
1371 2664 1515 2748 proponIt

338 2788 446 2849 certas
476 2784 749 2867 interrogationes
779 2781 945 2849 faciendas
972 2786 999 2848 si
1028 2785 1150 2849 Romae
1182 2784 1296 2850 saltem
1327 2783 1391 2850 duo
1419 2789 1516 2849 testes
1602 2813 1604 2841 ι

337 2906 453 2981 adsint,
474 2909 527 2991 qui
551 2907 591 2972 de
613 2908 841 2991 promovendis
863 2908 994 2975 valeant
1015 2908 1107 2975 ferre
1129 2910 1356 2984 testimonium,
1381 2929 1513 2975 cavens:

341 3054 359 3094 e
378 3032 474 3104 Quod
496 3032 527 3098 si
545 3032 715 3115 praedicti
735 3036 831 3098 testes
845 3051 917 3098 aen
931 3032 1054 3108 adsint,
1073 3039 1152 3100 tunc
1166 3034 1336 3119 sufficiens
1352 3033 1517 3099 habeatur

336 3152 501 3219 iudicium
525 3154 677 3219 eiusdem
702 3153 992 3240 Conpreyotionis,
1010 3175 1099 3239 quoe
1117 3155 1215 3221 illum
1231 3174 1254 3219 a
1270 3154 1411 3222 Summo
1427 3154 1515 3221 Pon·

338 3278 424 3363 tifice
447 3277 640 3363 etipaedum
664 3278 832 3344 consuluit
846 3299 878 3341 s.

427 3404 471 3466 At
494 3402 525 3467 S.
551 3402 766 3488 congregatio
790 3405 827 3467 ut
848 3404 977 3467 mutatIs
1001 3402 1198 3488 temporibus
1222 3401 1414 3487 indulgeret,
1439 3421 1515 3465 non·

336 3522 442 3589 nullas
470 3526 598 3589 invexit
627 3526 820 3590 murationes
851 3526 884 3588 In
914 3524 1083 3609 disciplina
1110 3524 1303 3591 electionum
1325 3525 1514 3590 Antistitnm
1602 3581 1603 3584 ,

335 3645 508 3731 plurimum
544 3646 725 3713 concedens
756 3647 1025 3714 commendabam
1056 3648 1224 3713 faciendae
1254 3668 1276 3713 a
1305 3647 1516 3714 Praesulibus

333 3772 531 3858 provinciae,
556 3771 608 3836 oui
631 3770 826 3837 adscribitur
849 3771 1095 3857 promovendus.

424 3894 508 3959 Sane
532 3894 566 3979 o)
591 3893 780 3960 electionem
798 3896 1031 3980 Episcoporum
1051 3896 1135 3979 quod
1150 3898 1274 3971 attinet,
1290 3917 1351 3983 pro
1367 3898 1418 3962 his
1433 3897 1515 3962 locis

295 4064 299 4075 f
332 4019 366 4083 in
391 4018 504 4103 quibus
527 4018 716 4085 hierarchia
740 4020 961 4087 ecclesiastica
975 4023 1149 4085 constituta
1164 4025 1223 4094 est,
1240 4022 1515 4109 Archiepiscopus

333 4142 464 4227 eiusque
477 4143 626 4227 Episcopi
642 4139 857 4229 Suffraganei‚
872 4142 926 4209 vel
942 4140 1144 4230 suffraganei
1160 4164 1281 4221 omnes,
1296 4146 1324 4211 si
1339 4149 1456 4231 agatur
1472 4144 1514 4210 de

332 4264 586 4351 Archiepiscopo
610 4266 767 4351 eligendo.
783 4268 883 4333 trium
899 4269 1029 4333 nomina
1045 4267 1272 4335 commendant
1290 4268 1369 4335 buic
1383 4270 1415 4337 S.
1432 4269 1512 4334 Gon-

334 4390 534 4475 gregationi;
557 4390 813 4457 transmittentes
829 4412 869 4457 ea
885 4391 1085 4465 documenta,
1102 4392 1216 4476 quibus
1236 4397 1363 4460 constat
1384 4413 1513 4480 proces
