3292 5109
327 229 372 295 46
847 251 931 300 raas
956 250 992 297 11.

417 375 470 441 51.
494 374 598 450 Quum
624 372 797 441 Auditores
820 392 956 440 munere
979 375 1092 441 iudicis
1116 375 1208 462 fungi
1231 375 1369 441 debeant
1392 380 1423 442 in
1438 382 1506 442 tam

327 498 537 581 praecellenti
560 498 712 565 tribunali
730 502 763 563 et
786 500 819 562 in
839 499 915 582 ipsis
938 499 1041 563 sacris
1065 498 1283 588 functionibus
1305 500 1509 568 adhaereant

328 648 484 715 personae
509 630 627 713 Papae,
642 626 719 691 hino
742 645 801 710 per
825 626 932 691 const.
960 624 1145 691 Pontificias
1168 632 1296 693 mutum
1313 627 1376 692 fuit
1391 633 1428 694 ut
1442 629 1507 693 viri

325 753 476 817 doctrina
499 758 530 817 et
561 749 701 815 moribus
733 768 931 833 magnopere
960 754 1163 834 praestantes
1187 751 1220 815 in
1244 750 1308 815 hoc
1330 751 1504 837 collegium

325 847 557 963 cooptarentur
571 874 628 959 (l).
654 873 868 949 Quamobrem
883 873 924 940 ab
940 876 1018 960 ipsis
1034 874 1196 960 publicum
1219 895 1296 941 suae
1322 875 1509 944 idoneitatis

327 1002 581 1086 experimentum
611 997 844 1082 exquirebatur
867 1002 900 1063 et
919 997 983 1062 hoc
1004 1003 1072 1063 tum
1094 998 1315 1070 solemnitatis.
1340 1008 1407 1066 tum
1433 1020 1506 1086 pro·

326 1120 464 1189 bationis
491 1141 598 1187 causa.
625 1156 643 1169 ·
670 1121 748 1187 Nam
780 1119 863 1185 istud
894 1118 1058 1185 faciebant
1086 1130 1254 1206 postquam
1287 1123 1397 1206 plures
1428 1142 1506 1188 eoe-

328 1248 491 1311 remoniae
514 1246 546 1310 in
570 1244 736 1310 visitandis
760 1244 878 1310 iterato
904 1248 938 1308 et
963 1242 1177 1328 obsequendis
1199 1246 1271 1310 aliis
1296 1244 1508 1323 Auditoribus

326 1370 477 1455 expletae
499 1368 647 1443 fuerant;
673 1374 706 1433 et
728 1366 790 1431 hae
813 1372 909 1431 erant
931 1366 1012 1431 adeo
1034 1368 1155 1453 plures.
1177 1375 1245 1433 «ut
1268 1366 1327 1451 (ait
1342 1368 1388 1433 Ile
1405 1370 1505 1442 Luca,

325 1495 347 1559 l.
373 1514 399 1560 c.
425 1516 458 1559 o.
481 1494 544 1576 25)
568 1495 599 1556 in
625 1491 804 1557 huiusmodi
832 1492 967 1575 aliisque
998 1493 1211 1557 coeremoniis
1242 1492 1382 1577 plurium
1411 1513 1506 1559 men·

326 1622 407 1683 sium
439 1621 576 1704 spatium
612 1617 812 1681 decurrat».
840 1616 919 1680 Dein
951 1614 1079 1700 (narrat
1113 1617 1159 1680 De
1194 1617 1292 1697 Luca,
1316 1639 1350 1683 a.
1385 1617 1508 1702 inaeq.)

328 1764 348 1805 a
363 1748 494 1807 tenetur
516 1741 665 1827 (Auditor
689 1759 793 1825 nuper
816 1738 951 1823 electus)
973 1738 1097 1822 aliquas
1123 1740 1348 1805 conclusiones
1370 1740 1412 1805 ad
1435 1761 1506 1805 ma·

326 1867 441 1931 teriam
457 1866 592 1931 alicuius
608 1866 740 1931 canonis
756 1863 808 1930 vel
833 1865 913 1949 legis
930 1864 1034 1929 civilis
1049 1862 1177 1948 publice
1192 1866 1354 1929 sustinere
1369 1864 1402 1929 in
1419 1864 1507 1929 Aula

326 1988 443 2053 Palatii
460 1987 681 2054 (lancellariae
697 1988 902 2071 apostolicae
917 1987 951 2051 in
967 1992 1142 2070 conspectu
1164 1987 1262 2051 tatius
1277 1986 1411 2072 collegii
1428 1986 1507 2052 Gar·

326 2110 478 2175 dinalium
502 2116 564 2177 etc.
585 2109 822 2192 »aliorumque
847 2109 958 2172 curiae
981 2127 1134 2172 romanae
1160 2108 1351 2182 Praesulum
1375 2112 1408 2173 et
1431 2107 1505 2172 otii-

326 2234 452 2299 cialium
469 2238 534 2297 tam
550 2233 737 2299 solemniter
753 2237 1039 2318 congregatorum:
1060 2254 1078 2296 a
1096 2234 1223 2317 lataque
1238 2232 1405 2299 functione
1421 2231 1507 2297 bene

326 2364 458 2443 peracta
481 2358 699 2443 (prosequitur
721 2359 773 2424 cit.
800 2358 910 2443 Auci.)
933 2358 1070 2423 alteram
1102 2358 1184 2423 idem
1216 2358 1339 2425 electus
1367 2361 1508 2425 sustinet

327 2482 427 2567 magis
444 2484 622 2567 rigorosam
638 2481 694 2547 sed
711 2486 869 2547 secretam
883 2480 1154 2567 (disputationem)
1166 2501 1276 2547 coram
1289 2484 1387 2567 ipsius
1400 2484 1507 2549 Rotae

327 2607 534 2678 Auditoribus
558 2610 590 2672 in
618 2607 729 2673 eadem
761 2608 957 2673 scholastica
986 2608 1093 2673 forma
1118 2609 1379 2693 arguentibus».
1406 2611 1507 2675 Prae

325 2739 418 2797 terea
440 2752 610 2818 processus
633 2732 860 2798 instituebatur
883 2734 916 2796 in
941 2734 1009 2797 eius
1038 2734 1162 2798 natales
1177 2752 1220 2797 an
1233 2739 1346 2799 essent
1367 2733 1505 2818 legitimi

326 2864 359 2921 et
381 2858 518 2929 honesti,
536 2862 568 2921 et
584 2859 616 2919 in
633 2858 701 2921 eius
726 2875 842 2921 mores.
862 2859 949 2923 Istae
972 2876 1083 2922 omnes
1106 2854 1347 2941 peragebantur
1369 2858 1506 2941 inquisi-

324 2985 428 3048 tiones
451 2988 622 3067 antequam
643 2981 764 3047 electus
780 2965 893 3047 iudicis
908 3002 1043 3047 munere
1059 2982 1092 3046 in
1109 2981 1280 3047 Auditorio
1297 2982 1504 3066 fungeretur,

326 3111 361 3171 ut
376 3104 583 3171 Auditoribus
607 3104 809 3189 exploratum
834 3110 927 3178 esset,
945 3103 1111 3170 decretum
1135 3104 1303 3173 electionis
1318 3107 1505 3172 executioni

415 3410 455 3479 ll)
473 3410 544 3462 Prae
564 3408 659 3477 primis
672 3408 724 3477 ipsi
745 3408 834 3462 Rotae
851 3407 999 3461 auditores
1017 3407 1130 3461 solliciti
1149 3406 1295 3461 admodum
1314 3412 1396 3463 erant
1414 3408 1507 3464 nain·

325 3513 402 3582 digni
422 3512 628 3581 eligerentum
645 3511 713 3565 adeo
733 3516 763 3564 nt
782 3514 890 3579 (narrat
911 3512 949 3565 De
971 3511 1045 3564 Laica
1065 3512 1083 3564 l.
1097 3529 1120 3565 c.
1139 3529 1166 3565 a.
1180 3511 1233 3576 28)
1254 3510 1336 3565 huius
1354 3512 1507 3567 tribunalis

326 3621 473 3677 chronicae
497 3621 628 3687 doceant,
647 3620 718 3691 quod
738 3622 788 3673 sub
811 3620 938 3689 praelato
956 3618 1036 3672 Sixto
1055 3618 1100 3685 lV,
1120 3620 1213 3688 potius
1232 3618 1324 3687 Papae
1347 3618 1417 3673 iram
1439 3636 1505 3674 oum

324 3727 448 3781 omnium
463 3725 626 3781 Auditorum
640 3723 725 3778 exilio
738 3725 773 3778 ab
789 3722 864 3778 Urbe
884 3724 941 3793 pati
961 3722 1102 3777 voluerint
1121 3740 1204 3793 quam
1224 3699 1350 3793 recipere
1369 3724 1506 3779 intereos

324 3831 415 3885 virium
440 3829 564 3899 alioquin
588 3828 617 3882 in
642 3827 790 3883 literatura
814 3828 960 3897 insignem,
976 3827 1023 3897 qui
1043 3832 1187 3897 pateretur
1204 3827 1346 3882 detectum
1367 3827 1505 3881 natalium

325 3956 381 3995 non
401 3940 530 3993 obstante
543 3937 615 4007 quod
628 3935 686 3991 illis
699 3953 748 4005 per
761 3936 865 4004 Papam
878 3934 1048 4004 amplissime
1061 3934 1208 3990 restitutus
1221 3941 1295 3990 osset
1308 3953 1332 3990 a.
1347 3935 1434 3989 Hodie
1447 3936 1507 3989 Au-

326 4044 430 4099 ditores
447 4044 532 4097 statui
552 4041 684 4105 clericali,
695 4041 748 4095 etsi
769 4056 823 4093 non
843 4039 872 4093 in
891 4040 977 4093 sacris
1001 4040 1155 4106 constituti,
1180 4057 1241 4095 esse
1264 4040 1368 4095 debent
1386 4039 1504 4106 addicti3

324 4148 393 4203 olim
412 4166 446 4203 ex
465 4148 566 4217 triplici
582 4147 677 4201 ordine
690 4145 866 4200 coalescebat
877 4145 1063 4211 Auditorium,
1076 4162 1183 4216 nempe,
1197 4145 1331 4212 clericali,
1344 4144 1503 4200 monachali

326 4254 356 4305 et
373 4248 466 4305 laicali
486 4254 515 4304 et
533 4254 599 4303 tunc
623 4264 709 4319 usque
734 4246 768 4300 ad
793 4246 912 4316 triginta
935 4246 1084 4302 Auditorea
1102 4252 1294 4303 excreverant.
1313 4247 1354 4300 cf.
1370 4246 1408 4302 De
1428 4246 1506 4301 Luca

327 4378 370 4430 op.
389 4370 416 4415 et
436 4360 454 4412 l.
474 4377 496 4413 c.
515 4377 542 4413 n.
564 4359 612 4411 63.
