3292 5109
389 294 479 350 Quart
502 293 538 343 lu
562 291 712 342 SECUNDO
735 289 913 339 vomenta
937 286 1176 337 CONTINENTUR

245 419 451 490 Erpeditorum
476 419 629 489 collegium
648 421 677 472 in
695 416 755 469 Da·

191 495 277 556 tarta,
295 508 358 561 pag.
378 490 438 546 310.

251 633 401 706 Enpensae
422 637 512 689 litium
530 632 571 706 (in
592 635 618 688 8.
635 630 756 702 conpr),

192 719 255 775 pag.
277 706 336 761 125.

458 905 488 970 F

247 1064 351 1118 Fertne
371 1063 472 1134 quibus
494 1067 596 1118 vacant
614 1062 661 1119 SS.
682 1063 756 1118 Con·

197 1135 387 1277 {ifigssii‘ssssgs'
397 1135 501 1202 Officia,
512 1135 682 1202 Tribuualia,
694 1152 756 1206 pag.

253 1350 351 1474 Facias
380 1349 520 1420 Pontificis
547 1366 597 1404 seu
625 1350 756 1418 Camere,

192 1436 258 1490 9³8·
314 1461 320 1473 ·
610 1437 613 1445 '

252 1563 335 1617 Folia
356 1563 573 1630 consistorialis,
595 1579 657 1634 pag.
677 1563 738 1616 261.

245 1706 368 1761 Fratres
388 1665 504 1771 barbati,
523 1721 587 1774 pag.
608 1703 669 1759 290.

458 1903 490 1971 G

251 2063 378 2118 Gereatis
391 2061 582 2118 Cancellariae
597 2063 717 2117 officium
727 2063 757 2117 in

194 2135 372 2206 expeditione
391 2133 544 2200 Bullarum,
562 2151 624 2205 pag.
643 2135 704 2188 288.

185 2303 193 2318 ·
250 2277 426 2332 Gubernator
451 2279 540 2344 Urbis,
560 2294 622 2347 pag.
642 2278 684 2332 82.

464 2475 482 2544 1

248 2631 467 2704 Informationas
486 2634 515 2689 iu
534 2635 625 2689 causis
643 2638 757 2690 conten·

195 2705 275 2760 tiosis
293 2706 322 2760 in
342 2705 368 2758 S.
388 2706 498 2776 congr,
517 2723 580 2776 pag.
603 2707 659 2760 120.

248 2845 385 2902 instantia
396 2848 508 2917 (prima)
514 2849 585 2918 apud
596 2848 757 2902 Ordinatios

195 2916 321 2972 locorum
339 2919 520 2974 instauranda
539 2925 589 2987 eet,
610 2936 673 2989 pag.
695 2918 755 2974 421.

194 3019 211 3029 -
231 2989 373 3050 Quomodo
391 2991 604 3061 computandum
624 2992 661 3045 sit
680 2992 757 3045 bien·

193 3061 271 3114 nium
282 3079 299 3116 a
311 3060 395 3117 conc.
410 3061 483 3116 Trid.
497 3064 680 3132 assignatum,
694 3078 756 3131 pag.

192 3131 253 3186 423.
281 3163 296 3173 -
323 3133 465 3194 Quaenam
488 3151 588 3190 6611666
613 3134 641 3186 16
668 3133 757 3203 prima

193 3203 328 3258 instantia
346 3207 474 3274 cognosci
489 3221 544 3260 non
558 3209 672 3275 possunt
684 3222 702 3259 a
714 3205 759 3259 iu·

191 3275 300 3328 dinibus
324 3276 345 3330 E
367 3277 460 3347 iscopo
484 3277 669 3340 inferioribus,
693 3292 756 3346 pag.

191 3346 253 3399 424.
266 3375 282 3387 -
296 3293 502 3418 4611ρί66666
516 3365 613 3403 cauam
625 3348 757 3418 delegare

1305 267 1373 334 535

809 413 840 467 in
858 410 911 466 hoo
923 429 989 466 casu
1003 411 1187 481 prospiciatur
1198 408 1371 463 necessariae

809 483 904 555 legum
924 483 1150 553 promulgationi,
1168 497 1231 551 pag.
1251 480 1311 533 366.
1448 478 1451 487 ’

865 626 1037 696 interpretes
1056 624 1129 693 apud
1144 622 1372 693 6666666166-

809 714 872 768 pag.
892 698 968 762 Fide,
987 715 1049 767 pag.
1072 696 1130 750 140.

863 839 1035 894 introductio
1052 839 1245 910 quaestionum
1257 837 1373 890 iudicia·

811 913 882 966 lium
900 913 940 982 (111
960 911 987 964 S.
1006 911 1165 980 Congreg.),
1183 925 1246 980 pag.
1268 907 1326 962 119.

863 1055 981 1119 localia,
999 1070 1062 1123 pag.
1081 1053 1182 1106 30661
1201 1057 1276 1106 nota.

863 1197 964 1250 ludex.
983 1223 1018 1238 -
1041 1195 1108 1248 Eius
1131 1177 1318 1263 competentia
1343 1191 1373 1243 16·

811 1269 900 1338 prima
915 1268 961 1322 vel
975 1267 1101 1322 ulteriori
1120 1267 1262 1331 instantia,
1277 1263 1373 1318 confer

811 1339 949 1395 instantia
967 1346 996 1393 et
1014 1339 1142 1408 ungulos
1161 1338 1280 1392 ludices.

864 1483 975 1536 Iudicia
996 1483 1162 1536 Summart'a.
1180 1509 1218 1521 -
1230 1477 1373 1546 Exigenda

810 1559 876 1608 sunt
901 1553 934 1607 ad
960 1569 1070 1606 normas
1095 1553 1164 1606 iuris
1188 1548 1325 1605 naturalis
1344 1553 1374 1602 et

809 1641 866 1678 non
894 1632 960 1678 sunt
986 1625 1166 1694 opponendae
1195 1621 1373 1691 exceptiones

810 1696 951 1750 nullitatia
966 1695 1065 1750 nisiex
1080 1694 1182 1764 triplici
1196 1693 1296 1762 capita,
1310 1708 1372 1763 pag.

810 1767 873 1822 464.
898 1797 913 1809 -
940 1767 1068 1836 Episcopi
1099 1767 1164 1837 quia
1192 1771 1303 1835 praesto
1329 1768 1374 1818 est

810 1837 881 1892 haec
911 1838 1030 1907 simplex
1060 1841 1150 1891 torma
1182 1853 1236 1890 non
1264 1835 1372 1898 sinant,

810 1925 909 1964 causas
935 1910 1140 1964 ecclesiasticas
1170 1907 1272 1978 agitari
1300 1905 1372 1976 quod

810 1980 930 2036 iudicem
949 1980 1061 2045 laicum,
1081 1997 1144 2050 pag.
1163 1980 1223 2033 464.

866 2123 976 2176 ludices
992 2121 1216 2176 Conservatores.
1230 2149 1263 2162 -
1276 2120 1316 2174 De
1329 2135 1374 2173 eo-

810 2211 871 2248 rum
891 2194 1087 2264 competentia,
1110 2211 1171 2263 pag.
1190 2191 1252 2245 433.

864 2335 956 2392 ludere
976 2338 1085 2390 relator
1110 2335 1136 2389 S.
1155 2335 1255 2404 Congr.
1276 2334 1325 2403 Ep.
1344 2340 1374 2387 ot

810 2406 921 2478 Regul,
945 2423 1008 2478 pag.
1030 2407 1089 2462 166.

865 2550 978 2604 Iudices
997 2550 1145 2604 sinodales.
1163 2577 1201 2590 -
1219 2548 1258 2601 De
1277 2563 1373 2602 eorum

812 2622 1009 2692 competentia,
1027 2637 1091 2691 pag.
1110 2619 1171 2674 433.

1080 2765 1109 2829 L

865 2923 949 2977 laus.
968 2951 1003 2966 -
1023 2923 1217 2976 lustitntorum
1239 2936 1373 2974 novorum

805 2981 875 3048 'cum
894 2995 967 3049 votis
985 2994 1085 3064 simpl,
1105 3010 1167 3064 pag.
1191 2993 1248 3046 176.

864 3137 941 3190 Laus
959 3138 1043 3207 scopi.
1063 3165 1098 3178 -
1117 3105 1309 3189 institutorum
1323 3148 1372 3186 6ο-

811 3223 909 3261 vorum
928 3223 990 3260 61116
1010 3207 1083 3263 votis
1101 3206 1203 3276 simpl..
1218 3223 1281 3276 pag.
1297 3203 1354 3259 176.

865 3349 977 3405 literae
997 3349 1202 3405 r·emissoriales
1225 3363 1274 3400 666
1297 3363 1372 3400 com·

196 3419 361 3488 possitquae
372 3437 405 3474 ex
417 3421 595 3490 praescriptis
605 3421 673 3475 iuris
683 3435 757 3474 com·
807 3423 993 3492 pulsoriales,
1019 3435 1081 3491 pag.
1107 3419 1169 3486 238,
1190 3419 1251 3484 466,
1277 3417 1337 3471 468.
1356 3447 1373 3457 -

193 3490 286 3542 166616
303 3493 333 3543 in
345 3494 444 3574 primo
469 3494 599 3546 instantia
621 3491 756 3547 videndae
812 3493 937 3548 Litterae
956 3491 1186 3562 requisitoriales,
1200 3499 1375 3544 conservato·
1435 3520 1440 3530 ·

194 3561 302 3614 suntin
316 3562 450 3617 tribunali
463 3563 601 3633 Episcopi,
615 3579 678 3634 pag.
692 3561 758 3616 434-

194 3631 255 3685 440.
277 3661 292 3671 -
312 3635 356 3686 An
381 3633 534 3688 ordinariis
553 3635 694 3704 integrum
720 3635 757 3687 sit

195 3703 366 3759 constituere
387 3705 433 3760 vel
458 3705 596 3776 denegare
620 3709 757 3762 actionem

192 3775 366 3842 iudicialem,
385 3793 441 3848 pag
458 3776 519 3832 435.

246 3915 445 3988 interpretatio
459 3921 695 3990 comprehensiva,
708 3935 758 3973 ert·

193 3989 309 4055 tensica,
329 4005 391 4060 pag.
406 3990 467 4054 353;
482 4021 497 4031 -
510 4008 544 4044 an
560 3992 635 4061 prior
648 3990 758 4059 obliget

194 4060 269 4187 mgr0
281 4061 396 4186 tavcaolgdat
404 4061 605 4146 promulgatio,
618 4078 681 4133 pag.
695 4059 756 4116 354.

192 4158 238 4255 38.
260 4138 756 4275 (16116116111111111061116101161111(111838.

192 4271 330 4359 355-36l.
357 4305 372 4316 -
404 4276 443 4332 De
477 4275 756 4402 interpretationibus

192 4349 347 4402 extensius
384 4365 436 4403 uae
449 4363 538 4404 novae
562 4364 623 4418 egis
639 4347 755 4402 1116116-

193 4417 269 4484 bant,
288 4436 351 4491 pag.
407 4421 425 4474 2
445 4425 475 4475 at
499 4435 565 4492 saq.;
585 4449 600 4460 -
620 4418 756 4491 quomodo

811 3567 910 3632 riolas,
928 3581 991 3634 pag.
1011 3562 1074 3629 466,
1092 3561 1153 3616 loe.

865 3706 1068 3761 Locumtenens
1099 3705 1190 3758 ciuilis
1222 3703 1374 3758 tribunalis

819 3779 923 3832 vicarii
947 3779 1036 3842 Urbis,
1055 3792 1118 3846 pag.
1136 3775 1198 3830 382.
1218 3806 1234 3818 -
1253 3774 1373 3828 Locum·

812 3854 912 3903 tenens
929 3865 985 3919 qua
1002 3847 1172 3902 substitutus
1196 3846 1256 3900 Vic.
1282 3845 1372 3900 Gene-

813 3920 889 3988 ralis,
907 3936 970 3990 pag.
990 3919 1051 3972 457.

1072 4117 1112 4182 Μ

863 4278 1042 4344 Mentorn'ale,
1060 4275 1126 4346 quid
1139 4275 1184 4342 ait,
1202 4291 1262 4344 pag.
1276 4273 1336 4328 284.

866 4419 1102 4490 Metropolitanus
1120 4434 1176 4488 qua
1193 4416 1276 4472 index
1297 4415 1371 4471 ordi·
