3292 5109
306 298 372 365 282
833 317 917 363 enas
940 316 977 362 11.
1053 306 1058 320 ·

308 438 482 505 Pontificis.
506 442 655 505 lamvoro
671 439 905 505 administratio
920 438 1153 505 iurisdictionis
1170 438 1373 502 voluntariae
1391 442 1487 501 arcte

305 565 509 630 connectitur
539 584 612 629 cum
640 564 862 629 iurisdictione
889 564 1032 628 iudiciali
1059 564 1191 647 eiusque
1222 563 1381 626 exercitio
1406 560 1484 646 (cfr.

305 690 367 754 vol.
383 692 406 763 1,
420 690 464 755 42
476 690 545 774 sq.).
563 692 646 755 Acta
662 710 741 755 vero
755 691 785 756 S.
800 690 892 757 Sedis
907 692 982 774 quia
998 709 1063 755 non
1078 694 1202 754 tantum
1215 686 1431 753 conficiuntur
1442 687 1487 751 ad

304 815 448 878 valorem
471 826 572 895 actua,
601 819 754 898 quamtum
780 814 819 882 all
845 814 1067 899 probationem
1091 812 1243 884 eiusdem,
1268 812 1345 877 hinc
1368 813 1487 876 consti-

303 942 398 1002 tuunt
420 937 550 1014 totidem
567 936 771 1022 probationes
794 936 910 1001 iudicio
926 937 1210 1023 praeconstitutas3
1226 954 1361 1018 quarum
1378 935 1429 997 ris
1450 939 1488 999 et

304 1063 418 1137 fornia,
436 1070 624 1149 perspectae
640 1065 785 1149 apprime
808 1082 880 1129 esse
903 1063 1020 1128 debent
1043 1062 1140 1128 iudici
1163 1060 1382 1126 ecclesiastico
1405 1058 1484 1141 (cir.

304 1188 366 1253 vol.
386 1188 411 1261 Ι,
436 1209 468 1252 n.
486 1189 551 1253 507
564 1188 634 1274 sq.).
653 1224 671 1237 -
690 1188 775 1253 Hinc
796 1188 837 1253 de
852 1193 969 1252 natura
985 1194 1018 1253 et
1032 1206 1168 1251 munere
1190 1186 1389 1270 singulorum
1405 1182 1486 1250 offi-

305 1313 428 1382 ciorum
452 1313 600 1379 distincte
623 1314 782 1399 agendum
809 1318 866 1378 est.
892 1314 1019 1378 Etenim
1043 1312 1126 1377 haee
1144 1313 1336 1398 gravissima
1352 1313 1487 1397 negotia

304 1460 361 1505 seu
392 1441 583 1524 multiplices
607 1442 833 1509 concessiones
859 1441 997 1505 tractari
1020 1446 1053 1504 et
1075 1439 1221 1524 expediri
1246 1438 1350 1503 solent
1373 1459 1393 1502 a
1415 1459 1484 1503 non

304 1584 406 1649 parvo
430 1562 618 1630 Officiorum
643 1570 675 1629 et
699 1562 893 1631 Officialium
921 1584 1057 1629 numero
1080 1565 1277 1629 intentorum
1301 1565 1334 1627 in
1358 1569 1484 1628 rectam

304 1690 549 1775 applicationem
565 1696 598 1755 et
614 1693 840 1757 executionem
853 1693 933 1755 iuris
949 1691 1127 1756 communis
1142 1696 1175 1755 et
1186 1691 1360 1756 voluntatis
1373 1690 1486 1774 Papae

304 1814 337 1876 in
353 1812 560 1897 expediendis
580 1815 661 1877 actis
678 1810 872 1888 Pontificiis;
897 1814 929 1877 in
947 1833 1009 1896 qua
1024 1811 1152 1877 assidua
1167 1810 1383 1877 sollicitudine
1400 1812 1485 1874 ratio

304 1936 386 2001 inest
410 1936 553 2020 practica
577 1941 609 2000 et
631 1935 874 2002 fundamentum
899 1936 983 2001 illius
1006 1936 1186 2008 axiomatis,
1211 1934 1361 2000 videlicet
1386 1934 1485 2001 Sum·

304 2076 380 2122 rrius
397 2056 560 2139 Pontifex
583 2063 737 2123 censetur
760 2058 877 2123 orrznia
899 2058 1047 2123 retinere
1062 2058 1100 2121 ia
1114 2058 1240 2123 scrinio
1259 2056 1409 2140 pectoris
1428 2057 1486 2120 sui
1551 2138 1556 2145 .

304 2202 393 2266 quae
415 2182 502 2247 iuris
523 2189 612 2247 sunt.
638 2182 852 2256 Quamobrem
878 2204 921 2247 ex
940 2184 1156 2248 insinuatione
1174 2182 1227 2246 vel
1251 2182 1486 2266 praeteritione

303 2306 476 2372 verborum
493 2308 545 2373 vel
563 2328 605 2372 ex
624 2308 769 2392 apposita
791 2311 847 2371 aut
869 2309 1099 2393 praetermissa
1121 2307 1266 2372 clausula
1289 2326 1353 2370 non
1378 2310 1485 2391 potest

304 2432 419 2495 inferri
444 2452 539 2495 error
555 2431 605 2495 rel
627 2430 744 2495 oblivio
769 2431 991 2506 concedentis;
1016 2430 1072 2495 sed
1095 2432 1203 2495 omnia
1225 2430 1340 2495 baberi
1364 2428 1487 2494 debent

304 2556 350 2620 uti
374 2558 502 2621 sincera
533 2561 565 2622 et
593 2559 732 2641 genuina
756 2556 929 2621 voluntatis
954 2556 1117 2640 Principis
1146 2556 1360 2641 praescriptio
1383 2560 1416 2619 et
1438 2556 1484 2618 si-

304 2680 476 2766 gnificatio.
502 2682 550 2747 of.
576 2682 748 2748 blonacelli
772 2672 1042 2757 Fermuterium,
1067 2682 1130 2747 ool.
1158 2682 1204 2753 ΙΙ,
1229 2681 1275 2745 tit.
1293 2680 1344 2755 14,
1369 2700 1404 2745 a.
1420 2680 1481 2744 22.

393 2808 468 2871 232.
493 2808 687 2892 Incipiemus
718 2828 740 2871 a
768 2806 962 2873 Secretaria
986 2808 1110 2873 Status.
1143 2808 1238 2871 Iuvat
1268 2807 1354 2871 enim
1386 2812 1486 2871 antea

304 2930 511 2997 considerare
528 2932 690 2997 Summum
709 2930 898 3013 Pontificem
922 2934 1072 3016 agentem
1096 2951 1169 2995 cum
1189 2930 1261 2995 aliis
1277 2929 1486 3015 Principibus

304 3056 343 3121 ad
367 3056 574 3120 concordiam
605 3055 776 3121 fovendam
801 3056 834 3119 in
858 3056 986 3120 vinculo
1014 3052 1088 3119 fidei
1118 3074 1178 3140 pro
1202 3054 1390 3122 christianis
1412 3074 1482 3120 mo-

304 3177 392 3243 ribus
423 3177 657 3243 conservandis
688 3184 720 3243 et
749 3177 876 3243 tuendis
906 3178 1100 3262 praesertim
1131 3179 1216 3241 inter
1245 3177 1393 3242 homines
1421 3178 1482 3243 Ca-

303 3302 449 3367 tholicos.

393 3420 578 3487 Secretaria
602 3422 717 3487 Status
748 3428 796 3487 est
824 3420 972 3488 Officium
1000 3425 1112 3488 curiae
1136 3425 1276 3489 maxime
1300 3424 1485 3489 adhaerens

304 3564 461 3631 personae
486 3542 659 3621 Pontificis‚
684 3551 718 3611 et
741 3547 844 3631 magis
875 3548 1028 3631 exprimit
1051 3549 1120 3612 eius
1144 3548 1292 3612 naturale
1315 3549 1480 3632 ingenium

304 3674 336 3733 et
359 3669 554 3753 peculiarem
578 3668 695 3753 agendi
719 3670 879 3734 rationem
903 3670 936 3733 in
959 3669 1194 3755 gubernatione
1218 3670 1386 3735 Ecclesiae
1410 3673 1481 3735 uni·

227 3798 230 3803 '
303 3792 440 3859 versalis
463 3812 522 3877 pro
543 3793 641 3857 variis
663 3812 876 3877 personarum
893 3799 925 3858 et
941 3812 1051 3859 rerum
1074 3793 1234 3859 adiunctis
1250 3792 1307 3880 (1).
1332 3795 1482 3860 Iamvero

393 4003 434 4073 (l)
453 4002 561 4057 Natura
580 4004 662 4057 huius
680 4004 769 4058 Officii
795 4008 853 4057 tam
873 4004 964 4057 intimi
983 4010 1013 4059 et
1031 4004 1210 4059 adhaerentis
1232 4022 1366 4074 personae
1386 4004 1481 4059 Ponti·

303 4109 364 4162 ficis
383 4110 475 4163 effecit
489 4114 519 4163 ut
539 4109 610 4162 istud
631 4109 871 4165 commendaretur
889 4110 998 4163 cuidam
1018 4117 1095 4163 arcto
1113 4110 1321 4180 consariguineo
1334 4110 1437 4179 Papae,
1449 4116 1479 4164 ut

304 4217 452 4287 plurimum
472 4218 581 4271 cuidam
601 4217 717 4287 Nepoti:
736 4217 800 4271 iude
819 4216 932 4270 habitus
950 4223 994 4272 est
1009 4218 1167 4273 Cardizmtis
1180 4219 1277 4289 Nepos
1297 4224 1353 4272 tam
1369 4219 1481 4274 celeber

304 4320 333 4373 in
347 4319 465 4375 historia
481 4320 585 4375 saeculi
598 4321 697 4375 decimi
711 4320 837 4389 septimi;
856 4325 885 4375 et
898 4319 944 4374 hic
956 4313 1124 4391 fungebatur
1137 4338 1252 4377 munore
1265 4321 1421 4377 cardinalis
1433 4321 1480 4377 Se·

305 4428 417 4482 cretarii
431 4428 524 4498 Papae
541 4428 589 4499 qui
602 4428 701 4481 intima
714 4428 807 4498 Papae
825 4426 943 4482 consilia
960 4434 989 4484 et
1007 4430 1149 4498 proposita
1161 4433 1356 4499 cognoscebat,
1365 4433 1479 4488 fouebat
