3292 5109
318 276 384 339 430
845 291 929 337 rans
954 290 989 335 n.

315 438 411 485 scere
433 418 604 499 coeperint
626 436 744 483 aarum
767 416 813 482 sit
834 416 1033 498 recipienda
1062 417 1114 481 ael
1146 434 1217 482 non
1247 414 1436 499 appellatio
1459 412 1501 479 ab

317 562 356 611 eo
379 542 593 630 interposita)
616 542 768 609 inhibete
791 563 823 605 n.
848 542 894 606 De
917 542 947 604 ri
973 541 1170 609 inhibitionis
1195 548 1228 607 et
1250 542 1293 607 de
1324 542 1502 619 attentatis,

316 666 360 731 cl.
384 667 448 732 ool.
475 668 501 739 l,
525 685 559 730 n.
584 666 667 731 560.

409 791 680 876 archiepiscopus
702 792 755 873 qui
779 788 815 855 tit
835 789 932 855 iudex
952 788 1136 855 ordinarius
1151 790 1267 855 subditi
1286 788 1504 877 suffraganei,

319 916 444 979 ratione
466 915 701 999 appellationis.
726 933 790 978 non
818 919 925 998 potest
956 913 1098 977 eiusdem
1126 912 1242 979 subditi
1273 914 1358 978 alias
1390 934 1505 981 causas

318 1038 441 1120 ridere,
457 1039 513 1103 sed
536 1040 596 1103 has
619 1039 788 1103 remittere
804 1036 900 1103 debet
914 1036 955 1102 ad
972 1039 1108 1122 primam
1131 1036 1288 1103 ordinarii
1305 1040 1504 1110 instantiam,

320 1170 458 1247 excepto
482 1183 559 1228 casu
583 1162 776 1246 quaestionis
804 1160 974 1227 incidentis
998 1163 1043 1225 ita
1066 1180 1235 1227 connexae
1267 1182 1344 1227 cum
1374 1164 1505 1248 negotio

319 1288 489 1371 principali
501 1293 536 1351 ut
552 1286 645 1362 istud,
659 1286 715 1350 illa
726 1306 789 1349 non
803 1282 945 1359 delinita,
959 1284 1082 1352 absolvi
1099 1306 1163 1350 non
1179 1287 1296 1365 valeat,
1313 1306 1386 1373 arg.
1406 1288 1504 1369 §cib

318 1432 394 1495 cap.
418 1412 452 1483 3,
476 1414 498 1494 ἓ
522 1413 554 1483 7.
579 1411 629 1477 De
651 1412 775 1494 appell.
799 1412 837 1477 in
861 1412 893 1476 6.

411 1538 590 1600 Praeterea
612 1536 639 1599 si
664 1536 696 1598 in
719 1534 871 1618 agitanda
890 1535 1114 1621 appellationis
1130 1540 1293 1617 instantia,
1312 1558 1452 1603 necesse
1467 1542 1506 1605 sit

215 1739 219 1745 ἱ
321 1638 546 1725 testesbinre
568 1664 733 1725 morantes
758 1659 790 1722 in
814 1658 951 1724 dioecesi
979 1656 1182 1745 suffraganei
1214 1661 1273 1727 hos
1306 1662 1507 1748 compellere

320 1804 385 1849 non
415 1790 519 1868 potest
550 1783 590 1847 ad
621 1782 855 1868 perhibendum
887 1784 1102 1849 testimonium
1128 1785 1426 1873 ,archiepiscopus
1451 1786 1506 1852 sed

321 1910 534 1993 requirendus
546 1916 595 1975 est
611 1906 841 1994 suffraganeus
857 1912 910 1993 qui
927 1911 976 1975 vel
992 1910 1164 1995 compellat
1181 1930 1376 1997 comparere
1394 1931 1503 1977 coram

323 2037 578 2119 Archiepisoopo
601 2033 653 2097 rel
678 2035 745 2118 ipse
771 2036 989 2099 testimonium
1012 2035 1161 2119 excipiat.
1187 2034 1269 2099 Nam
1294 2038 1328 2100 in
1353 2037 1376 2118 §
1401 2037 1428 2117 l,
1452 2035 1504 2101 eit.

320 2178 396 2241 cap.
420 2160 456 2239 1,
480 2158 530 2223 Dc
552 2157 620 2237 sor.
644 2163 784 2239 coemat.
808 2158 846 2222 in
870 2159 902 2231 6,
931 2158 1100 2224 statuitur:
1126 2178 1144 2221 e
1169 2156 1290 2243 Neque
1322 2160 1505 2243 Samaeo-

319 2298 465 2345 neornm
487 2278 665 2344 Rensensis
687 2278 859 2345 Ecclesiae
880 2276 1074 2345 sabditos...
1098 2280 1135 2343 in
1158 2280 1272 2345 causis
1295 2298 1365 2361 per
1388 2280 1504 2363 appel·

323 2406 481 2471 lationem
500 2406 664 2471 devolutis
681 2406 728 2469 orl
740 2425 797 2471 eos
812 2402 864 2486 (ad
882 2405 1158 2490 Metropolitanus)
1179 2407 1410 2472 testimoniam
1427 2408 1506 2491 (nisi

320 2530 459 2595 atina...
492 2530 534 2594 de
565 2530 806 2595 aonsnetacltne
830 2528 1015 2615 obtineant)
1034 2528 1214 2611 perhibere
1242 2534 1452 2615 eotstpellant
1476 2554 1504 2595 ›.

322 2656 402 2719 Item
420 2655 559 2719 edicitur
574 2655 606 2717 in
623 2654 667 2735 ἐξ
680 2652 704 2718 3
716 2660 747 2718 et
764 2651 1059 2737 dinsoqaenlibns.
1074 2652 1121 2717 ef.
1139 2654 1328 2739 Pellegrini,
1344 2674 1400 2737 op.
1419 2657 1439 2719 l.
1454 2656 1505 2722 cil.

323 2779 382 2859 lit,
407 2779 439 2841 in
464 2779 666 2849 universum,
691 2768 882 2861 quicumque
906 2782 998 2843 actus
1022 2779 1211 2843 executivus
1235 2780 1451 2863 exequendas
1474 2782 1505 2844 in

322 2920 477 2987 personas
501 2901 617 2966 iudicio
642 2907 816 2965 extraneas
841 2920 898 2965 seu
921 2902 953 2964 in
978 2921 1133 2985 personas
1164 2904 1234 2966 sive
1266 2904 1410 2971 morales
1439 2906 1507 2968 sire
1622 2940 1623 2945 κ

323 3024 462 3109 phisicae
485 3023 650 3089 distinctas
675 3022 717 3089 ab
741 3029 856 3090 actore
879 3030 909 3089 et
931 3044 1001 3097 reo,
1018 3044 1083 3089 non
1104 3026 1392 3110 aMetropolitano
1417 3026 1507 3091 seda

322 3144 533 3232 Suffraganeo
557 3146 724 3232 ponendus
748 3152 797 3212 est
820 3148 853 3211 in
877 3167 935 3213 sua
958 3147 1110 3223 dioecesi;
1135 3147 1190 3213 sed
1214 3148 1254 3212 ad
1279 3150 1366 3217 illius
1388 3150 1508 3216 denun-

324 3276 504 3344 ciationem,
531 3276 556 3338 si
587 3274 650 3338 hoc
679 3274 831 3357 exquirat
859 3274 1011 3339 iudicium
1034 3274 1268 3359 appellationis.
1295 3276 1428 3340 Revera
1453 3275 1506 3340 de-

323 3400 430 3462 cernit
453 3398 505 3464 cit.
523 3418 597 3481 rap.
615 3396 648 3471 3,
666 3398 716 3463 Da
731 3398 858 3481 appell.
874 3398 911 3462 in
927 3398 959 3477 6,
977 3398 1023 3463 acl
1037 3398 1060 3479 ἓ
1076 3398 1117 3459 ti:
1135 3417 1152 3459 s
1170 3396 1213 3461 ln
1229 3398 1340 3463 aliam
1361 3418 1504 3483 qnoque,

327 3524 388 3608 qai
411 3525 503 3589 eirea
525 3544 596 3588 rem
622 3524 664 3587 (le
687 3542 757 3607 qao
779 3522 869 3587 inter
891 3523 1121 3605 appellantem
1144 3528 1175 3587 et
1197 3524 1414 3605 appellatam
1433 3542 1506 3589 oon·

325 3651 491 3716 troversia
514 3648 665 3720 aertitm·,
691 3648 823 3731 aliqaicl
851 3652 928 3731 post
952 3666 1069 3713 eoram
1092 3646 1329 3715 inhibitionem
1352 3654 1504 3714 attentet.

324 3792 397 3837 non
419 3772 517 3843 valet,
542 3770 716 3836 oeconoma
740 3770 945 3843 ltaiasmocli
961 3770 1231 3836 iurisdictionem
1255 3771 1412 3855 aliquam
1435 3772 1505 3837 ain·

324 3896 442 3963 dicare
465 3918 482 3957 »
510 3893 522 3980 (
545 3896 566 3979 ).

421 4195 460 4266 (lt
481 4196 536 4249 Sub
556 4214 581 4249 n.
602 4195 655 4250 332
675 4195 820 4250 retulimus
840 4197 979 4251 Barbosae
1004 4197 1211 4263 alletoritatem,
1231 4198 1357 4253 innixam
1377 4198 1402 4251 S.
1422 4200 1504 4268 Cong.

326 4303 381 4357 EE.
402 4311 431 4358 et
449 4304 509 4381 ΒΗ.
535 4304 666 4358 decisioni
692 4304 862 4358 abiudieenti
883 4304 1099 4373 Arcbiepiseopo
1124 4308 1345 4375 competentiam
1369 4306 1503 4360 incensis

328 4409 458 4464 civilibus
472 4411 678 4480 Episcoporum.
691 4409 743 4464 Sed
756 4427 791 4465 ex
804 4410 919 4465 adverso
933 4410 959 4464 S.
974 4410 1058 4481 Cong.
1072 4409 1193 4464 Concilii
1208 4412 1236 4465 in
1252 4414 1373 4467 Limone
1386 4442 1399 4453 ·
1412 4428 1502 4465 maist
