3292 5109
349 276 415 340 464
877 296 960 343 PARS
984 296 1021 342 11.

351 422 422 481 tum
439 421 572 501 tempus
586 416 836 504 assipnanttum
851 418 893 485 sil
909 418 978 485 illis
994 418 1054 503 qui
1069 416 1250 485 intendunt
1264 418 1533 503 appellationem

349 540 564 624 interponere
588 543 639 607 oel
654 562 677 606 α
692 544 786 607 mala
809 542 975 609 relatione
1000 542 1277 609 examinatorum
1301 545 1353 607 ael
1378 542 1428 607 ab
1452 542 1535 605 irru-

351 664 503 731 tionabiti
532 665 659 733 iudicio
689 667 861 749 Episcopi.
891 666 951 733 iii.
975 668 1032 731 An
1062 672 1142 733 ante
1171 665 1427 733 concessionem
1461 665 1536 729 nori

350 792 529 866 examinis,
554 794 733 875 appellans
756 812 779 857 α
801 794 896 857 mala
918 794 1083 860 relatione
1106 793 1388 859 eaominatorum
1418 794 1474 857 vel
1497 790 1537 856 ab

349 917 579 983 irrationabili
602 917 727 983 iudicio
749 891 912 1001 Episcopi
934 918 971 982 in
994 938 1032 985 eo
1056 918 1148 1003 quael
1176 918 1292 984 attinet
1322 918 1370 983 ad
1407 918 1536 983 littera-

351 1048 475 1117 turam,
490 1044 608 1110 debeat
619 1044 845 1127 inposterum
857 1044 979 1111 docere
991 1044 1033 1110 cle
1047 1044 1251 1130 praaemine
1263 1063 1309 1109 ea
1324 1044 1415 1109 actis
1426 1042 1537 1125 primi

351 1188 545 1237 concursus.
558 1168 595 1232 in
611 1186 678 1251 quo
694 1173 765 1233 tam
781 1186 864 1232 suae
880 1186 985 1251 quam
1001 1168 1277 1234 concurrentium
1292 1165 1538 1249 responsiones

347 1290 492 1374 proprio
516 1291 713 1357 charactere
744 1310 817 1356 una
845 1310 922 1356 cum
951 1290 1167 1357 concionibus
1197 1290 1416 1373 conscriptae
1444 1288 1535 1353 inoe-

350 1414 496 1479 nientur.
515 1415 574 1479 IV.
592 1416 648 1479 An
664 1420 743 1481 ante
766 1414 1006 1497 appellationis
1029 1414 1271 1480 admissionem
1291 1413 1481 1495 appellans
1495 1409 1535 1475 ab

350 1538 580 1622 irrationabili
606 1538 733 1605 iudicio
756 1539 918 1621 Episcopi
941 1558 1012 1604 non
1034 1558 1080 1603 ea
1102 1538 1212 1621 capite
1235 1538 1457 1603 litteraturae
1479 1534 1535 1601 secl

351 1662 503 1728 aliarum
525 1662 728 1745 qualitatum
760 1666 915 1726 teneatur
938 1661 1060 1728 docem
1089 1662 1132 1725 de
1161 1660 1366 1747 praesumtae
1398 1664 1465 1723 aut
1493 1676 1534 1721 ao

351 1786 435 1851 actis
452 1785 562 1867 prinu
585 1804 770 1851 concursus
793 1790 853 1849 aut
876 1802 921 1849 eu
943 1784 1021 1851 otiis
1043 1783 1253 1851 docuruentis
1274 1786 1396 1849 saltem
1423 1787 1531 1847 catra-

350 1907 610 1975 iudicialibusab
633 1908 707 1990 ipso
731 1907 951 1991 euitibendis5
977 1944 994 1957 -
1020 1928 1210 1993 responsum
1233 1906 1368 1992 prodiit:

440 2032 491 2097 Ad
518 2033 575 2095 lum
599 2031 821 2115 affirmative,
841 2050 909 2113 per
931 2032 1073 2099 modum
1096 2030 1336 2097 instructionis.

440 2156 492 2221 Ao
518 2157 578 2221 21111
602 2157 684 2221 Esse
709 2156 976 2241 praefipenclum
1006 2162 1139 2239 tempus
1169 2156 1285 2222 decern
1316 2156 1460 2221 diernun
1489 2152 1534 2217 uti
1614 2216 1615 2219 ,

353 2280 609 2363 appellandurre.
1614 2278 1615 2281 ’

441 2404 491 2469 Ad
515 2406 575 2467 311111
599 2405 812 2489 Affirmatioe
844 2410 875 2470 et
905 2406 1069 2471 doceatur
1092 2404 1134 2470 oie
1159 2406 1379 2491 pronomine,
1406 2406 1462 2473 oel
1490 2420 1530 2469 ea

352 2526 481 2593 actibus
503 2526 728 2612 oripinalibus
748 2545 934 2593 concursus
957 2530 1008 2593 vel
1025 2526 1184 2611 crecopia
1208 2528 1403 2593 authentica
1430 2527 1528 2593 cotto-

353 2652 481 2717 tionota
504 2652 551 2715 acl
572 2651 725 2735 formam
748 2652 844 2717 iuris.

441 2775 492 2840 Ab
516 2778 575 2838 41111
599 2776 821 2859 Affirmatioe.

442 2899 539 2962 iuxta
566 2903 705 2964 mentem
731 2898 761 2963 S.
786 2897 1063 2983 congregationis,
1090 2900 1186 2965 Ciem.
1205 2900 1253 2965 XI
1280 2900 1528 2965 instructionem

352 3017 403 3082 edi
427 3020 526 3094 iussit,
551 3022 642 3085 cuius
665 3027 780 3086 auctor
803 3022 911 3087 iuerat
928 3022 1020 3088 Cocd.
1040 3023 1239 3088 Lembectini
1263 3043 1336 3088 oum
1359 3021 1530 3087 aseoretis

353 3148 438 3209 esset
461 3146 492 3208 S.
517 3144 616 3229 Cong.
635 3144 778 3226 Consilii,
799 3148 853 3229 qui
878 3146 1058 3211 Cardinaiis
1081 3166 1154 3210 oum
1177 3146 1218 3211 ad
1242 3164 1393 3231 suprema
1415 3144 1526 3233 guber-

352 3268 470 3334 nacula
483 3269 653 3333 tractando
667 3272 813 3342 occessit,
830 3272 960 3335 nomine
975 3276 1138 3356 assumpto
1152 3271 1325 3338 Benedicti
1336 3270 1435 3344 XIV,
1455 3270 1528 3335 Con·
1612 3286 1613 3297 ²

353 3399 548 3462 stitutionem
579 3396 677 3461 eiiitiit
704 3395 789 3461 Cum
811 3397 919 3479 illucl;
945 3434 962 3445 -
988 3403 1020 3461 et
1049 3398 1132 3461 haec
1156 3397 1349 3463 documenta
1379 3393 1527 3483 suppedi·

353 3528 458 3586 tamus
481 3524 513 3585 in
537 3522 734 3607 Appentiice.
761 3521 809 3588 cf.
835 3523 1030 3609 Allepatum
1053 3524 1120 3588 iii.

443 3644 598 3709 Iudicium
623 3646 773 3729 Episcopi
797 3648 831 3709 in
856 3644 1003 3729 eligendo
1028 3646 1183 3731 digniore,
1209 3652 1241 3710 el
1265 3646 1378 3710 relatio
1403 3642 1527 3709 Exami-

353 3773 502 3832 natorum
526 3768 560 3829 in
584 3765 813 3830 renunciandis
837 3766 1143 3850 app1·obatis‚debet
1166 3768 1293 3832 versari
1318 3787 1383 3831 non
1407 3774 1524 3833 lantum

354 3894 443 3958 circa
466 3892 637 3975 qualitates
652 3892 802 3963 morales,
819 3892 960 3956 exclusis
977 3892 1101 3956 meritis
1117 3892 1295 3965 litterariis,
1313 3912 1419 3976 nequo
1435 3890 1524 3957 verso

353 4020 443 4094 sice;
467 4018 523 4083 sed
555 4018 724 4101 qualitates
756 4020 826 4080 tum
857 4016 998 4080 morales
1027 4021 1095 4082 luni
1124 4017 1303 4083 litterariae
1327 4016 1524 4083 cumulatise
1611 4064 1612 4079 ,

354 4148 429 4210 sunt
458 4141 724 4228 perpendendae:
753 4162 846 4205 secus
877 4141 1034 4207 nullitatis
1062 4143 1140 4207 viiio
1169 4142 1319 4209 laborant
1348 4139 1522 4209 huiusmodi

353 4264 506 4331 iudicium
533 4271 566 4330 el
582 4265 719 4345 noiolio,
742 4263 850 4349 prouti
881 4263 998 4329 millies
1029 4264 1175 4331 decrevit
1198 4266 1230 4331 S.
1256 4267 1355 4351 Cong.
1380 4262 1521 4331 Consilii:

356 4387 397 4452 cf.
424 4387 599 4467 Paliollini²
624 4404 678 4469 op.
703 4385 767 4461 eit,
791 4386 855 4451 vol.
882 4384 936 4461 Vi,
958 4404 1040 4471 pap.
1066 4386 1148 4451 562.
