<?xml version="1.0" encoding="UTF-8"?>
<!DOCTYPE html PUBLIC "-//W3C//DTD XHTML 1.0 Transitional//EN"
    "http://www.w3.org/TR/xhtml1/DTD/xhtml1-transitional.dtd">
<html xmlns="http://www.w3.org/1999/xhtml" xml:lang="en" lang="en">
 <head>
  <title>
</title>
<meta http-equiv="Content-Type" content="text/html;charset=utf-8" />
  <meta name='ocr-system' content='tesseract 3.04.00' />
  <meta name='ocr-capabilities' content='ocr_page ocr_carea ocr_par ocr_line ocrx_word'/>
</head>
<body>
  <div class='ocr_page' id='page_1' title='image "./praelectionesin03legagoog_0363.png"; bbox 0 0 3292 5109; ppageno 0'>
   <div class='ocr_carea' id='block_1_1' title="bbox 509 284 1363 355">
    <p class='ocr_par' dir='ltr' id='par_1_1' title="bbox 509 284 1363 355">
     <span class='ocr_line' id='line_1_1' title="bbox 509 284 1363 355; baseline -0.004 -3"><span class='ocrx_word' id='word_1_1' title='bbox 509 306 554 352; x_wconf 83' lang='lat' dir='ltr'>nn</span> <span class='ocrx_word' id='word_1_2' title='bbox 577 304 718 355; x_wconf 86' lang='lat' dir='ltr'>mmons</span> <span class='ocrx_word' id='word_1_3' title='bbox 742 306 1008 354; x_wconf 76' lang='lat' dir='ltr'>nconnsmsmus</span> <span class='ocrx_word' id='word_1_4' title='bbox 1296 284 1363 350; x_wconf 87' lang='grc'>359</span> 
     </span>
    </p>
   </div>
   <div class='ocr_carea' id='block_1_2' title="bbox 179 430 1363 517">
    <p class='ocr_par' dir='ltr' id='par_1_2' title="bbox 179 430 1363 517">
     <span class='ocr_line' id='line_1_2' title="bbox 179 430 1363 517; baseline 0.003 -25"><span class='ocrx_word' id='word_1_5' title='bbox 179 448 260 493; x_wconf 80' lang='lat' dir='ltr'>rans</span> <span class='ocrx_word' id='word_1_6' title='bbox 283 430 316 493; x_wconf 94' lang='lat' dir='ltr'>in</span> <span class='ocrx_word' id='word_1_7' title='bbox 339 448 378 495; x_wconf 92' lang='lat' dir='ltr'>eo</span> <span class='ocrx_word' id='word_1_8' title='bbox 402 450 499 495; x_wconf 83' lang='lat' dir='ltr'>sensu</span> <span class='ocrx_word' id='word_1_9' title='bbox 515 431 677 517; x_wconf 89' lang='lat' dir='ltr'>explicato</span> <span class='ocrx_word' id='word_1_10' title='bbox 693 450 753 516; x_wconf 88' lang='lat' dir='ltr'>per</span> <span class='ocrx_word' id='word_1_11' title='bbox 768 432 1083 516; x_wconf 74' lang='lat' dir='ltr'>interpretationem,</span> <span class='ocrx_word' id='word_1_12' title='bbox 1098 430 1186 497; x_wconf 86' lang='lat' dir='ltr'>hanc</span> <span class='ocrx_word' id='word_1_13' title='bbox 1209 431 1363 517; x_wconf 85' lang='lat' dir='ltr'>ignorans</span> 
     </span>
    </p>
   </div>
   <div class='ocr_carea' id='block_1_3' title="bbox 179 536 1364 641">
    <p class='ocr_par' dir='ltr' id='par_1_3' title="bbox 179 536 1364 641">
     <span class='ocr_line' id='line_1_3' title="bbox 179 536 1364 641; baseline 0.001 -21"><span class='ocrx_word' id='word_1_14' title='bbox 179 536 397 620; x_wconf 85' lang='lat' dir='ltr'>excusatura</span> <span class='ocrx_word' id='word_1_15' title='bbox 418 574 524 640; x_wconf 88' lang='lat' dir='ltr'>poena</span> <span class='ocrx_word' id='word_1_16' title='bbox 545 559 620 621; x_wconf 88' lang='grc'>313</span> <span class='ocrx_word' id='word_1_17' title='bbox 642 556 745 641; x_wconf 90' lang='lat' dir='ltr'>culpa.</span> <span class='ocrx_word' id='word_1_18' title='bbox 765 590 783 605; x_wconf 90' lang='lat'><strong>·</strong></span> <span class='ocrx_word' id='word_1_19' title='bbox 805 555 1019 623; x_wconf 85' lang='lat' dir='ltr'>Nihilominus</span> <span class='ocrx_word' id='word_1_20' title='bbox 1042 557 1103 620; x_wconf 91' lang='lat' dir='ltr'>iste</span> <span class='ocrx_word' id='word_1_21' title='bbox 1118 555 1259 621; x_wconf 84' lang='lat' dir='ltr'>incurrit</span> <span class='ocrx_word' id='word_1_22' title='bbox 1283 555 1364 621; x_wconf 90' lang='lat' dir='ltr'>alios</span> 
     </span>
    </p>
   </div>
   <div class='ocr_carea' id='block_1_4' title="bbox 171 675 1391 4501">
    <p class='ocr_par' dir='ltr' id='par_1_4' title="bbox 173 675 1363 2502">
     <span class='ocr_line' id='line_1_4' title="bbox 180 675 1363 766; baseline -0.002 -21"><span class='ocrx_word' id='word_1_23' title='bbox 180 675 312 745; x_wconf 85' lang='lat' dir='ltr'>effectus</span> <span class='ocrx_word' id='word_1_24' title='bbox 335 679 488 747; x_wconf 89' lang='lat' dir='ltr'>iuridicos</span> <span class='ocrx_word' id='word_1_25' title='bbox 507 699 624 766; x_wconf 85' lang='lat' dir='ltr'>nempe</span> <span class='ocrx_word' id='word_1_26' title='bbox 644 700 735 765; x_wconf 77' lang='lat' dir='ltr'>pure</span> <span class='ocrx_word' id='word_1_27' title='bbox 751 680 874 755; x_wconf 81' lang='grc'>3131133,</span> <span class='ocrx_word' id='word_1_28' title='bbox 891 683 946 766; x_wconf 89' lang='grc'>331</span> <span class='ocrx_word' id='word_1_29' title='bbox 963 680 1126 747; x_wconf 89' lang='lat' dir='ltr'>habentur</span> <span class='ocrx_word' id='word_1_30' title='bbox 1141 681 1176 747; x_wconf 87' lang='lat' dir='ltr'>oi</span> <span class='ocrx_word' id='word_1_31' title='bbox 1192 679 1284 765; x_wconf 76' lang='lat' dir='ltr'>lepis,</span> <span class='ocrx_word' id='word_1_32' title='bbox 1303 680 1363 745; x_wconf 90' lang='lat' dir='ltr'>etsi</span> 
     </span>
     <span class='ocr_line' id='line_1_5' title="bbox 179 804 1361 891; baseline 0.003 -23"><span class='ocrx_word' id='word_1_33' title='bbox 179 805 404 891; x_wconf 77' lang='lat' dir='ltr'>interpretatio</span> <span class='ocrx_word' id='word_1_34' title='bbox 419 810 530 891; x_wconf 89' lang='lat' dir='ltr'>postea</span> <span class='ocrx_word' id='word_1_35' title='bbox 545 807 721 873; x_wconf 89' lang='lat' dir='ltr'>accesserit</span> <span class='ocrx_word' id='word_1_36' title='bbox 736 807 827 871; x_wconf 89' lang='lat' dir='ltr'>iuxta</span> <span class='ocrx_word' id='word_1_37' title='bbox 842 808 1038 873; x_wconf 83' lang='lat' dir='ltr'>sententiam</span> <span class='ocrx_word' id='word_1_38' title='bbox 1054 805 1209 871; x_wconf 80' lang='lat' dir='ltr'>Novellae</span> <span class='ocrx_word' id='word_1_39' title='bbox 1227 839 1245 853; x_wconf 94' lang='lat'>-</span> <span class='ocrx_word' id='word_1_40' title='bbox 1261 804 1327 871; x_wconf 82' lang='lat'>145</span> <span class='ocrx_word' id='word_1_41' title='bbox 1343 840 1361 852; x_wconf 96' lang='lat'><em>-</em></span> 
     </span>
     <span class='ocr_line' id='line_1_6' title="bbox 179 929 1362 1017; baseline 0.003 -25"><span class='ocrx_word' id='word_1_42' title='bbox 179 948 260 1012; x_wconf 90' lang='lat' dir='ltr'>quae</span> <span class='ocrx_word' id='word_1_43' title='bbox 284 929 419 1013; x_wconf 90' lang='lat' dir='ltr'>loquens</span> <span class='ocrx_word' id='word_1_44' title='bbox 441 930 481 996; x_wconf 94' lang='lat' dir='ltr'>de</span> <span class='ocrx_word' id='word_1_45' title='bbox 504 931 612 1017; x_wconf 84' lang='lat' dir='ltr'>legum</span> <span class='ocrx_word' id='word_1_46' title='bbox 628 932 899 1017; x_wconf 80' lang='lat' dir='ltr'>interpretatione</span> <span class='ocrx_word' id='word_1_47' title='bbox 919 931 1065 998; x_wconf 87' lang='lat' dir='ltr'>declarat</span> <span class='ocrx_word' id='word_1_48' title='bbox 1091 935 1233 1016; x_wconf 67' lang='lat' dir='ltr'>dquam</span> <span class='ocrx_word' id='word_1_49' title='bbox 1255 929 1362 995; x_wconf 86' lang='lat' dir='ltr'>inter·</span> 
     </span>
     <span class='ocr_line' id='line_1_7' title="bbox 173 1047 1360 1139; baseline 0 -21"><span class='ocrx_word' id='word_1_50' title='bbox 173 1054 402 1136; x_wconf 83' lang='lat' dir='ltr'>pretationem</span> <span class='ocrx_word' id='word_1_51' title='bbox 424 1075 495 1122; x_wconf 89' lang='lat' dir='ltr'>non</span> <span class='ocrx_word' id='word_1_52' title='bbox 523 1057 560 1121; x_wconf 85' lang='lat' dir='ltr'>tn</span> <span class='ocrx_word' id='word_1_53' title='bbox 588 1054 718 1139; x_wconf 75' lang='lat' dir='ltr'>suturis</span> <span class='ocrx_word' id='word_1_54' title='bbox 748 1058 985 1123; x_wconf 85' lang='lat' dir='ltr'>tantummodo</span> <span class='ocrx_word' id='word_1_55' title='bbox 1017 1054 1151 1123; x_wconf 81' lang='lat' dir='ltr'>casibus</span> <span class='ocrx_word' id='word_1_56' title='bbox 1177 1047 1360 1121; x_wconf 75' lang='lat' dir='ltr'>nnumin</span> 
     </span>
     <span class='ocr_line' id='line_1_8' title="bbox 174 1176 1361 1266; baseline 0 -21"><span class='ocrx_word' id='word_1_57' title='bbox 174 1180 370 1263; x_wconf 71' lang='lat' dir='ltr'>praeteritis</span> <span class='ocrx_word' id='word_1_58' title='bbox 392 1181 493 1247; x_wconf 85' lang='lat' dir='ltr'>etiam</span> <span class='ocrx_word' id='word_1_59' title='bbox 516 1182 632 1248; x_wconf 85' lang='lat' dir='ltr'>valere</span> <span class='ocrx_word' id='word_1_60' title='bbox 654 1182 838 1255; x_wconf 67' lang='lat' dir='ltr'>sanamus,</span> <span class='ocrx_word' id='word_1_61' title='bbox 857 1187 1033 1266; x_wconf 82' lang='lat' dir='ltr'>tamquam</span> <span class='ocrx_word' id='word_1_62' title='bbox 1055 1182 1085 1247; x_wconf 83' lang='lat' dir='ltr'>si</span> <span class='ocrx_word' id='word_1_63' title='bbox 1107 1185 1227 1247; x_wconf 84' lang='lat' dir='ltr'>nostra</span> <span class='ocrx_word' id='word_1_64' title='bbox 1244 1180 1301 1244; x_wconf 80' lang='lat' dir='ltr'>tem</span> <span class='ocrx_word' id='word_1_65' title='bbox 1317 1176 1361 1245; x_wconf 86' lang='lat' dir='ltr'>ab</span> 
     </span>
     <span class='ocr_line' id='line_1_9' title="bbox 178 1301 1358 1391; baseline 0 -25"><span class='ocrx_word' id='word_1_66' title='bbox 178 1301 274 1368; x_wconf 85' lang='lat' dir='ltr'>initio</span> <span class='ocrx_word' id='word_1_67' title='bbox 299 1322 376 1370; x_wconf 87' lang='lat' dir='ltr'>cum</span> <span class='ocrx_word' id='word_1_68' title='bbox 399 1302 678 1386; x_wconf 66' lang='lat' dir='ltr'>interpretatione</span> <span class='ocrx_word' id='word_1_69' title='bbox 705 1305 766 1369; x_wconf 86' lang='lat' dir='ltr'>tati</span> <span class='ocrx_word' id='word_1_70' title='bbox 788 1323 811 1370; x_wconf 95' lang='lat' dir='ltr'>a</span> <span class='ocrx_word' id='word_1_71' title='bbox 836 1304 933 1371; x_wconf 71' lang='lat' dir='ltr'>nobis</span> <span class='ocrx_word' id='word_1_72' title='bbox 951 1306 1176 1391; x_wconf 80' lang='lat' dir='ltr'>promatqata</span> <span class='ocrx_word' id='word_1_73' title='bbox 1198 1303 1267 1387; x_wconf 84' lang='lat' dir='ltr'>snit</span> <span class='ocrx_word' id='word_1_74' title='bbox 1282 1324 1314 1366; x_wconf 72' lang='grc'>3.</span> <span class='ocrx_word' id='word_1_75' title='bbox 1340 1336 1358 1350; x_wconf 92' lang='grc'><strong>-</strong></span> 
     </span>
     <span class='ocr_line' id='line_1_10' title="bbox 180 1425 1360 1515; baseline 0 -25"><span class='ocrx_word' id='word_1_76' title='bbox 180 1426 291 1510; x_wconf 89' lang='grc'>113333</span> <span class='ocrx_word' id='word_1_77' title='bbox 321 1427 391 1491; x_wconf 83' lang='lat' dir='ltr'>sive</span> <span class='ocrx_word' id='word_1_78' title='bbox 421 1428 705 1511; x_wconf 81' lang='lat' dir='ltr'>interpretationes</span> <span class='ocrx_word' id='word_1_79' title='bbox 736 1425 815 1493; x_wconf 87' lang='lat' dir='ltr'>fiant</span> <span class='ocrx_word' id='word_1_80' title='bbox 846 1448 866 1492; x_wconf 92' lang='lat' dir='ltr'>a</span> <span class='ocrx_word' id='word_1_81' title='bbox 893 1428 926 1494; x_wconf 91' lang='lat' dir='ltr'>S.</span> <span class='ocrx_word' id='word_1_82' title='bbox 960 1427 1270 1515; x_wconf 85' lang='lat' dir='ltr'>Congregationibus</span> <span class='ocrx_word' id='word_1_83' title='bbox 1300 1446 1360 1512; x_wconf 89' lang='lat' dir='ltr'>per</span> 
     </span>
     <span class='ocr_line' id='line_1_11' title="bbox 178 1544 1359 1635; baseline -0.001 -24"><span class='ocrx_word' id='word_1_84' title='bbox 178 1549 404 1633; x_wconf 86' lang='lat' dir='ltr'>responsiones</span> <span class='ocrx_word' id='word_1_85' title='bbox 426 1548 466 1613; x_wconf 92' lang='lat' dir='ltr'>ad</span> <span class='ocrx_word' id='word_1_86' title='bbox 490 1547 586 1613; x_wconf 90' lang='lat' dir='ltr'>dubia</span> <span class='ocrx_word' id='word_1_87' title='bbox 609 1549 777 1635; x_wconf 87' lang='lat' dir='ltr'>generalia</span> <span class='ocrx_word' id='word_1_88' title='bbox 800 1549 901 1623; x_wconf 83' lang='lat' dir='ltr'>datas,</span> <span class='ocrx_word' id='word_1_89' title='bbox 926 1555 982 1615; x_wconf 90' lang='lat' dir='ltr'>aut</span> <span class='ocrx_word' id='word_1_90' title='bbox 1004 1568 1051 1616; x_wconf 79' lang='lat' dir='ltr'>em</span> <span class='ocrx_word' id='word_1_91' title='bbox 1077 1548 1203 1634; x_wconf 80' lang='lat' dir='ltr'>officio,</span> <span class='ocrx_word' id='word_1_92' title='bbox 1233 1552 1288 1613; x_wconf 90' lang='lat' dir='ltr'>aut</span> <span class='ocrx_word' id='word_1_93' title='bbox 1319 1544 1359 1610; x_wconf 90' lang='lat' dir='ltr'>ad</span> 
     </span>
     <span class='ocr_line' id='line_1_12' title="bbox 173 1674 1359 1761; baseline -0.002 -19"><span class='ocrx_word' id='word_1_94' title='bbox 173 1674 437 1758; x_wconf 79' lang='lat' dir='ltr'>postulationem</span> <span class='ocrx_word' id='word_1_95' title='bbox 470 1676 623 1750; x_wconf 87' lang='lat' dir='ltr'>alicuius,</span> <span class='ocrx_word' id='word_1_96' title='bbox 654 1677 723 1741; x_wconf 89' lang='lat' dir='ltr'>sive</span> <span class='ocrx_word' id='word_1_97' title='bbox 757 1676 797 1741; x_wconf 90' lang='lat' dir='ltr'>ad</span> <span class='ocrx_word' id='word_1_98' title='bbox 834 1676 964 1742; x_wconf 91' lang='lat' dir='ltr'>dubium</span> <span class='ocrx_word' id='word_1_99' title='bbox 999 1676 1197 1761; x_wconf 84' lang='lat' dir='ltr'>particulare</span> <span class='ocrx_word' id='word_1_100' title='bbox 1231 1675 1272 1740; x_wconf 88' lang='lat' dir='ltr'>ad</span> <span class='ocrx_word' id='word_1_101' title='bbox 1307 1676 1359 1740; x_wconf 92' lang='lat' dir='ltr'>in·</span> 
     </span>
     <span class='ocr_line' id='line_1_13' title="bbox 177 1799 1358 1887; baseline 0 -22"><span class='ocrx_word' id='word_1_102' title='bbox 177 1802 327 1865; x_wconf 86' lang='lat' dir='ltr'>stantiam</span> <span class='ocrx_word' id='word_1_103' title='bbox 350 1801 555 1887; x_wconf 88' lang='lat' dir='ltr'>particularis</span> <span class='ocrx_word' id='word_1_104' title='bbox 579 1801 820 1875; x_wconf 89' lang='lat' dir='ltr'>contendentis,</span> <span class='ocrx_word' id='word_1_105' title='bbox 846 1799 980 1867; x_wconf 88' lang='lat' dir='ltr'>effectus</span> <span class='ocrx_word' id='word_1_106' title='bbox 1004 1806 1053 1867; x_wconf 91' lang='lat' dir='ltr'>est</span> <span class='ocrx_word' id='word_1_107' title='bbox 1076 1806 1112 1866; x_wconf 92' lang='grc'>31</span> <span class='ocrx_word' id='word_1_108' title='bbox 1134 1800 1190 1865; x_wconf 90' lang='lat' dir='ltr'>lex</span> <span class='ocrx_word' id='word_1_109' title='bbox 1215 1800 1358 1866; x_wconf 82' lang='lat' dir='ltr'>anthen-</span> 
     </span>
     <span class='ocr_line' id='line_1_14' title="bbox 178 1920 1358 2011; baseline 0 -26"><span class='ocrx_word' id='word_1_110' title='bbox 178 1920 239 1991; x_wconf 85' lang='lat' dir='ltr'>tice</span> <span class='ocrx_word' id='word_1_111' title='bbox 262 1922 463 1999; x_wconf 86' lang='lat' dir='ltr'>declaretur,</span> <span class='ocrx_word' id='word_1_112' title='bbox 488 1925 664 2010; x_wconf 89' lang='lat' dir='ltr'>eademque</span> <span class='ocrx_word' id='word_1_113' title='bbox 687 1944 725 1991; x_wconf 88' lang='lat' dir='ltr'>eo</span> <span class='ocrx_word' id='word_1_114' title='bbox 749 1944 847 1991; x_wconf 91' lang='lat' dir='ltr'>sensu</span> <span class='ocrx_word' id='word_1_115' title='bbox 870 1926 981 2011; x_wconf 86' lang='lat' dir='ltr'>vigeat</span> <span class='ocrx_word' id='word_1_116' title='bbox 1011 1929 1044 1990; x_wconf 91' lang='lat' dir='ltr'>et</span> <span class='ocrx_word' id='word_1_117' title='bbox 1075 1922 1277 1989; x_wconf 88' lang='lat' dir='ltr'>observanda</span> <span class='ocrx_word' id='word_1_118' title='bbox 1300 1924 1358 1997; x_wconf 90' lang='lat' dir='ltr'>sit;</span> 
     </span>
     <span class='ocr_line' id='line_1_15' title="bbox 177 2046 1358 2135; baseline 0.001 -24"><span class='ocrx_word' id='word_1_119' title='bbox 177 2050 321 2131; x_wconf 87' lang='lat' dir='ltr'>quamvis</span> <span class='ocrx_word' id='word_1_120' title='bbox 336 2046 447 2115; x_wconf 85' lang='lat' dir='ltr'>fideles</span> <span class='ocrx_word' id='word_1_121' title='bbox 463 2069 498 2116; x_wconf 91' lang='lat' dir='ltr'>se</span> <span class='ocrx_word' id='word_1_122' title='bbox 514 2069 674 2115; x_wconf 83' lang='lat' dir='ltr'>excusare</span> <span class='ocrx_word' id='word_1_123' title='bbox 697 2051 821 2134; x_wconf 88' lang='lat' dir='ltr'>possint</span> <span class='ocrx_word' id='word_1_124' title='bbox 838 2070 858 2114; x_wconf 91' lang='lat' dir='ltr'>a</span> <span class='ocrx_word' id='word_1_125' title='bbox 873 2050 968 2135; x_wconf 92' lang='lat' dir='ltr'>culpa</span> <span class='ocrx_word' id='word_1_126' title='bbox 984 2054 1017 2115; x_wconf 92' lang='lat' dir='ltr'>et</span> <span class='ocrx_word' id='word_1_127' title='bbox 1031 2069 1052 2113; x_wconf 89' lang='lat' dir='ltr'>a</span> <span class='ocrx_word' id='word_1_128' title='bbox 1066 2069 1171 2134; x_wconf 92' lang='lat' dir='ltr'>poena</span> <span class='ocrx_word' id='word_1_129' title='bbox 1192 2067 1358 2132; x_wconf 85' lang='lat' dir='ltr'>quousque</span> 
     </span>
     <span class='ocr_line' id='line_1_16' title="bbox 176 2172 1357 2261; baseline 0.001 -25"><span class='ocrx_word' id='word_1_130' title='bbox 176 2191 241 2237; x_wconf 91' lang='lat' dir='ltr'>non</span> <span class='ocrx_word' id='word_1_131' title='bbox 264 2178 372 2258; x_wconf 88' lang='lat' dir='ltr'>pateat</span> <span class='ocrx_word' id='word_1_132' title='bbox 394 2174 480 2259; x_wconf 88' lang='lat' dir='ltr'>ipsos</span> <span class='ocrx_word' id='word_1_133' title='bbox 502 2176 692 2261; x_wconf 80' lang='lat' dir='ltr'>cognouisse</span> <span class='ocrx_word' id='word_1_134' title='bbox 714 2176 1016 2261; x_wconf 85' lang='lat' dir='ltr'>interpretationem</span> <span class='ocrx_word' id='word_1_135' title='bbox 1032 2173 1073 2239; x_wconf 93' lang='lat' dir='ltr'>de</span> <span class='ocrx_word' id='word_1_136' title='bbox 1087 2172 1183 2238; x_wconf 92' lang='lat' dir='ltr'>dubia</span> <span class='ocrx_word' id='word_1_137' title='bbox 1202 2172 1276 2259; x_wconf 87' lang='lat' dir='ltr'>lege</span> <span class='ocrx_word' id='word_1_138' title='bbox 1291 2192 1357 2237; x_wconf 87' lang='lat' dir='ltr'>an-</span> 
     </span>
     <span class='ocr_line' id='line_1_17' title="bbox 178 2297 1355 2385; baseline 0.003 -24"><span class='ocrx_word' id='word_1_139' title='bbox 178 2297 318 2364; x_wconf 80' lang='lat' dir='ltr'>thentica</span> <span class='ocrx_word' id='word_1_140' title='bbox 342 2298 509 2367; x_wconf 86' lang='lat' dir='ltr'>redditam.</span> <span class='ocrx_word' id='word_1_141' title='bbox 529 2336 546 2349; x_wconf 92' lang='lat'>·</span> <span class='ocrx_word' id='word_1_142' title='bbox 564 2302 606 2366; x_wconf 88' lang='lat' dir='ltr'>Et</span> <span class='ocrx_word' id='word_1_143' title='bbox 621 2301 685 2367; x_wconf 90' lang='lat' dir='ltr'>hac</span> <span class='ocrx_word' id='word_1_144' title='bbox 699 2300 981 2367; x_wconf 84' lang='lat' dir='ltr'>animadversione</span> <span class='ocrx_word' id='word_1_145' title='bbox 998 2300 1213 2385; x_wconf 87' lang='lat' dir='ltr'>respondetur</span> <span class='ocrx_word' id='word_1_146' title='bbox 1232 2298 1355 2365; x_wconf 90' lang='lat' dir='ltr'>duabus</span> 
     </span>
     <span class='ocr_line' id='line_1_18' title="bbox 175 2420 971 2502; baseline 0.004 -19"><span class='ocrx_word' id='word_1_147' title='bbox 175 2420 345 2502; x_wconf 89' lang='lat' dir='ltr'>postremis</span> <span class='ocrx_word' id='word_1_148' title='bbox 368 2421 547 2488; x_wconf 87' lang='lat' dir='ltr'>rationibus</span> <span class='ocrx_word' id='word_1_149' title='bbox 571 2424 756 2489; x_wconf 83' lang='lat' dir='ltr'>contrariae</span> <span class='ocrx_word' id='word_1_150' title='bbox 780 2423 971 2488; x_wconf 87' lang='lat' dir='ltr'>sententiae.</span> 
     </span>
    </p>

    <p class='ocr_par' dir='ltr' id='par_1_5' title="bbox 171 2542 1391 4501">
     <span class='ocr_line' id='line_1_19' title="bbox 263 2542 1354 2631; baseline 0 -24"><span class='ocrx_word' id='word_1_151' title='bbox 263 2542 338 2608; x_wconf 79' lang='lat'><strong>292.</strong></span> <span class='ocrx_word' id='word_1_152' title='bbox 364 2542 530 2610; x_wconf 89' lang='lat' dir='ltr'>Sententia</span> <span class='ocrx_word' id='word_1_153' title='bbox 552 2564 631 2609; x_wconf 91' lang='lat' dir='ltr'>vero</span> <span class='ocrx_word' id='word_1_154' title='bbox 655 2564 736 2629; x_wconf 91' lang='lat' dir='ltr'>quae</span> <span class='ocrx_word' id='word_1_155' title='bbox 766 2551 873 2627; x_wconf 90' lang='lat' dir='ltr'>tenet,</span> <span class='ocrx_word' id='word_1_156' title='bbox 897 2545 1026 2631; x_wconf 88' lang='lat' dir='ltr'>plenam</span> <span class='ocrx_word' id='word_1_157' title='bbox 1049 2544 1115 2607; x_wconf 88' lang='lat' dir='ltr'>vim</span> <span class='ocrx_word' id='word_1_158' title='bbox 1144 2542 1227 2628; x_wconf 79' lang='lat' dir='ltr'>legis</span> <span class='ocrx_word' id='word_1_159' title='bbox 1258 2562 1354 2607; x_wconf 89' lang='lat' dir='ltr'>reco-</span> 
     </span>
     <span class='ocr_line' id='line_1_20' title="bbox 174 2666 1354 2755; baseline 0.004 -23"><span class='ocrx_word' id='word_1_160' title='bbox 174 2666 390 2752; x_wconf 82' lang='lat' dir='ltr'>gnosoendam</span> <span class='ocrx_word' id='word_1_161' title='bbox 410 2687 482 2734; x_wconf 90' lang='lat' dir='ltr'>esse</span> <span class='ocrx_word' id='word_1_162' title='bbox 496 2667 816 2755; x_wconf 83' lang='lat' dir='ltr'>interpretationibus</span> <span class='ocrx_word' id='word_1_163' title='bbox 833 2689 894 2755; x_wconf 90' lang='lat' dir='ltr'>per</span> <span class='ocrx_word' id='word_1_164' title='bbox 909 2670 941 2736; x_wconf 90' lang='lat' dir='ltr'>S.</span> <span class='ocrx_word' id='word_1_165' title='bbox 960 2668 1236 2754; x_wconf 84' lang='lat' dir='ltr'>Congregationes</span> <span class='ocrx_word' id='word_1_166' title='bbox 1251 2666 1354 2737; x_wconf 82' lang='lat' dir='ltr'>editis.</span> 
     </span>
     <span class='ocr_line' id='line_1_21' title="bbox 174 2795 1355 2882; baseline 0.003 -25"><span class='ocrx_word' id='word_1_167' title='bbox 174 2812 239 2857; x_wconf 92' lang='lat' dir='ltr'>non</span> <span class='ocrx_word' id='word_1_168' title='bbox 262 2795 364 2860; x_wconf 90' lang='lat' dir='ltr'>solum</span> <span class='ocrx_word' id='word_1_169' title='bbox 389 2800 437 2860; x_wconf 92' lang='lat' dir='ltr'>est</span> <span class='ocrx_word' id='word_1_170' title='bbox 459 2796 600 2861; x_wconf 88' lang='lat' dir='ltr'>tenenda</span> <span class='ocrx_word' id='word_1_171' title='bbox 623 2800 731 2881; x_wconf 89' lang='lat' dir='ltr'>utpote</span> <span class='ocrx_word' id='word_1_172' title='bbox 753 2803 854 2878; x_wconf 88' lang='lat' dir='ltr'>certa,</span> <span class='ocrx_word' id='word_1_173' title='bbox 880 2795 936 2861; x_wconf 88' lang='lat' dir='ltr'>sed</span> <span class='ocrx_word' id='word_1_174' title='bbox 959 2801 1132 2882; x_wconf 89' lang='lat' dir='ltr'>praeterea</span> <span class='ocrx_word' id='word_1_175' title='bbox 1159 2796 1355 2881; x_wconf 84' lang='lat' dir='ltr'>expolienda</span> 
     </span>
     <span class='ocr_line' id='line_1_22' title="bbox 173 2919 1354 3005; baseline 0.001 -22"><span class='ocrx_word' id='word_1_176' title='bbox 173 2924 222 2984; x_wconf 90' lang='lat' dir='ltr'>est</span> <span class='ocrx_word' id='word_1_177' title='bbox 251 2920 314 2985; x_wconf 91' lang='lat' dir='ltr'>illis</span> <span class='ocrx_word' id='word_1_178' title='bbox 344 2919 447 2985; x_wconf 88' lang='lat' dir='ltr'>tribus</span> <span class='ocrx_word' id='word_1_179' title='bbox 478 2919 660 2986; x_wconf 89' lang='lat' dir='ltr'>celebribus</span> <span class='ocrx_word' id='word_1_180' title='bbox 692 2920 929 2988; x_wconf 90' lang='lat' dir='ltr'>conditionibus</span> <span class='ocrx_word' id='word_1_181' title='bbox 961 2919 1075 3005; x_wconf 92' lang='lat' dir='ltr'>quibus</span> <span class='ocrx_word' id='word_1_182' title='bbox 1098 2920 1242 2985; x_wconf 84' lang='lat' dir='ltr'>subiecta</span> <span class='ocrx_word' id='word_1_183' title='bbox 1274 2920 1354 2993; x_wconf 85' lang='grc'>1311,</span> 
     </span>
     <span class='ocr_line' id='line_1_23' title="bbox 174 3044 1353 3131; baseline 0 -23"><span class='ocrx_word' id='word_1_184' title='bbox 174 3063 319 3129; x_wconf 88' lang='grc'>3333333</span> <span class='ocrx_word' id='word_1_185' title='bbox 333 3044 429 3111; x_wconf 91' lang='lat' dir='ltr'>hodie</span> <span class='ocrx_word' id='word_1_186' title='bbox 452 3049 570 3131; x_wconf 89' lang='lat' dir='ltr'>passim</span> <span class='ocrx_word' id='word_1_187' title='bbox 585 3046 691 3111; x_wconf 90' lang='lat' dir='ltr'>adhuc</span> <span class='ocrx_word' id='word_1_188' title='bbox 714 3052 908 3131; x_wconf 85' lang='lat' dir='ltr'>repetuntur</span> <span class='ocrx_word' id='word_1_189' title='bbox 923 3065 943 3110; x_wconf 92' lang='lat' dir='ltr'>a</span> <span class='ocrx_word' id='word_1_190' title='bbox 959 3045 1132 3131; x_wconf 85' lang='lat' dir='ltr'>Theologis</span> <span class='ocrx_word' id='word_1_191' title='bbox 1149 3045 1353 3129; x_wconf 89' lang='lat' dir='ltr'>praesertim,</span> 
     </span>
     <span class='ocr_line' id='line_1_24' title="bbox 173 3167 1354 3253; baseline -0.001 -20"><span class='ocrx_word' id='word_1_192' title='bbox 173 3169 220 3234; x_wconf 91' lang='grc'>311</span> <span class='ocrx_word' id='word_1_193' title='bbox 242 3167 363 3233; x_wconf 81' lang='lat' dir='ltr'>vedere</span> <span class='ocrx_word' id='word_1_194' title='bbox 393 3174 442 3235; x_wconf 92' lang='lat' dir='ltr'>est</span> <span class='ocrx_word' id='word_1_195' title='bbox 472 3167 555 3253; x_wconf 92' lang='lat' dir='ltr'>apud</span> <span class='ocrx_word' id='word_1_196' title='bbox 587 3168 789 3243; x_wconf 90' lang='lat' dir='ltr'>Lehmkuhi,</span> <span class='ocrx_word' id='word_1_197' title='bbox 815 3168 943 3244; x_wconf 64' lang='grc'>1204</span> <span class='ocrx_word' id='word_1_198' title='bbox 968 3203 986 3217; x_wconf 93' lang='grc'>-</span> <span class='ocrx_word' id='word_1_199' title='bbox 1016 3168 1275 3253; x_wconf 84' lang='lat' dir='ltr'>expostulantem</span> <span class='ocrx_word' id='word_1_200' title='bbox 1304 3168 1354 3233; x_wconf 92' lang='lat' dir='ltr'>ni-</span> 
     </span>
     <span class='ocr_line' id='line_1_25' title="bbox 173 3292 1355 3383; baseline 0.002 -27"><span class='ocrx_word' id='word_1_201' title='bbox 173 3292 290 3357; x_wconf 90' lang='lat' dir='ltr'>mirum</span> <span class='ocrx_word' id='word_1_202' title='bbox 314 3292 398 3376; x_wconf 93' lang='lat' dir='ltr'>quod</span> <span class='ocrx_word' id='word_1_203' title='bbox 421 3294 502 3359; x_wconf 88' lang='lat' dir='ltr'>istae</span> <span class='ocrx_word' id='word_1_204' title='bbox 518 3293 654 3359; x_wconf 89' lang='lat' dir='ltr'>edantur</span> <span class='ocrx_word' id='word_1_205' title='bbox 671 3328 689 3343; x_wconf 91' lang='lat'>·</span> <span class='ocrx_word' id='word_1_206' title='bbox 706 3294 809 3377; x_wconf 86' lang='lat' dir='ltr'>Papa</span> <span class='ocrx_word' id='word_1_207' title='bbox 825 3295 987 3369; x_wconf 82' lang='lat' dir='ltr'>consulto,</span> <span class='ocrx_word' id='word_1_208' title='bbox 1001 3313 1023 3358; x_wconf 90' lang='lat' dir='ltr'>a</span> <span class='ocrx_word' id='word_1_209' title='bbox 1042 3293 1227 3359; x_wconf 83' lang='lat' dir='ltr'>Cardinate</span> <span class='ocrx_word' id='word_1_210' title='bbox 1241 3293 1355 3383; x_wconf 74' lang='lat' dir='ltr'>Prae-</span> 
     </span>
     <span class='ocr_line' id='line_1_26' title="bbox 172 3414 1352 3505; baseline 0 -22"><span class='ocrx_word' id='word_1_211' title='bbox 172 3415 259 3499; x_wconf 81' lang='lat' dir='ltr'>fecto</span> <span class='ocrx_word' id='word_1_212' title='bbox 283 3414 494 3500; x_wconf 70' lang='lat' dir='ltr'>subsctiptae</span> <span class='ocrx_word' id='word_1_213' title='bbox 508 3422 541 3483; x_wconf 87' lang='lat' dir='ltr'>et</span> <span class='ocrx_word' id='word_1_214' title='bbox 555 3424 712 3485; x_wconf 83' lang='lat' dir='ltr'>consueto</span> <span class='ocrx_word' id='word_1_215' title='bbox 732 3418 1017 3505; x_wconf 78' lang='lat' dir='ltr'>Conpreqationis</span> <span class='ocrx_word' id='word_1_216' title='bbox 1033 3418 1142 3503; x_wconf 79' lang='lat' dir='ltr'>siqitto</span> <span class='ocrx_word' id='word_1_217' title='bbox 1160 3418 1320 3484; x_wconf 83' lang='lat' dir='ltr'>munitae.</span> <span class='ocrx_word' id='word_1_218' title='bbox 1334 3451 1352 3465; x_wconf 93' lang='lat'>-</span> 
     </span>
     <span class='ocr_line' id='line_1_27' title="bbox 173 3539 1391 3628; baseline 0.001 -23"><span class='ocrx_word' id='word_1_219' title='bbox 173 3540 254 3605; x_wconf 89' lang='lat' dir='ltr'>Nam</span> <span class='ocrx_word' id='word_1_220' title='bbox 278 3539 544 3627; x_wconf 87' lang='lat' dir='ltr'>subscriptionem</span> <span class='ocrx_word' id='word_1_221' title='bbox 561 3547 594 3607; x_wconf 91' lang='lat' dir='ltr'>et</span> <span class='ocrx_word' id='word_1_222' title='bbox 608 3543 747 3628; x_wconf 82' lang='lat' dir='ltr'>sigillum</span> <span class='ocrx_word' id='word_1_223' title='bbox 773 3542 856 3627; x_wconf 91' lang='lat' dir='ltr'>quod</span> <span class='ocrx_word' id='word_1_224' title='bbox 880 3544 1003 3616; x_wconf 87' lang='lat' dir='ltr'>attinet,</span> <span class='ocrx_word' id='word_1_225' title='bbox 1022 3544 1082 3607; x_wconf 88' lang='lat' dir='ltr'>ista</span> <span class='ocrx_word' id='word_1_226' title='bbox 1105 3543 1353 3627; x_wconf 80' lang='lat' dir='ltr'>expostulentur</span> <span class='ocrx_word' id='word_1_227' title='bbox 1388 3594 1391 3599; x_wconf 94' lang='lat'><strong>.</strong></span> 
     </span>
     <span class='ocr_line' id='line_1_28' title="bbox 172 3663 1355 3753; baseline 0.002 -24"><span class='ocrx_word' id='word_1_228' title='bbox 172 3664 213 3731; x_wconf 88' lang='lat' dir='ltr'>ad</span> <span class='ocrx_word' id='word_1_229' title='bbox 237 3663 480 3752; x_wconf 85' lang='lat' dir='ltr'>significandam</span> <span class='ocrx_word' id='word_1_230' title='bbox 504 3667 782 3735; x_wconf 86' lang='lat' dir='ltr'>authenticitatem</span> <span class='ocrx_word' id='word_1_231' title='bbox 806 3675 953 3734; x_wconf 86' lang='lat' dir='ltr'>actorum</span> <span class='ocrx_word' id='word_1_232' title='bbox 977 3675 1010 3734; x_wconf 93' lang='lat' dir='ltr'>et</span> <span class='ocrx_word' id='word_1_233' title='bbox 1024 3688 1127 3753; x_wconf 87' lang='lat' dir='ltr'>aeque</span> <span class='ocrx_word' id='word_1_234' title='bbox 1143 3669 1355 3751; x_wconf 91' lang='lat' dir='ltr'>requiruntur</span> 
     </span>
     <span class='ocr_line' id='line_1_29' title="bbox 172 3789 1353 3877; baseline 0 -24"><span class='ocrx_word' id='word_1_235' title='bbox 172 3790 205 3853; x_wconf 92' lang='lat' dir='ltr'>in</span> <span class='ocrx_word' id='word_1_236' title='bbox 229 3807 432 3873; x_wconf 87' lang='lat' dir='ltr'>quocumque</span> <span class='ocrx_word' id='word_1_237' title='bbox 456 3792 633 3875; x_wconf 89' lang='lat' dir='ltr'>rescripto;</span> <span class='ocrx_word' id='word_1_238' title='bbox 656 3791 682 3856; x_wconf 91' lang='grc'>31</span> <span class='ocrx_word' id='word_1_239' title='bbox 706 3796 815 3856; x_wconf 89' lang='lat' dir='ltr'>tamen</span> <span class='ocrx_word' id='word_1_240' title='bbox 832 3792 976 3876; x_wconf 80' lang='lat' dir='ltr'>excipias</span> <span class='ocrx_word' id='word_1_241' title='bbox 992 3796 1064 3856; x_wconf 89' lang='lat' dir='ltr'>acta</span> <span class='ocrx_word' id='word_1_242' title='bbox 1083 3789 1115 3856; x_wconf 90' lang='lat' dir='ltr'>S.</span> <span class='ocrx_word' id='word_1_243' title='bbox 1133 3790 1233 3877; x_wconf 80' lang='lat' dir='ltr'>cong.</span> <span class='ocrx_word' id='word_1_244' title='bbox 1250 3791 1280 3857; x_wconf 92' lang='lat' dir='ltr'>S.</span> <span class='ocrx_word' id='word_1_245' title='bbox 1298 3790 1353 3856; x_wconf 86' lang='lat' dir='ltr'>Oi-</span> 
     </span>
     <span class='ocr_line' id='line_1_30' title="bbox 174 3907 1352 3995; baseline 0.003 -21"><span class='ocrx_word' id='word_1_246' title='bbox 174 3907 238 3976; x_wconf 87' lang='grc'>11311</span> <span class='ocrx_word' id='word_1_247' title='bbox 262 3930 344 3995; x_wconf 90' lang='lat' dir='ltr'>quae</span> <span class='ocrx_word' id='word_1_248' title='bbox 368 3911 615 3980; x_wconf 89' lang='lat' dir='ltr'>subscribuntur</span> <span class='ocrx_word' id='word_1_249' title='bbox 629 3918 755 3982; x_wconf 90' lang='lat' dir='ltr'>tantum</span> <span class='ocrx_word' id='word_1_250' title='bbox 779 3913 1151 3979; x_wconf 60' lang='grc'>311313313313104.</span> <span class='ocrx_word' id='word_1_251' title='bbox 1170 3950 1188 3962; x_wconf 96' lang='lat'><em>-</em></span> <span class='ocrx_word' id='word_1_252' title='bbox 1213 3914 1352 3981; x_wconf 75' lang='lat' dir='ltr'>Conant-</span> 
     </span>
     <span class='ocr_line' id='line_1_31' title="bbox 172 4034 1354 4124; baseline 0.003 -25"><span class='ocrx_word' id='word_1_253' title='bbox 172 4034 253 4103; x_wconf 86' lang='lat' dir='ltr'>tatio</span> <span class='ocrx_word' id='word_1_254' title='bbox 270 4055 351 4100; x_wconf 88' lang='lat' dir='ltr'>vero</span> <span class='ocrx_word' id='word_1_255' title='bbox 368 4037 487 4123; x_wconf 82' lang='lat' dir='ltr'>Papae,</span> <span class='ocrx_word' id='word_1_256' title='bbox 505 4038 550 4102; x_wconf 90' lang='grc'>311</span> <span class='ocrx_word' id='word_1_257' title='bbox 574 4038 807 4124; x_wconf 82' lang='lat' dir='ltr'>explicavimus</span> <span class='ocrx_word' id='word_1_258' title='bbox 831 4058 862 4102; x_wconf 94' lang='lat' dir='ltr'>n.</span> <span class='ocrx_word' id='word_1_259' title='bbox 881 4038 957 4111; x_wconf 84' lang='lat'>285,</span> <span class='ocrx_word' id='word_1_260' title='bbox 982 4038 1020 4104; x_wconf 87' lang='lat' dir='ltr'>in</span> <span class='ocrx_word' id='word_1_261' title='bbox 1041 4038 1159 4121; x_wconf 74' lang='lat' dir='ltr'>forma</span> <span class='ocrx_word' id='word_1_262' title='bbox 1182 4040 1354 4106; x_wconf 84' lang='lat' dir='ltr'>communi</span> 
     </span>
     <span class='ocr_line' id='line_1_32' title="bbox 173 4160 1353 4249; baseline 0.003 -24"><span class='ocrx_word' id='word_1_263' title='bbox 173 4160 260 4228; x_wconf 89' lang='lat' dir='ltr'>facta</span> <span class='ocrx_word' id='word_1_264' title='bbox 282 4166 390 4227; x_wconf 89' lang='lat' dir='ltr'>actum</span> <span class='ocrx_word' id='word_1_265' title='bbox 413 4162 566 4247; x_wconf 88' lang='lat' dir='ltr'>relinquit</span> <span class='ocrx_word' id='word_1_266' title='bbox 588 4164 621 4228; x_wconf 92' lang='lat' dir='ltr'>in</span> <span class='ocrx_word' id='word_1_267' title='bbox 644 4184 703 4229; x_wconf 90' lang='lat' dir='ltr'>suo</span> <span class='ocrx_word' id='word_1_268' title='bbox 719 4162 912 4249; x_wconf 84' lang='lat' dir='ltr'>primigenio</span> <span class='ocrx_word' id='word_1_269' title='bbox 927 4164 1052 4245; x_wconf 85' lang='lat' dir='ltr'>valore,</span> <span class='ocrx_word' id='word_1_270' title='bbox 1069 4166 1124 4249; x_wconf 92' lang='lat' dir='ltr'>qui</span> <span class='ocrx_word' id='word_1_271' title='bbox 1139 4163 1353 4231; x_wconf 91' lang='lat' dir='ltr'>desumendus</span> 
     </span>
     <span class='ocr_line' id='line_1_33' title="bbox 172 4284 1353 4373; baseline 0.004 -26"><span class='ocrx_word' id='word_1_272' title='bbox 172 4288 221 4348; x_wconf 89' lang='lat' dir='ltr'>est</span> <span class='ocrx_word' id='word_1_273' title='bbox 245 4304 287 4349; x_wconf 89' lang='lat' dir='ltr'>ex</span> <span class='ocrx_word' id='word_1_274' title='bbox 303 4290 461 4371; x_wconf 89' lang='lat' dir='ltr'>potestate</span> <span class='ocrx_word' id='word_1_275' title='bbox 478 4284 508 4350; x_wconf 90' lang='lat' dir='ltr'>S.</span> <span class='ocrx_word' id='word_1_276' title='bbox 528 4284 777 4373; x_wconf 76' lang='lat' dir='ltr'>congregationi</span> <span class='ocrx_word' id='word_1_277' title='bbox 802 4306 966 4352; x_wconf 90' lang='lat' dir='ltr'>concessa.</span> <span class='ocrx_word' id='word_1_278' title='bbox 984 4286 1094 4362; x_wconf 86' lang='lat' dir='ltr'>Quare</span> <span class='ocrx_word' id='word_1_279' title='bbox 1110 4288 1353 4353; x_wconf 87' lang='lat' dir='ltr'>consultationis</span> 
     </span>
     <span class='ocr_line' id='line_1_34' title="bbox 171 4410 1351 4501; baseline 0.005 -28"><span class='ocrx_word' id='word_1_280' title='bbox 171 4412 349 4478; x_wconf 88' lang='lat' dir='ltr'>necessitas</span> <span class='ocrx_word' id='word_1_281' title='bbox 372 4417 421 4477; x_wconf 91' lang='lat' dir='ltr'>est</span> <span class='ocrx_word' id='word_1_282' title='bbox 443 4412 589 4479; x_wconf 85' lang='lat' dir='ltr'>conditio</span> <span class='ocrx_word' id='word_1_283' title='bbox 613 4432 708 4497; x_wconf 92' lang='lat' dir='ltr'>quam</span> <span class='ocrx_word' id='word_1_284' title='bbox 732 4414 799 4499; x_wconf 89' lang='lat' dir='ltr'>ipse</span> <span class='ocrx_word' id='word_1_285' title='bbox 822 4410 912 4498; x_wconf 89' lang='lat' dir='ltr'>Papa</span> <span class='ocrx_word' id='word_1_286' title='bbox 935 4414 1080 4501; x_wconf 88' lang='lat' dir='ltr'>apponit,</span> <span class='ocrx_word' id='word_1_287' title='bbox 1106 4413 1307 4479; x_wconf 88' lang='lat' dir='ltr'>observanda</span> <span class='ocrx_word' id='word_1_288' title='bbox 1331 4435 1351 4479; x_wconf 91' lang='lat' dir='ltr'>a</span> 
     </span>
    </p>
   </div>
   <div class='ocr_carea' id='block_1_5' title="bbox 0 0 1650 5109">
    <p class='ocr_par' dir='ltr' id='par_1_6' title="bbox 0 0 1650 5109">
     <span class='ocr_line' id='line_1_35' title="bbox 0 0 1650 5109; baseline 0 2"><span class='ocrx_word' id='word_1_289' title='bbox 0 0 1650 5109; x_wconf 95' lang='lat' dir='ltr'> </span> 
     </span>
    </p>
   </div>
  </div>
 </body>
</html>
