3292 5109
259 286 326 355 332
786 306 871 354 enas
895 304 932 352 11.

259 428 334 495 tatis
358 430 391 493 in
414 430 511 496 tertio
534 433 566 493 et
590 432 705 514 quarto
729 430 833 515 gradu
855 434 980 496 tantum
1004 429 1168 516 dispensat
1194 428 1298 513 quoad
1320 426 1444 495 matri·

259 553 377 621 monia
399 553 470 619 iam
494 559 677 621 contracta.
705 556 747 620 la
775 556 925 622 secundo
956 556 1060 642 gradu
1091 554 1290 621 solummodo
1321 554 1443 641 poterit

259 675 447 763 dispensare
464 678 487 743 si
505 698 565 764 per
578 678 770 744 decennium
787 679 950 744 occultum
967 670 1163 745 remanserit
1177 678 1442 764 impedimentum

260 806 293 868 et
316 804 469 889 coniuges
500 804 628 888 publice
659 806 886 869 contraxerint
908 811 941 869 et
969 806 1185 870 convixeriut.
1210 804 1316 888 Super
1338 803 1442 888 impe-

260 926 401 993 dimento
425 930 553 995 occulto
578 928 731 995 criminis
746 929 935 1015 dispensare
949 935 1056 1015 potest
1076 936 1144 995 tum
1160 931 1193 993 in
1210 926 1442 994 contrahendis

261 1072 354 1136 quam
379 1057 411 1118 in
435 1057 611 1121 contractis
635 1057 864 1131 matrimoniis;
890 1054 1052 1122 difficilius
1081 1062 1190 1120 tamen
1221 1061 1254 1120 et
1283 1075 1361 1135 raro
1391 1053 1442 1119 di-

261 1188 391 1266 spensat
413 1182 439 1248 si
463 1181 605 1248 adfuerit
629 1184 780 1267 utrinque
805 1184 858 1248 vel
882 1204 925 1248 ex
948 1202 1013 1247 una
1035 1188 1128 1267 parte
1151 1182 1357 1246 machinatio.

351 1304 384 1391 4)
408 1304 453 1370 At
474 1307 555 1369 istae
579 1304 750 1371 facultates
782 1310 813 1370 et
844 1326 908 1370 non
940 1305 1031 1399 aliae!
1053 1310 1240 1391 competunt
1266 1305 1442 1369 Poeniten-

261 1428 376 1493 tiariae
407 1429 439 1491 in
470 1426 653 1492 dirimentia
681 1426 907 1512 impedimenta
931 1448 974 1493 ex
998 1429 1105 1495 Const.
1127 1429 1256 1494 Pastor
1278 1426 1395 1495 bonus.
1421 1462 1441 1475 -

263 1548 366 1613 Hodie
390 1553 497 1613 autom
520 1546 693 1632 ampliores
710 1549 738 1613 ei
756 1568 932 1614 concessae
947 1553 1022 1615 sunt
1039 1548 1210 1614 facultates
1233 1568 1279 1614 em
1300 1548 1441 1614 arcendo

261 1672 358 1737 uiuae
381 1672 471 1738 oecis
496 1672 613 1757 Papae,
639 1678 772 1756 praeter
796 1692 851 1737 eas
875 1673 904 1736 ei
928 1678 1155 1757 competentes,
1181 1671 1444 1736 extraordinaria

262 1805 427 1885 potestate,
452 1801 489 1865 in
510 1800 588 1884 foro
613 1807 754 1867 exterae
779 1800 882 1885 quoad
903 1820 1079 1884 pauperes
1100 1800 1159 1886 (l).

352 1925 385 2008 ὗ)
399 1926 451 1989 Ex
467 1926 560 2011 praxi
576 1924 849 1990 Poenitentiariae
867 1931 1034 2010 receptum
1050 1932 1099 1991 est
1114 1933 1150 1991 ut
1165 1928 1190 1991 si
1204 1926 1267 1991 duo
1279 1926 1332 1990 vel
1348 1926 1445 2012 plura

263 2054 464 2115 concurrant
480 2050 707 2135 impedimenta
723 2048 909 2115 dirimentia
925 2070 1061 2134 quorum
1083 2070 1181 2115 unum
1197 2050 1359 2134 publicum
1383 2054 1442 2131 est,

264 2171 400 2237 alterum
414 2192 493 2237 vero
511 2175 681 2243 occultum.
696 2174 779 2257 quod
796 2174 866 2237 sine
883 2174 1015 2237 infamia
1031 2174 1233 2238 manifestari
1247 2192 1313 2237 non
1329 2176 1442 2258 potest,

264 2296 314 2361 las
330 2304 379 2361 est
393 2300 516 2364 oratori
534 2303 645 2384 petere
661 2299 935 2382 dispensationem
951 2319 970 2362 a
986 2299 1119 2365 Dataria
1141 2318 1201 2383 pro
1217 2297 1290 2362 soro
1305 2301 1443 2363 externo

264 2443 361 2509 super
384 2424 511 2508 publico
535 2424 771 2507 impedimento,
788 2426 916 2489 reticito
940 2424 1084 2499 occulto;
1110 2423 1184 2488 dein
1201 2442 1299 2508 super
1314 2422 1443 2487 occultu

263 2570 284 2615 a
308 2549 562 2613 Poenitentiaria
585 2554 697 2632 petere
722 2548 1001 2634 dispensationem,
1027 2548 1239 2633 exprimendo
1262 2549 1358 2613 etiam
1381 2569 1444 2633 pu-

264 2673 382 2741 blicum
406 2676 439 2738 in
464 2674 595 2738 Dataria
617 2676 680 2739 iam
701 2674 918 2759 dispensatum
935 2682 969 2739 ut
984 2672 1243 2740 Poenitentiaria
1258 2673 1298 2737 ab
1315 2674 1444 2739 occulto

265 2800 428 2886 dispenset
463 2805 496 2865 et
529 2800 591 2864 iam
616 2799 777 2865 obtentam
807 2800 965 2865 revalidet
997 2799 1275 2883 dispensationem.
1301 2800 1345 2864 At
1377 2796 1444 2863 DD.

266 2926 358 2993 valde
383 2932 627 2991 controversam
644 2930 743 3011 agunt
759 2926 978 3009 quaestionem
1004 2925 1204 3009 inquirentes
1220 2945 1261 2988 au
1278 2926 1447 2989 contraria

265 3052 364 3138 possit
388 3052 462 3115 iniri
489 3052 548 3119 via,
573 3070 688 3134 nempe
712 3057 808 3115 antea
831 3049 979 3114 adeundo
1003 3050 1035 3115 S.
1051 3050 1339 3115 Poenitentiariam
1362 3068 1445 3132 quae

265 3176 428 3261 dispenset
450 3174 489 3239 ab
514 3174 656 3245 occulto,
682 3172 823 3238 nondum
847 3173 978 3237 obtenta
1000 3173 1238 3257 dispensatione
1261 3192 1360 3257 super
1386 3192 1446 3255 pu-

265 3296 349 3361 blico
374 3295 612 3380 impedimento.
628 3330 644 3343 -
664 3298 731 3360 Iam
757 3314 836 3359 vero
859 3294 963 3380 stylus
981 3295 1257 3359 Poenitentiariae
1279 3293 1448 3379 prospexit

165 3434 173 3457 ⁴
266 3419 341 3484 huic
358 3422 447 3485 casui
463 3418 673 3505 concipiendo
696 3419 822 3483 litteras
843 3420 1089 3504 dispensationis
1107 3439 1176 3502 pro
1204 3420 1445 3502 impedimento

267 3546 406 3627 occulto,
431 3544 640 3611 subordinate
671 3565 787 3630 nempe
814 3567 833 3607 ο
856 3546 890 3610 in
913 3565 991 3609 casu
1021 3544 1267 3629 dispensationis
1295 3543 1447 3610 obtentae

356 3788 395 3859 (l)
415 3788 468 3843 Sed
487 3786 560 3841 haud
583 3786 684 3841 inutile
704 3791 746 3841 eet
765 3802 878 3841 monera
896 3786 1025 3852 lectores,
1044 3787 1129 3841 etiam
1156 3790 1188 3839 ut
1209 3789 1304 3855 pateat
1324 3784 1448 3840 nativam

267 3898 434 3964 potestatem
449 3896 476 3949 in
489 3896 550 3950 foro
563 3900 679 3949 externo
693 3910 747 3949 non
767 3894 871 3950 habore
885 3894 1144 3959 Poenitentiariam,
1164 3910 1264 3962 nempe
1277 3892 1359 3949 hodie
1375 3894 1450 3947 inter

267 4002 382 4071 negotia
401 4018 473 4072 quae
491 4000 645 4070 respiciunt
664 4000 890 4053 reformationem
907 3999 1037 4053 Datariae
1056 3999 1158 4068 agitari
1177 4015 1288 4069 quoque
1306 3999 1449 4069 quaestio·

267 4124 340 4175 nem,
360 4109 490 4162 nimirum
510 4125 546 4162 an
565 4108 653 4161 satius
672 4106 709 4161 sit
727 4109 876 4162 restituere
896 4108 1026 4162 Datariae
1043 4108 1212 4178 privativam
1231 4106 1448 4176 competentiam

269 4230 318 4284 pro
337 4213 588 4283 dispensationibus
607 4212 860 4267 matrimonialibus
879 4214 907 4267 in
926 4216 987 4267 foro
1006 4218 1138 4278 extern03
1155 4212 1258 4282 quippo
1278 4212 1450 4266 cumulatim

267 4322 456 4390 competentia
473 4322 564 4391 quoad
579 4336 723 4389 pauperes
736 4318 832 4390 aliqua
843 4320 965 4375 faciliter
981 4319 1124 4390 progignit
1136 4319 1318 4373 incommoda
1332 4320 1370 4373 at
1382 4319 1449 4390 qnid

270 4438 367 4476 revera
386 4423 483 4477 utilius
502 4422 538 4475 sit
557 4421 684 4477 edocebit
703 4424 841 4493 sapientia
859 4424 886 4477 S.
905 4424 991 4479 Sedis
