3292 5109
281 307 350 385 532

376 450 415 503 De
429 449 455 502 vi
469 466 551 519 quam
568 448 673 502 habent
692 447 786 516 legum
806 449 849 503 in-

286 521 520 590 terpraetationes
533 537 601 589 quas
612 520 694 574 edunt
704 527 768 574 ecta
777 519 850 575 Con·

283 595 489 664 gregationum,
508 608 571 660 pag.
590 590 643 644 353
662 597 691 645 et
710 609 793 662 seq.-
805 592 846 647 De

284 665 371 720 variis
397 663 543 717 Doctorum
572 663 756 730 opinionibus,
782 680 845 732 pag.

284 735 347 803 355,·
366 737 473 788 confer:
492 734 697 804 interpretatio.
713 735 781 789 -De
800 735 846 788 de·

282 807 368 862 cretis
387 806 650 874 Congregationum,
668 821 739 876 qnae
758 821 846 860 norae

284 879 357 948 legis
376 877 433 932 vim
452 875 564 940 habent,
587 893 649 946 pag.
669 878 723 930 362
740 882 770 932 61
788 895 845 948 seq.

281 1091 312 1146 91
340 1020 523 1090 Conpregatio
535 1021 611 1073 honis
621 1021 774 1088 regiminis,
783 1036 845 1090 pag.

340 1235 523 1303 Conpreputio
543 1233 769 1297 Caeremonialia
783 1249 845 1302 pag.

282 1304 336 1359 231
360 1309 390 1392 et
415 1321 470 1374 seq.
499 1335 515 1345 -
545 1304 611 1358 Eius
639 1305 843 1374 competentia,

281 1393 344 1448 pag.
364 1376 424 1430 235.

339 1519 523 1589 Conprepatio
550 1519 680 1580 Concilii,
703 1535 770 1641 pag.
794 1516 844 1570 178

283 1594 313 1646 61
331 1607 387 1661 seq.
407 1621 423 1631 -
443 1592 533 1658 lpsum
553 1590 634 1644 Cone.
654 1590 700 1644 Tri
722 1631 728 1642 .
747 1589 846 1643 lunda-

281 1669 378 1716 menta
396 1663 496 1728 posuit,
516 1678 577 1730 pag.
602 1661 657 1713 178.
678 1691 693 1701 -
713 1661 844 1714 Evolutio

281 1732 364 1788 huius
374 1733 460 1801 Cong.
470 1751 505 1788 ex
516 1733 635 1788 decretis
646 1733 685 1784 Pii
698 1733 743 1798 tv,
756 1733 796 1785 Pii
809 1731 843 1799 V,

282 1805 353 1859 Sixti
376 1803 407 1868 V,
428 1821 488 1874 pag.
507 1803 843 1858 176-611161616611116

280 1875 378 1944 Cong,
398 1892 459 1945 pag.
480 1875 537 1929 185.
559 1906 573 1916 -
593 1874 779 1929 Collectioues
797 1874 845 1928 de-

280 1954 420 2002 cretorum
458 1951 487 2000 et
523 1947 723 2001 resolutionum
760 1944 843 1999 huius

279 2017 366 2087 (long.
387 2017 451 2071 ibid.

328 2149 331 2154 ¹
372 2090 439 2143 Eius
458 2090 652 2157 competentia,
671 2106 696 2158 p.
718 2086 841 2142 189-192.

370 2160 518 2214 Methodus
528 2159 616 2228 Cong.
627 2159 743 2213 Concilii
755 2161 782 2212 iu
795 2176 843 2213 ex·

281 2232 409 2302 pediendi
434 2232 554 2300 negotiis
582 2236 641 2284 tum
666 2231 842 2284 iudicialibus

281 2309 341 2356 tum
364 2303 635 2366 estraindicialibus,
659 2319 721 2371 pag.
744 2301 793 2356 193
812 2306 842 2356 61

279 2391 335 2445 seq.
351 2375 521 2436 -Quaenam
540 2389 640 2427 causae
659 2374 842 2442 expediantur

279 2448 380 2500 ordine
393 2463 448 2500 non
457 2455 576 2508 seruato,
587 2461 648 2514 pag.
663 2444 720 2502 193:
732 2475 747 2484 -
757 2461 843 2516 quae·

280 2534 344 2570 nam
358 2519 457 2572 ordine
469 2527 588 2578 servat-o,
600 2532 660 2585 pag.
674 2516 731 2568 196.
743 2545 757 2555 -
769 2516 842 2576 Quo·

280 2589 363 2642 modo
381 2591 431 2642 fiat
450 2590 604 2653 1661166116,
625 2603 686 2656 pag.
706 2586 768 2650 201,·
783 2617 797 2626 -
812 2592 841 2641 61

280 2659 613 2728 661161116161116166616,
634 2659 743 2712 ibidem.
764 2688 779 2697 -
801 2657 841 2713 116

281 2731 478 2784 informatione
502 2731 573 2798 apud
597 2728 840 2795 ΡΡ.Ο61(11116166,

280 2801 315 2856 de
335 2803 453 2857 termino
477 2804 662 2870 peremptorio
682 2805 710 2855 61
729 2801 762 2853 de
781 2800 841 2854 litis

279 2872 450 2936 definitione,
473 2889 535 2941 pag.
556 2872 615 2926 203.
636 2903 651 2912 -
673 2872 710 2926 116
729 2876 841 2926 seuten-

279 2946 336 2999 tiae
355 2944 527 3010 executione,
547 2961 609 3014 pag.
629 2944 690 2997 205.

334 3087 518 3158 Conpregatio
532 3088 652 3140 consulti
655 3103 695 3150 aa,
706 3103 768 3154 pag.
776 3085 838 3139 401.

338 3229 521 3300 Conprepatio
550 3231 656 3298 (super)
688 3229 839 3297 disciplina

246 3357 249 3362 ,
275 3301 415 3371 reputari,
434 3318 496 3370 pag.
513 3300 571 3354 161.
586 3330 601 3340 -
616 3299 654 3354 De
668 3301 710 3352 ius
729 3315 838 3368 compe·

229 3399 231 3404 v
277 3373 374 3439 tentia,
396 3389 457 3442 pag.
479 3371 537 3426 163.

333 3515 518 3584 Conprepatio
538 3513 611 3583 (pro)
629 3512 773 3582 Episcopis
786 3514 838 3564 eli-

274 3588 383 3655 gendis.
403 3603 465 3655 pag.
485 3586 545 3638 257.
567 3613 579 3625 -
601 3587 838 3654 [1666666666-

275 3657 422 3711 firmantur
439 3659 498 3712 eius
513 3673 655 3724 processus
675 3655 837 3722 praescripti

275 3745 293 3781 a
317 3727 399 3797 Greg.
419 3729 485 3782 XIV
511 3733 539 3781 et
565 3729 599 3780 ab
626 3725 740 3780 Urbano
762 3725 837 3791 Vlll,

276 3815 339 3868 pag.
354 3800 415 3853 201.
430 3829 445 3839 -
460 3799 542 3851 Tales
557 3814 699 3866 processus
714 3797 836 3850 examini

276 3871 463 3924 subiicinntur
488 3869 720 3938 Congregationis
742 3867 838 3922 Consi·

275 3942 407 4008 storialis,
426 3945 535 3997 ibidem.

333 4085 515 4154 Conprepatio
531 4083 734 4154 Episcoporum
747 4091 773 4136 ct
783 4082 837 4134 Re·

273 4157 427 4225 palariam.
456 4185 492 4196 -
519 4155 618 4223 Origo,
646 4170 707 4222 pag.
732 4152 798 4216 1593
820 4181 836 4191 -

275 4241 382 4294 scopus,
402 4243 463 4296 pag.
481 4226 537 4279 160.
558 4255 573 4265 -
595 4226 632 4278 De
646 4225 705 4278 eius
724 4239 836 4291 compe·

277 4299 373 4359 tantia,
393 4315 457 4368 pag.
472 4297 529 4351 163.
544 4326 559 4336 -
574 4297 640 4350 Ritu
659 4296 837 4350 oeconomico

275 4367 345 4424 haec
364 4371 448 4439 Cong.
463 4369 574 4437 expedit
588 4369 701 4437 negotia
719 4372 836 4420 couten-

275 4441 349 4495 tiosa
373 4447 432 4495 tum
458 4441 553 4495 civilia
580 4445 637 4492 tum
665 4434 835 4503 criminalia,

750 329 858 376 INDEX
880 330 1000 377 RERUM

901 465 964 518 pag.
987 448 1046 502 164.
1065 478 1080 490 -
1100 448 1240 502 Officiales
1265 448 1470 520 1161660666,

900 537 963 589 pag.
987 520 1044 574 165.
1071 549 1086 559 -
1114 521 1262 574 Processus
1287 522 1315 573 in
1341 523 1471 590 negotiis-

900 607 955 644 non
981 592 1178 655 contentiosis,
1203 608 1264 660 pag.
1287 592 1350 655 166,
1374 622 1389 632 -
1413 595 1463 663 qni

899 663 1047 718 adhibetur
1065 664 1150 717 etiam
1170 679 1220 730 pro
1239 665 1360 732 negotiis
1378 681 1467 734 regu—

900 734 1000 788 larium
1020 735 1146 804 quamvis
1158 739 1257 802 suapte
1275 742 1374 788 natura
1393 753 1463 790 con·

900 805 1036 867 tentiosis,
1057 822 1120 875 pag.
1143 805 1202 859 167.
1216 834 1231 844 -
1246 805 1285 860 116
1303 806 1466 864 166116616-

899 877 1001 948 quendi
1020 879 1164 946 rescripta,
1186 895 1241 947 qua
1260 877 1312 930 hoc
1330 894 1462 947 processu

899 954 1078 1018 promanant,
1106 950 1217 1002 ibidem.
1243 978 1258 988 -
1285 949 1324 1003 116
1352 951 1462 1005 1611666

900 1020 1065 1089 procedendi
1099 1021 1169 1073 iuris
1203 1022 1303 1074 ordine
1333 1032 1461 1086 serente,

899 1109 962 1217 pag.
979 1091 1037 1146 168.
1051 1120 1066 1131 -
1082 1090 1120 1146 116
1138 1091 1217 1145 Card.
1238 1092 1361 1146 Ponente
1378 1097 1408 1146 et
1425 1093 1470 1148 de

944 1163 1042 1228 latore,
1060 1163 1170 1217 ibidem.
1184 1191 1200 1201 -
1218 1163 1257 1217 De
1268 1164 1462 1220 concordando

900 1234 992 1298 dubio,
1006 1250 1068 1302 pag.
1082 1234 1139 1287 169.
1150 1263 1165 1273 -
1176 1233 1216 1287 116
1225 1251 1309 1288 causa
1322 1236 1461 1290 instruen-

900 1305 943 1369 da,
963 1321 1025 1374 pag.
1043 1305 1099 1359 171.
1120 1335 1137 1344 -
1155 1305 1195 1358 116
1213 1307 1274 1360 6166
1288 1307 1465 1372 definitione,

899 1375 1088 1446 appellatione
1099 1381 1127 1431 et
1137 1376 1310 1442 executione,
1324 1394 1384 1446 pag.
1398 1377 1459 1433 173.

899 1479 914 1487 -
937 1447 975 1501 116
999 1447 1130 1502 methodo
1154 1453 1266 1501 servata
1290 1449 1362 1515 apud
1387 1448 1469 1503 hanc·

899 1518 985 1587 cong.
998 1520 1024 1571 in
1035 1520 1220 1588 approbandis
1234 1521 1311 1572 novis
1321 1521 1460 1574 institutis

898 1598 1025 1644 votorum
1039 1590 1217 1659 simplicium,
1228 1607 1289 1659 pag.
1303 1592 1352 1645 174
1362 1597 1391 1646 61
1400 1608 1459 1662 seq.

898 1691 913 1701 -
933 1662 1130 1730 inquisitiones
1148 1662 1301 1727 faciendae,
1320 1679 1381 1732 pag.
1398 1663 1458 1717 174.

897 1763 913 1773 -
932 1733 1005 1786 Ordo
1029 1739 1059 1788 et
1083 1733 1185 1802 gradus
1210 1735 1466 1803 approbationum,

897 1820 960 1874 pag.
981 1804 1039 1858 176.

952 1947 1136 2016 Conprepatio
1155 1949 1229 2016 (pro)
1248 1949 1377 2001 examine
1392 1947 1469 2018 Epi·

894 2035 1052 2088 seoporum,
1073 2034 1134 2088 pag.
1155 2019 1215 2072 261.

951 2160 1135 2230 Corma-epatio
1152 2161 1289 2215 Fabricae
1307 2161 1368 2214 dici
1379 2162 1468 2214 Petri

894 2235 1061 2315 peaeposita,
1081 2249 1143 2300 pag.
1163 2233 1216 2285 270
1235 2238 1264 2287 61
1281 2249 1338 2302 seq.
1358 2230 1456 2285 -Eius

894 2318 975 2427 {lbi
999 2303 1457 2443 tttttthtttletatii:

896 2445 963 2498 16116
975 2463 993 2498 6
1007 2446 1184 2505 Ρ61·11661611,
1196 2463 1258 2514 pag.
1270 2446 1329 2498 271.
1341 2475 1356 2485 -
1368 2445 1466 2499 1161116Ἴ

894 2521 988 2570 tamen
1009 2517 1092 2571 unica
1111 2515 1236 2581 habetur,
1256 2519 1366 2570 ibidem.
1380 2546 1396 2556 —
1409 2516 1463 2570 of-

893 2588 1000 2641 ficiales
1019 2588 1100 2641 huius
1114 2587 1208 2656 Cong,
1229 2605 1294 2656 pag.
1308 2590 1370 2651 2723
1384 2618 1399 2627 -
1413 2588 1456 2640 di·

893 2659 1026 2712 viduntur
1050 2661 1078 2713 in
1105 2659 1289 2714 Secretariam
1307 2659 1385 2722 6661,
1404 2659 1457 2714 Se·

894 2730 1014 2784 ctionem
1028 2729 1455 2791 6661111161161111661,8661166661

893 2801 1030 2869 legalem,
1054 2803 1210 2855 Sectionem
1235 2802 1391 2856 tachniram
1409 2802 1456 2855 cui

893 2874 1015 2941 pertinet
1027 2873 1137 2928 celebre
1149 2875 1245 2927 Studio
1259 2874 1308 2928 del
1317 2874 1454 2938 Musoice,

892 2946 1003 2999 ibidem.

981 3015 1174 3083 Competentia
1198 3013 1280 3068 huius
1305 3014 1391 3084 Cong.
1417 3017 1465 3068 ab·

892 3085 983 3152 initio,
996 3103 1059 3155 pag.
1070 3089 1129 3138 272.
1141 3115 1156 3126 ·
1167 3086 1314 3152 Proprium
1329 3086 1454 3140 tribunal

892 3157 978 3227 Coug.
1001 3157 1145 3212 Generalis
1170 3158 1294 3212 abolevit
1319 3158 1386 3210 Pius
1404 3157 1462 3221 lx,

892 3245 917 3296 p.
929 3228 991 3281 273.
1007 3258 1022 3268 -
1035 3229 1176 3290 Quaenam
1188 3230 1226 3282 sit
1239 3228 1456 3283 hodieruacom·

891 3301 1017 3369 petentia
1035 3298 1117 3353 huius
1137 3300 1232 3368 Cong,
1248 3317 1311 3369 pag.
1324 3299 1451 3354 273-275.

948 3441 1133 3510 Conprepatio
1152 3441 1339 3495 immunitatis
1352 3441 1466 3495 Eccle-·

891 3515 1074 3654 {gugticlffi'ab
1095 3513 1209 3567 Urbano
1229 3513 1290 3566 Vlll
1312 3513 1454 3580 instituta,

948 3727 1130 3797 Conpreputio
1145 3727 1333 3796 lnitulgentiis
1347 3726 1465 3780 Sacris·-

891 3815 945 3921 ἕπε
960 3801 1097 3921 dreliquiis
1121 3799 1335 3924 6611116666ηὲἰέ6
1341 3814 1377 3921 ac}
1393 3801 1453 3850 sta·

906 3887 957 3922 uen
979 3888 1001 3922 16
1040 3887 1187 3933 1666616,
1262 3910 1268 3921 .
1347 3885 1407 3922 66
1444 3908 1451 3920 .

892 3969 907 3979 -
922 3887 1063 4008 Principiis
1076 3889 1144 3994 illi-is
1159 3886 1312 3994 6611161111ιί6
1325 3885 1454 4010 66661111-

891 4011 1050 4077 dulgentiaa
1074 4029 1106 4066 ac
1131 4011 1296 4066 Sanctorum
1318 4011 1453 4081 reliquias

891 4083 1078 4149 moderantur,
1089 4100 1152 4152 pag.
1162 4083 1222 4136 236.
1232 4112 1247 4123 -
1255 4084 1359 4151 Scopas
1369 4082 1465 4136 huius⁴

891 4154 985 4223 Cong,
1006 4171 1068 4224 pag.
1081 4154 1141 4207 238.
1156 4184 1171 4193 -
1187 4155 1225 4210 116
1238 4152 1453 4209 collectionibus

890 4226 1068 4292 authenticis,
1089 4227 1154 4280 ibid.

980 4297 1172 4366 Competentia
1185 4296 1267 4350 huius
1280 4295 1376 4364 Cong,
1387 4310 1450 4364 pag.

890 4366 951 4421 239.
975 4397 987 4407 -
1012 4369 1056 4422 Ad
1084 4367 1306 4438 recognoscenda
1333 4381 1451 4436 corpora

890 4437 1054 4494 Sanctorum
1064 4445 1198 4495 eteorum
1207 4440 1383 4494 identitatem
1393 4452 1461 4493 666.
