3292 5109
503 277 547 325 DE
570 275 708 325 lumbus
731 275 995 325 nccaafflnsrrms
1280 260 1348 328 227

169 398 390 483 expediuntur
403 402 434 466 in
450 402 546 487 plena
559 402 834 489 Congregatione;
850 410 884 468 et
898 403 1102 486 quaestiones
1113 409 1348 490 proponuntur,

171 524 221 587 uti
244 543 314 589 mos
338 528 395 601 est,
415 526 446 591 in
466 527 557 592 curia
579 526 637 591 sub
661 527 761 592 certis
788 526 924 613 rogandi
946 526 1103 591 formulis.
1129 561 1147 577 ··
1173 528 1351 595 Prooessus

171 666 253 711 sero
285 646 455 714 molinarii
481 668 502 713 a
532 649 563 715 S.
593 648 693 736 Oong.
726 651 931 736 excipiuntur
957 657 991 717 et
1020 650 1062 716 ad
1088 671 1226 717 examen
1253 671 1350 717 revo-

169 776 308 847 cantur,
333 778 429 858 atque
452 772 623 841 ulteriora
642 778 716 842 acta
741 783 906 861 ponuntur
928 776 969 841 ad
992 778 1176 843 instantiam
1201 779 1351 844 Postula-

171 898 264 963 toris.
292 934 309 946 -
336 899 502 984 Perpenso
525 918 680 984 processu
703 899 869 965 ordinario
884 898 925 965 de
940 899 1027 965 lama
1050 900 1250 977 sanctitatis,
1267 902 1351 971 haec

173 1022 367 1107 proponitur
379 1022 523 1105 quaestio
539 1024 624 1089 «An
640 1022 812 1109 signanda
828 1023 872 1089 ait
885 1024 1076 1091 commissio
1091 1024 1352 1094 introductionis

173 1162 302 1210 causae
318 1166 347 1207 ›.
362 1144 525 1211 Videlicet
539 1164 581 1210 an
598 1146 829 1212 consulendum
845 1148 888 1212 sit
902 1146 999 1214 SSrito
1013 1152 1048 1215 ut
1058 1148 1190 1234 signare
1201 1146 1353 1234 dignetur

175 1269 423 1336 introductionis
447 1272 711 1345 commissionem,
736 1292 798 1356 qua
822 1272 854 1338 S.
871 1272 1121 1359 congregationi
1145 1274 1276 1339 Rituum
1296 1275 1353 1341 de·

176 1394 350 1460 mandatur
371 1396 535 1482 negotium
559 1396 749 1482 expediendi
772 1417 913 1479 causam,
938 1416 1000 1481 qua
1023 1396 1063 1463 de
1085 1406 1201 1483 agetur
1217 1397 1274 1484 (1).

268 1518 343 1584 Huc
359 1524 531 1584 revocetur
545 1518 703 1584 hodierna
725 1521 847 1605 praxis,
865 1520 949 1585 unde
968 1522 1171 1606 quaestiones
1186 1520 1226 1586 de
1241 1522 1354 1587 valore

177 1660 385 1723 processuum
401 1647 468 1709 tum
484 1641 666 1709 ordinaria
688 1645 756 1708 tum
780 1642 965 1725 apostolica
988 1644 1182 1709 auctoritate
1205 1649 1354 1709 constru-

176 1773 305 1832 ctorum
333 1772 365 1831 et
391 1766 430 1831 de
457 1768 525 1851 ipso
557 1767 672 1831 merito
704 1766 807 1853 quoad
829 1787 901 1835 mom
930 1770 1058 1835 cultum
1083 1775 1140 1836 aut
1161 1770 1295 1854 samam
1317 1770 1356 1837 im

175 1910 302 1976 genere
319 1890 364 1977 (2)
389 1892 577 1957 commissae
600 1898 674 1958 sunt
697 1892 814 1957 iudicio
831 1892 1099 1979 congregationis
1123 1894 1257 1975 Rutulis,
1273 1912 1355 1977 quae

178 2011 318 2077 babetur
348 2012 406 2077 sub
433 2011 653 2099 praesidentia
682 2012 864 2081 cardinalis
888 2015 1043 2083 Ponentis
1067 2017 1100 2081 in
1126 1995 1356 2101 PalatioApo·

177 2137 292 2202 stolico
317 2134 377 2221 (Cf.
403 2157 434 2201 n.
456 2136 526 2223 21).

180 2290 183 2295 ·
270 2262 308 2326 In
334 2260 460 2325 casibus
494 2264 602 2327 autem
626 2262 776 2344 conceptis
805 2281 826 2325 a
856 2261 997 2330 decretis
1021 2262 1142 2329 Urbani
1165 2264 1249 2329 VIII
1278 2282 1357 2328 exa·

180 2384 310 2447 minatis
344 2384 424 2449 actis
450 2403 620 2470 processus
651 2382 824 2457 ordinarii,
851 2386 1077 2470 «proponitur
1108 2384 1225 2468 (refert
1252 2387 1358 2450 Bene·

179 2506 285 2574 dictus
312 2508 396 2573 XIV
419 2527 473 2591 op.
498 2508 562 2590 cit,
587 2509 647 2575 loc.
672 2509 736 2591 cit,
761 2529 835 2594 cap.
860 2509 912 2584 31,
936 2530 971 2574 ιι.
988 2509 1035 2596 3),
1060 2510 1300 2597 utplurimum,
1324 2513 1358 2574 in

179 2630 283 2695 Sacra
307 2630 404 2713 Cong.
430 2627 602 2699 ordinaria,
621 2627 760 2711 dubium,
777 2649 825 2694 am
847 2630 889 2696 sit
910 2630 1083 2717 signanda
1106 2630 1295 2697 commissio
1311 2630 1361 2695 im·

182 2753 428 2836 troductiom'r;
451 2772 552 2837 eoque
576 2752 800 2818 favorabiliter
826 2755 976 2826 resoluto,
1001 2754 1156 2819 transitus
1179 2752 1215 2820 fit
1236 2753 1277 2818 ad
1300 2752 1361 2818 dis·

181 2880 363 2945 cessionem
387 2878 521 2944 alterius
544 2878 630 2943 dubii
653 2880 686 2943 in
709 2879 819 2945 eadem
837 2878 937 2965 Cong.
954 2879 1129 2960 ordinaria,
1146 2898 1193 2943 am
1215 2879 1257 2943 sit
1280 2898 1360 2945 com-

180 3002 358 3087 firmomta
381 3000 544 3067 sententia
566 3000 690 3068 iudicis
712 3001 885 3067 ordinarii
908 3002 960 3068 vet
983 3001 1129 3087 detepati
1151 3020 1256 3084 super
1278 3018 1361 3066 casae

183 3132 324 3209 eccepto
348 3145 368 3190 a
391 3124 530 3191 decretis
550 3122 674 3191 Urbani
690 3123 774 3189 VIII
791 3144 822 3189 ».
848 3124 910 3189 Sed
933 3125 1029 3190 hodIe
1052 3124 1228 3210 simplicior
1249 3124 1361 3211 praxis

183 3252 327 3326 obtinet,
360 3252 551 3318 examinatis
577 3250 767 3337 animastis
789 3269 962 3336 processus
985 3249 1141 3315 ordinarii
1164 3250 1306 3335 agitatur
1328 3250 1362 3314 in

183 3376 285 3463 Cong.
308 3377 489 3444 ordinario
505 3376 633 3441 dubium
653 3396 671 3441 ιι
688 3377 744 3461 Aa
767 3381 892 3443 constet
915 3376 958 3441 ete
980 3394 1063 3443 casu
1085 3382 1273 3460 eccepto».

277 3641 317 3710 (l)
336 3641 395 3695 Hoc
414 3641 578 3710 rescriptum
593 3643 794 3696 commissionis
812 3641 908 3695 datum
921 3640 948 3694 S.
962 3639 1047 3710 Cong.
1061 3640 1177 3694 situum
1190 3657 1241 3710 pro
1253 3640 1364 3711 singula

187 3762 273 3799 causa
292 3745 511 3801 Beatificationis
530 3749 579 3799 aut
598 3744 821 3799 Canonizationis
849 3744 1063 3815 comparandum
1091 3749 1134 3800 est
1162 3762 1224 3798 cum
1252 3744 1365 3801 decreto

187 3823 390 3905 commissionis
413 3830 582 3920 expediendo
609 3850 718 3904 cuidam
737 3848 764 3903 S.
784 3850 874 3905 Rotae
893 3850 1032 3919 Auditori,
1050 3854 1201 3921 antequam
1219 3866 1303 3903 causa
1320 3850 1365 3903 in-

191 3950 297 4011 troduci
310 3957 404 4011 valeat
421 3957 494 4027 apud
513 3956 586 4011 idem
599 3957 783 4011 Auditorium.
803 3956 879 4019 Quae
898 3958 1052 4011 commissio
1072 3971 1121 4011 seu
1136 3956 1277 4025 delegatio
1289 3944 1366 4010 comss

190 4064 303 4135 ponitur
322 4082 383 4119 cum
403 4068 542 4134 potestate
561 4064 702 4119 ordinaria
720 4064 745 4117 S
763 4064 850 4133 Cong.
865 4064 990 4130 Rittium,
1009 4080 1043 4119 ea
1061 4063 1179 4129 ratione,
1197 4080 1253 4134 qua
1270 4064 1366 4118 conci-

191 4166 277 4223 liatur
296 4186 358 4223 cum
377 4168 516 4223 ordinaria
536 4166 767 4247 competentiaS.
786 4167 925 4241 Rotae·
1123 4212 1126 4215 .

193 4338 224 4357 .-.
283 4274 321 4341 (2)
341 4274 383 4329 Ita
401 4290 436 4328 ex
454 4274 565 4329 decreto
589 4273 664 4328 edito
689 4272 882 4334 aSecretaria
899 4270 995 4326 Status
1013 4274 1072 4328 diei
1087 4272 1130 4325 23
1152 4271 1207 4327 Oct.
1227 4270 1319 4337 1878,
1339 4276 1368 4326 et

193 4350 229 4435 ex
248 4376 306 4431 alio
324 4378 359 4431 ab
379 4378 473 4433 eodem
494 4378 650 4433 secretario
669 4350 797 4447 expedito
815 4377 862 4431 die
881 4376 922 4440 19
935 4377 1064 4432 Decemb.
1083 4376 1175 4430 1895.
