3292 5109
528 258 571 304 un
597 256 736 304 runicus
760 254 1026 301 eccnesmsrrcrs
1299 231 1367 296 369

186 389 303 449 torum.
329 382 544 459 Quamobrem
568 402 628 467 per
651 402 686 447 se
708 402 765 447 seu
789 382 832 447 de
855 382 930 447 iure
953 391 1100 448 caturae
1123 381 1181 445 lex
1207 379 1366 461 promul-

188 514 271 597 gata
294 528 351 574 seu
371 508 518 594 perlecta
534 509 566 571 in
583 527 654 572 esse
670 526 728 571 suo
747 505 787 571 ad
803 505 991 589 pariendam
1008 505 1246 589 obligationem,
1262 507 1369 587 potest

189 656 261 701 esse
277 634 452 699 nullimode
467 634 642 719 (divulgata
666 638 698 697 et
721 631 798 697 hinc
814 631 968 696 destituta
986 627 1102 695 effectu
1125 650 1182 694 suo
1206 628 1369 715 obligandi

190 762 333 828 subditos
357 762 409 845 qni
433 761 538 847 legem
563 758 723 825 conditam
741 758 871 823 omnino
895 758 1056 842 ignorant.
1075 793 1092 803 -
1112 758 1176 821 Res
1199 756 1370 841 perspicue

194 885 408 953 confirmatur
439 906 484 951 ecc
513 904 588 968 cap.
617 882 699 949 Cum
732 883 869 969 cingula
892 881 952 957 32,
977 881 1027 947 De
1050 880 1261 947 Praebendis
1287 882 1324 947 in
1347 882 1371 946 6

192 1008 266 1096 (ΙΙΙ,
292 1009 326 1096 4)
350 1014 508 1093 quatenus
530 1009 592 1073 ait:
620 1007 755 1070 «lectra
778 1023 928 1070 ocensem
947 1008 1132 1089 postquem
1148 1005 1231 1069 boec
1254 1002 1371 1071 consti-

193 1133 275 1199 tutio
294 1131 490 1215 pervenerit
514 1130 560 1195 ad
583 1129 718 1197 eoadem
740 1148 893 1193 unum...
918 1128 1043 1213 clipea
1074 1130 1261 1201 teneantur,
1286 1125 1371 1193 ulio-

193 1260 278 1345 quin
300 1278 346 1324 cor
362 1264 441 1335 tuac
456 1259 568 1343 poenis
584 1256 772 1321 subiaceant
787 1275 886 1340 supra
901 1254 994 1320 dictis
1010 1275 1041 1317 a.
1058 1254 1177 1320 Suarez
1194 1254 1256 1317 hoc
1276 1257 1373 1338 caput

194 1386 429 1448 commentatus
453 1380 502 1445 De
525 1378 653 1465 tepidus
677 1377 731 1445 lib.
756 1360 779 1443 1'
785 1378 819 1451 V,
845 1398 872 1444 c.
896 1378 948 1451 15,
973 1398 1007 1444 a.
1032 1378 1066 1451 5,
1090 1382 1196 1441 notat:
1224 1376 1304 1441 «Et
1328 1377 1373 1440 ita

194 1505 324 1572 videtur
347 1524 425 1569 sane
449 1501 646 1589 probabilius
669 1502 760 1587 leges
777 1500 965 1566 Pontificius
988 1502 1100 1567 statim
1124 1501 1270 1587 obligare
1292 1503 1373 1566 inci-

196 1649 275 1715 pere
299 1626 421 1715 (quum
443 1631 522 1693 sunt
550 1626 777 1710 publicatae);
801 1626 995 1710 diffundere
1017 1630 1123 1690 autem
1147 1626 1374 1711 obligationem

196 1772 285 1819 suam
302 1751 495 1824 successive,
512 1752 602 1815 iuxta
625 1749 656 1814 id
674 1750 756 1833 quod
775 1755 892 1815 natura
908 1750 989 1834 legis
1005 1750 1166 1814 humanae
1191 1750 1335 1833 requirit.
1354 1784 1373 1795 -

198 1876 286 1941 Idem
304 1878 429 1942 Auctor
449 1894 503 1958 op.
520 1874 572 1940 cit.
591 1872 646 1941 tid.
664 1876 691 1947 1,
716 1894 744 1943 c.
761 1874 806 1949 11,
832 1874 909 1938 ra?
932 1874 1104 1948 docuerat;
1127 1875 1242 1959 legem,
1263 1877 1376 1958 suapte

197 2003 323 2081 natura,
342 2000 469 2065 censeri
485 1998 730 2085 promulgatam,
749 2019 821 2065 cum
839 2001 1004 2086 proposita
1027 2006 1076 2064 est
1098 2000 1318 2066 communitati
1341 2008 1377 2068 ut

198 2144 270 2190 eam
295 2124 454 2190 observet.

288 2251 380 2315 Haec
403 2250 445 2315 de
467 2248 544 2315 turc
566 2254 734 2333 naturue;
759 2268 833 2313 nam
858 2249 898 2313 de
921 2249 997 2314 iure
1016 2248 1159 2332 positico
1183 2254 1275 2313 actus
1292 2268 1374 2332 pro·

198 2375 420 2461 nauigationis
443 2376 487 2440 ita
510 2374 652 2439 ordinari
685 2374 766 2439 solet
796 2379 831 2439 ut
862 2373 1082 2438 secumtrahat
1112 2374 1192 2459 legis
1220 2374 1377 2460 (livulga-

201 2502 336 2573 tionem,
362 2520 488 2583 unaque
512 2502 726 2565 constituatur
750 2504 877 2563 certum
893 2506 1018 2583 tempus
1037 2500 1123 2563 intra
1138 2498 1220 2582 quod
1237 2500 1291 2564 lex
1308 2519 1378 2584 pro-

201 2626 343 2711 mulgata
374 2623 577 2710 divulgatum
603 2642 665 2706 qno
697 2624 921 2708 praeterlapso
952 2624 1007 2687 lex
1038 2622 1182 2707 obligare
1214 2622 1324 2709 incipit
1347 2629 1380 2687 et

201 2751 375 2811 censentur
400 2764 470 2809 eam
496 2764 607 2809 omnes
630 2762 830 2829 cognoscere
859 2764 952 2831 posse
973 2749 1006 2808 et
1029 2742 1159 2812 debere.
1183 2744 1380 2829 proindeque

202 2890 245 2935 ex
268 2870 527 2955 praesumptione
551 2868 632 2933 iuris
655 2872 687 2933 et
710 2868 750 2933 de
774 2868 855 2938 iure.
880 2867 1076 2953 ignorantie
1105 2868 1188 2953 lepis
1211 2868 1380 2934 ricariuem

202 2999 352 3061 excusat.
371 3030 388 3040 -
405 2994 640 3057 Verumtamen
665 2992 691 3055 si
715 2992 764 3055 ius
789 2990 959 3075 positivum
984 2992 1065 3056 nihil
1089 2992 1194 3058 edicat
1217 2992 1256 3055 de
1278 2993 1381 3059 modo

201 3116 508 3201 promutpatiouis,
533 3115 767 3180 inhaerendum
799 3120 849 3179 est
882 3116 945 3180 iuri
968 3116 1121 3191 naturali;
1146 3118 1289 3179 iamvero
1319 3114 1383 3181 hoc

205 3239 329 3305 obtinet
352 3240 435 3323 apud
460 3238 491 3305 S.
516 3238 800 3325 congregationes,
828 3245 861 3306 et
884 3240 994 3305 curiae
1017 3260 1097 3305 rom.
1127 3238 1252 3309 Officia.
1280 3241 1383 3325 Saepe

205 3365 292 3428 enim
313 3364 478 3449 contingit,
497 3362 628 3428 decreta
651 3363 700 3428 edi
725 3368 757 3430 et
781 3382 884 3429 novas
907 3364 1056 3430 constitui
1078 3365 1169 3450 leges
1184 3367 1260 3449 quin
1276 3370 1384 3430 tamen

205 3484 326 3571 aliquid
348 3490 416 3550 tum
441 3486 473 3549 in
498 3505 620 3571 genere
636 3492 764 3552 cautum
781 3488 823 3552 sit
839 3486 879 3551 de
895 3488 1021 3552 ratione
1036 3488 1301 3573 promulgationis
1316 3493 1384 3553 tum

206 3612 239 3674 in
263 3611 370 3696 specie
395 3615 550 3675 caveatur
572 3613 605 3675 in
633 3612 759 3698 singulo
784 3612 907 3677 edendo
931 3613 1072 3677 decreto.
1097 3611 1312 3686 Quamobrem
1335 3612 1385 3676 in-

207 3736 397 3823 quirendum
430 3744 478 3804 est
510 3738 666 3822 quomodo
689 3736 824 3804 satisfiat
847 3737 1050 3804 necessariae
1081 3739 1340 3825 promulgationi.
1367 3775 1384 3788 -

208 3862 306 3946 Atqui
331 3861 413 3925 haec
437 3862 479 3927 dc
501 3862 577 3928 iure
599 3867 766 3935 naturae,
791 3868 901 3948 utpote
929 3882 1011 3946 qnae
1033 3868 1166 3929 tantum
1182 3866 1326 3929 continet
1349 3865 1388 3929 si-

209 3987 448 4075 gnificationem
472 3990 645 4055 voluntatis
666 3990 771 4075 legem
788 3989 936 4071 ferentis,
953 3991 1077 4057 scilicet
1095 3989 1224 4056 iubendi
1248 3991 1386 4075 aliquam

208 4115 326 4201 legem,
343 4115 481 4181 babetur
505 4117 538 4180 in
561 4115 655 4181 modo
678 4135 740 4199 quo
764 4114 972 4200 publicantur
987 4121 1061 4182 acta
1084 4137 1142 4182 seu
1157 4114 1238 4182 liunt
1253 4116 1389 4183 cuthea-

211 4245 287 4311 ticu.
305 4244 480 4310 Decretum
498 4246 582 4309 enirn
596 4244 627 4311 S.
641 4244 909 4330 Congregationis
925 4244 1007 4329 quod
1023 4243 1288 4331 subscriptionem
1305 4246 1391 4331 gerit

212 4366 378 4432 Praefecti
404 4372 435 4432 et
459 4366 644 4438 Secretarii‚
670 4370 703 4431 et
725 4366 855 4451 signum
873 4366 987 4453 sigilli,
1002 4368 1055 4431 rel
1078 4367 1175 4449 aliud,
1191 4388 1250 4453 pro
1274 4373 1390 4432 natura

358 4491 418 4543 Sec.
438 4488 515 4559 Lepa
1214 4490 1248 4543 al
