3292 5109
301 298 369 365 340
820 318 905 365 rsss
929 316 965 363 ιι.

301 441 518 523 crumentalis‚
536 439 739 509 rescribens:
767 442 841 507 <In
860 438 1058 525 exequendis
1077 439 1108 505 S.
1126 437 1403 503 Poenitentiariae
1425 456 1484 502 re·

301 570 430 653 scriptis
454 566 632 633 cavendum
660 565 786 651 quidem
814 571 864 631 est
887 572 923 631 ut
945 566 1114 652 poenitens
1134 564 1175 629 ad
1197 569 1405 650 peccatorum
1428 563 1484 629 ab·

300 694 491 762 solutionem
514 694 712 779 disponatur,
737 693 944 759 nihilominus
973 692 1097 757 validas
1119 692 1193 756 lore
1221 691 1438 757 absolutiones
1459 712 1482 755 a

301 821 457 892 censuris,
481 816 651 883 dummodo
674 816 787 883 saltem
811 817 1028 901 praecesserit
1049 817 1212 880 accusatio
1238 835 1297 879 seu
1319 815 1486 880 confessio

301 960 385 1025 quae
407 942 651 1007 sacramentalis
674 943 716 1007 sit
731 964 761 1005 s.
787 941 859 1006 Hac
882 940 1044 1005 de'causa
1068 940 1323 1004 Poenitentiaria
1345 957 1411 1002 non
1426 956 1486 1002 ex-

301 1066 413 1149 primit
435 1065 661 1129 necessitatem
685 1062 905 1130 absolutionis
932 1060 989 1129 sed
1012 1061 1153 1145 loquitur
1179 1066 1302 1126 tantum
1330 1060 1372 1126 de
1399 1079 1483 1126 con·

300 1186 456 1269 sessione,
481 1204 563 1271 quae
587 1190 636 1251 est
658 1184 902 1251 sacramentalis
924 1185 1023 1249 etism
1044 1185 1114 1249 sine
1137 1181 1361 1247 absolutione

436 1310 470 1393 4)
493 1311 724 1379 concessiones
740 1317 773 1377 et
787 1310 1043 1396 dispensationes
1066 1313 1190 1373 tantum
1206 1308 1238 1371 in
1254 1308 1327 1372 foro
1351 1308 1488 1372 interno

301 1454 360 1501 seu
384 1436 601 1501 conscientiae
625 1436 729 1517 datae,
752 1434 867 1500 valent
888 1434 990 1500 solum
1015 1453 1075 1518 pro
1097 1433 1170 1497 foro
1194 1433 1332 1495 interno.

438 1558 471 1644 5)
496 1560 605 1635 Quare
623 1560 880 1625 Poenitentiaria
901 1561 936 1625 in
959 1556 1248 1645 dispensationibus
1272 1554 1485 1641 impedimen-

302 1688 411 1747 torum
432 1678 626 1768 praesertim
649 1681 932 1747 matrimonialium
955 1682 1164 1747 occultorum
1187 1680 1279 1765 ponit
1293 1678 1379 1743 hanc
1395 1676 1485 1742 clau·

304 1808 425 1873 sulam:
454 1829 472 1872 a
496 1808 558 1875 Sed
578 1807 800 1893 praesentibus
825 1805 963 1887 laniatis,
987 1826 1067 1890 quas
1089 1804 1147 1872 sub
1170 1824 1275 1890 poena
1297 1824 1485 1869 excommu-

304 1934 476 1998 nicationis
499 1934 584 1999 latae
600 1935 780 1999 sententiae
802 1933 929 1997 laniare
944 1934 1098 2013 teneariS,
1114 1933 1158 1996 ita
1174 1935 1209 1996 ut
1227 1931 1351 1995 nullum
1368 1950 1485 1995 earum

304 2056 489 2140 exemplum
525 2060 631 2127 extet,
663 2074 769 2139 neque
799 2074 855 2119 eas
884 2054 980 2119 latori
1011 2055 1180 2119 restituas:
1211 2052 1294 2137 quod
1325 2054 1353 2118 si
1384 2054 1483 2118 resti-

303 2180 416 2252 tueris,
441 2178 523 2242 nihil
546 2180 604 2264 ipsi
627 2184 817 2265 praesentes
839 2179 969 2243 litterae
992 2175 1226 2264 suffragentur;
1242 2178 1312 2244 vel:
1330 2198 1486 2263 praesen-

302 2302 403 2377 tibus,
431 2308 503 2390 post
533 2323 645 2367 earum
676 2306 917 2377 executionem,
941 2302 1000 2368 sub
1031 2304 1364 2368 excommunicatione
1394 2302 1488 2366 latae

302 2430 481 2494 sententiae
505 2450 564 2513 per
587 2434 618 2493 te
642 2428 825 2501 combustis,
841 2430 893 2494 vel
917 2430 1045 2496 laniatis
1074 2450 1104 2493 ».
1129 2430 1224 2497 Ratio
1248 2427 1412 2492 clausulae
1430 2432 1483 2495 est

302 2556 377 2639 quia
399 2554 492 2620 datae
509 2576 568 2639 pro
592 2554 663 2619 foro
680 2556 817 2620 interno·
831 2556 1084 2641 dispensationes
1099 2558 1133 2619 in
1148 2556 1220 2619 foro
1245 2559 1382 2620 externo
1398 2554 1485 2618 nibil

302 2680 423 2756 valent,
448 2681 592 2765 quamvis
616 2682 854 2747 matrimonium
879 2682 997 2747 exinde
1020 2687 1223 2747 contractum
1246 2680 1387 2745 validum
1411 2700 1482 2744 om-

303 2806 378 2869 niuo
404 2806 453 2869 sit.
472 2804 563 2871 Unde
579 2806 606 2869 si
625 2805 797 2870 tradantur
812 2806 942 2873 litterae
965 2808 995 2870 ei
1018 2826 1090 2870 cum
1107 2825 1169 2889 quo
1186 2805 1403 2891 dispensatum
1419 2803 1485 2870 fuit

301 2929 355 2997 vel
380 2930 507 3001 ceteris,
532 2949 592 3015 pro
623 2936 761 2995 externo
784 2931 857 2995 foro
881 2930 961 2995 nihil
983 2932 1230 3015 suffragantur.
1257 2930 1488 2996 confessarius

303 3050 361 3115 sub
385 3050 486 3136 praui
515 3051 640 3115 litteras
663 3052 787 3115 laniare
817 3072 874 3116 seu
898 3050 961 3115 alio
988 3050 1081 3115 modo
1105 3050 1274 3115 destruere
1305 3049 1410 3124 debet,
1435 3052 1485 3115 nti

301 3176 391 3256 putet
413 3191 457 3237 ex
479 3174 625 3258 graviori
655 3193 758 3257 poena
786 3172 924 3247 inflicta,
949 3178 982 3237 et
1008 3175 1100 3237 iuxta
1122 3193 1324 3237 communem
1355 3177 1488 3237 senten·

302 3296 382 3358 tiam
409 3314 473 3359 non
497 3296 583 3361 ultra
613 3296 754 3362 triduum
777 3297 840 3361 hoc
863 3293 1008 3360 differre*
1025 3296 1119 3362 debet
1146 3301 1218 3382 post
1244 3298 1483 3370 executionem,

302 3419 356 3485 vel
380 3420 493 3485 saltem
517 3426 588 3506 post
611 3421 809 3487 celebratum
839 3423 1088 3495 matrimonium,
1113 3424 1140 3487 si
1163 3427 1280 3508 agatur
1305 3422 1347 3488 de
1373 3423 1487 3487 matri-

302 3543 492 3609 monialibus
515 3544 813 3630 dispensationibus.

392 3668 469 3734 278.
495 3667 534 3732 In
549 3669 634 3753 stylo
655 3670 929 3735 Paenitentiariae
944 3669 1071 3753 quando
1092 3668 1257 3754 dispensat
1270 3669 1325 3733 vel
1343 3668 1483 3734 absolvit

302 3812 362 3877 pro
386 3792 458 3855 loro
481 3797 619 3859 externo
642 3794 808 3878 proprium
832 3798 891 3865 est,

439 3918 470 4004 l)
496 3921 530 3983 ut
554 3916 728 3982 Ordinario
752 3917 921 3991 rescribat,
945 3937 1010 3982 non
1035 3918 1244 3999 confessari0,
1267 3919 1314 3982 uti
1338 3937 1398 4004 par
1421 3922 1485 3982 est.

437 4044 471 4129 2)
494 4044 529 4110 Si
551 4049 668 4129 agatur
690 4044 730 4109 de
746 4044 833 4109 iacto
856 4045 996 4130 culposo,
1015 4046 1190 4129 imponitur
1212 4044 1380 4109 executori
1401 4063 1485 4109 onus

301 4169 546 4259 praescribendi
568 4172 665 4237 latori
689 4172 918 4255 poenitentiam
948 4171 1123 4236 salutarem
1154 4176 1186 4235 et
1216 4171 1249 4234 in
1280 4188 1487 4253 quocumque

302 4318 378 4364 casu
402 4295 637 4369 satisfaciendi,
662 4296 688 4359 si
711 4294 774 4359 hoc
797 4296 894 4380 culpa
916 4295 1018 4375 ierat,
1041 4293 1188 4379 partibus
1210 4293 1235 4358 si
1264 4291 1407 4357 nondum
1428 4310 1482 4356 sa-

300 4420 470 4487 tisfecerit.
496 4420 528 4485 Si
552 4420 672 4484 factum
696 4437 759 4482 non
784 4419 826 4482 sit
849 4418 1024 4502 culposum,
1049 4418 1153 4502 potius
1177 4416 1354 4501 exigitura
1372 4433 1485 4480 recur-
