3292 5109
478 280 522 328 ns
547 280 685 327 runrous
709 280 976 329 scoussnsrrcrs
1272 261 1318 328 65

145 401 262 487 scripto
294 403 373 467 iuris
400 404 594 475 communis,
619 402 713 468 novis
746 402 989 489 probationibus
1012 404 1128 469 instrui
1151 403 1239 468 valet
1254 401 1318 488 (l);

144 527 349 612 quamobrem
380 535 550 613 antequam
577 530 723 614 quaestio
746 526 925 595 definitioni
953 529 1142 594 subiiciatur
1160 528 1318 603 iudiciali,

142 655 247 718 omnia
269 673 441 738 processus
456 658 529 719 acta
544 674 689 741 congrue
713 652 895 719 ordinanda
917 658 1001 718 sunt.
1028 653 1114 719 Hinc
1132 652 1255 719 iactum
1270 658 1320 720 est

142 784 175 844 nt
197 777 444 845 commissionis
467 779 661 864 rescriptum
685 778 812 845 cuidam
835 776 932 842 detur
951 776 1109 850 nudius,
1123 780 1177 862 qui
1201 776 1320 845 exinde

143 902 196 969 flat
212 924 330 971 causae
350 905 487 971 Ponens
509 926 566 971 seu
590 904 923 971 instrumentalis
940 904 1103 969 nonnullis
1119 904 1234 976 causis,
1251 909 1323 989 post

143 1027 275 1094 decreta
291 1028 367 1094 God.
384 1030 536 1114 Gregorii
551 1029 634 1095 XVI
660 1030 730 1095 iam
753 1030 806 1095 cit.
832 1049 896 1095 nou
913 1030 1101 1113 requiratur
1116 1027 1322 1111 commistim

141 1154 247 1215 tamen
264 1170 365 1234 usque
381 1170 424 1216 ex
438 1150 574 1235 quodam
593 1151 741 1216 ordinato
764 1157 877 1226 tameo,
895 1171 992 1217 causa
1014 1151 1140 1217 cuidam
1160 1149 1320 1225 Auditori‚

142 1278 185 1341 nti
208 1277 360 1349 Poneuti,
383 1278 536 1345 tribuitur
559 1278 756 1344 instruenda.

230 1400 375 1465 Proinde
402 1402 434 1464 in
466 1401 550 1487 stylo
574 1400 607 1466 S.
632 1400 736 1467 Rotae
770 1401 902 1467 litterae
937 1400 1182 1468 commissionis
1214 1401 1322 1467 locum

142 1530 257 1591 tenent
280 1524 383 1591 libelli
404 1524 567 1609 supplicis
591 1526 762 1591 instantiae
790 1525 951 1590 iudicialis
973 1524 1190 1601 introductor,
1217 1544 1324 1609 quarn·

144 1650 256 1717 obrem
270 1652 305 1715 in
322 1652 480 1736 rescripto
496 1652 729 1717 commissionis
745 1651 930 1717 continetur
945 1656 979 1717 et
993 1670 1111 1715 nomen
1131 1652 1272 1715 oratoris
1291 1656 1325 1717 et

144 1792 242 1841 causa
257 1774 388 1860 petendi
404 1780 437 1839 et
452 1774 515 1839 alia
531 1792 647 1841 causae
663 1773 867 1839 adminicula.
883 1773 975 1841 -Ubi
992 1794 1071 1840 vero
1086 1774 1223 1860 amplius
1238 1793 1325 1841 com·

144 1898 317 1966 missionis
339 1917 404 1963 non
427 1904 578 1964 servetur
604 1898 726 1973 forma,
752 1900 820 1984 ipsa
843 1898 1005 1985 deputatio
1036 1898 1199 1965 cuiusdam
1223 1896 1325 1963 Audi-

145 2025 226 2088 toris
248 2022 290 2087 ad
314 2042 444 2087 causam
459 2022 681 2089 instruendam
699 2027 732 2089 et
748 2020 924 2088 definitioni
944 2021 1202 2108 praeparandam
1216 2020 1253 2088 lit
1267 2043 1328 2107 per

144 2147 289 2213 libellum
313 2148 499 2233 supplicem,
521 2148 574 2232 qui
597 2124 737 2213 Ponenti
761 2146 906 2213 traditur
929 2152 964 2212 ut
990 2149 1153 2234 negotium
1177 2148 1330 2234 suscipiat

147 2270 307 2336 iudiciale.
334 2307 352 2319 -
378 2272 416 2335 ln
439 2272 528 2336 hunc
558 2290 689 2356 scopum
723 2272 859 2355 quisque
881 2272 1019 2337 Auditor
1041 2292 1115 2337 suos
1144 2271 1242 2338 habet
1270 2291 1330 2336 no-

145 2398 248 2461 tarios
271 2398 305 2461 in
328 2398 361 2461 S.
386 2396 470 2461 Rota
500 2396 710 2483 approbatos,
736 2418 816 2482 quos
840 2396 971 2463 adhibet
993 2397 1032 2461 ad
1061 2398 1203 2482 legitime
1227 2394 1327 2462 confi-

147 2522 263 2588 cienda
285 2527 359 2587 acta
381 2521 551 2587 iudicialis.

237 2644 293 2709 67.
319 2646 493 2709 instructio
517 2650 622 2710 autern
654 2664 771 2711 causae
795 2644 965 2731 perficitur
987 2646 1108 2730 regulis
1136 2644 1216 2709 iuris
1237 2664 1325 2711 com-

150 2770 264 2833 munis.
299 2768 461 2843 Quocirca
483 2772 508 2834 si
534 2775 631 2837 testes
655 2770 804 2837 audiendi
829 2776 921 2845 sunt,
945 2772 1193 2855 interrogantur
1215 2788 1326 2835 coram

150 2898 307 2964 Auditore
331 2903 364 2963 et
388 2900 611 2983 responsiones
634 2899 675 2965 ad
699 2901 953 2985 interrogatoria
976 2900 1008 2963 in
1031 2899 1112 2965 actis
1137 2898 1328 2983 rediguntur

23 3032 25 3045 ¹
149 3040 168 3085 a
189 3022 327 3086 notario.
346 3056 364 3068 -
382 3020 564 3094 dilationes,
589 3020 806 3095 inhibitiones,
832 3023 1005 3087 monitoria
1030 3024 1107 3086 item
1131 3023 1163 3084 in
1187 3019 1326 3085 debitam

150 3141 287 3209 formam
311 3148 477 3228 concepta,
495 3144 686 3230 auctoritate
704 3144 859 3209 Ponentis
875 3143 916 3207 ad
930 3149 1056 3230 partem
1072 3144 1162 3209 cuius
1181 3143 1326 3218 interest,

150 3285 209 3349 per
223 3266 404 3351 appositum
421 3286 587 3331 cursorem
604 3266 805 3333 deferuntur.
831 3266 864 3334 Si
883 3268 947 3333 loci
963 3266 1015 3331 vel
1032 3268 1081 3331 rei
1096 3272 1328 3332 controversae

151 3390 509 3479 exploratio-facienda
534 3392 593 3471 sit,
617 3390 743 3457 accedit
770 3391 811 3458 ad
841 3392 948 3457 locum
974 3389 1112 3456 Auditor
1135 3390 1266 3455 Ponens
1288 3408 1328 3453 ea

152 3519 276 3581 ratione
299 3536 363 3599 qua
386 3537 443 3582 suo
467 3517 537 3581 loco
560 3516 616 3602 (ci.
637 3518 700 3582 rol.
717 3520 743 3591 1,
769 3539 801 3582 n.
819 3518 899 3603 502)
922 3516 1061 3583 diximus
1084 3514 1155 3583 lieri
1178 3536 1329 3582 accessus

150 3639 326 3721 iudiciales,
352 3645 384 3704 et
407 3640 451 3704 ita
473 3659 582 3725 porro.

240 3766 304 3833 Sed
327 3766 410 3837 haee
433 3772 466 3832 et
488 3767 553 3831 alia
575 3768 607 3834 id
630 3789 732 3855 genus
766 3772 841 3833 acta
875 3765 987 3852 perfici
1022 3768 1127 3834 solent
1161 3770 1194 3832 in
1225 3770 1330 3855 prima

152 3891 321 3967 instantia;
346 3910 448 3974 quare
472 3892 554 3977 apud
573 3892 605 3959 S.
623 3892 738 3957 Rotam
763 3892 977 3978 simpliciores
1000 3894 1106 3957 solent
1127 3912 1199 3958 esse
1218 3892 1331 3959 iudicis

153 4015 359 4081 instructoris
382 4024 500 4101 partes,
522 4018 576 4103 qui
599 4020 739 4083 maxime
764 4016 923 4083 incumbit
945 4017 979 4080 in
1001 4016 1157 4083 nonnulla
1178 4022 1252 4084 acta
1274 4016 1330 4083 ds·

155 4138 270 4203 stinata
293 4142 459 4224 processui
482 4140 662 4206 ordinando
685 4141 719 4205 in
743 4140 807 4207 hoc
829 4139 995 4205 tribunali.

243 4405 283 4478 (1)
303 4404 345 4459 Cf.
364 4403 420 4459 rol.
440 4405 460 4472 Ι,
479 4424 505 4461 n.
524 4406 587 4460 650.

299 4512 361 4566 Sar.
381 4511 459 4584 bopo
