3292 5109
601 291 710 340 monn
733 291 936 339 sinormcus
1296 271 1365 337 549

180 415 241 472 139.
261 416 382 486 Negotia
407 432 463 471 non
487 418 657 472 contentiosa
681 415 793 486 expedit
817 419 890 470 iuris
913 418 1012 471 ordine
1037 434 1094 472 aon
1118 427 1238 472 seruato.

288 524 429 585 Quomodo
447 526 498 579 fiat
516 523 672 578 huiusmodi
691 540 836 594 processus
873 563 1190 578 ........
1226 541 1292 595 pap.
1313 525 1366 579 166

182 630 241 685 140.
260 631 381 702 Negotia
401 631 582 702 Regularium
601 631 654 686 etsi
673 634 771 701 suapte
790 635 891 685 natura
903 631 1087 698 contentiosa,
1099 632 1172 685 iuris
1184 649 1234 686 or-

287 741 353 794 dine
371 757 426 794 noa
444 750 554 796 seruato
574 738 682 793 definiri
702 737 793 793 solent
824 775 1234 792 ..........
1270 755 1287 793 a
1310 739 1362 792 167

179 843 241 899 141.
260 845 299 900 lle
317 846 399 901 modo
418 845 571 918 exequendi
591 846 735 914 rescripta,
752 861 824 916 quae
842 846 878 898 ab
898 843 950 898 hoc
969 861 1098 915 processu
1120 861 1232 915 proma·

287 953 357 1004 nant
383 988 1235 1004 ....................
1272 964 1290 1007 >s
1320 948 1364 1003 ibi

178 1057 241 1112 142.
261 1055 300 1113 ue
319 1059 427 1114 ratione
447 1057 610 1130 procedendi
629 1057 698 1112 iuris
716 1056 812 1112 ordine
831 1056 992 1123 servatori
1008 1057 1112 1112 decreti
1131 1057 1186 1113 diei
1202 1057 1236 1110 15

287 1165 344 1218 lan.
366 1165 434 1220 1835
458 1165 531 1238 quod
556 1165 711 1235 exponitur.
732 1195 747 1204 -
773 1165 803 1218 ln
829 1165 926 1235 primis
950 1164 984 1218 de
1009 1163 1156 1218 cardinale
1178 1163 1234 1217 Po·

287 1275 371 1326 nente
390 1287 438 1325 seu
458 1270 591 1325 Relatore
602 1308 1235 1330 ...............
1272 1286 1288 1322 a
1311 1269 1363 1324 168

183 1375 240 1431 rie.
261 1377 300 1433 ne
318 1355 510 1432 ‘concordando
528 1376 612 1432 duero
644 1416 1236 1432 ..............
1273 1392 1291 1432 s
1312 1375 1365 1430 roe

177 1483 240 1538 144.
259 1484 299 1539 De
317 1501 401 1538 causa
419 1485 580 1541 instruenda
598 1485 749 1556 eademque
768 1485 924 1540 definitioni
945 1484 1141 1555 praeparanda.
1178 1524 1185 1537 .
1223 1525 1230 1538 .
1269 1484 1355 1538 »171

180 1588 240 1642 145.
260 1589 299 1645 De
318 1590 377 1644 aius
396 1590 566 1657 defiuitione,
586 1595 614 1644 et
632 1589 820 1660 appellatione
841 1595 870 1645 et
889 1590 1054 1645 executione
1090 1628 1097 1642 .
1136 1629 1143 1641 .
1180 1629 1189 1644 .
1226 1628 1233 1641 .
1270 1605 1287 1640 a
1308 1587 1361 1642 173

416 1823 434 1886 ἓ
454 1822 478 1873 2.
498 1821 541 1876 De
558 1821 685 1876 methodo
703 1829 815 1875 servate
833 1823 910 1890 apud
927 1822 998 1874 hene
1019 1819 1120 1890 Conpr.

351 1928 381 1979 irc
399 1929 587 1998 approbandis
606 1929 683 1981 nouis
703 1928 837 1981 institutis
858 1938 986 1981 votorum
1005 1928 1184 1998 simplicium.

176 2123 239 2176 146.
258 2123 461 2194 Inquisitiones,
481 2139 552 2193 quae
572 2122 623 2177 hac
642 2123 676 2178 de
696 2141 725 2178 re
744 2124 889 2178 faciendae
901 2129 967 2178 sunt
978 2123 1012 2177 ad
1023 2125 1171 2178 veritatem
1184 2124 1232 2179 de·

284 2230 460 2299 tangendam,
481 2231 593 2300 sapiunt
611 2231 772 2302 aliqualiter
791 2231 916 2304 ordinem
937 2231 1095 2285 iudicialem
1133 2270 1139 2283 .
1177 2271 1184 2283 .
1219 2248 1285 2301 pop.
1308 2231 1360 2284 174

177 2337 237 2391 147.
259 2338 449 2408 Requiruntur
467 2338 677 2394 informationes
695 2339 904 2393 Ordiuariorum
922 2339 951 2392 iu
976 2355 1095 2409 quorum
1122 2339 1232 2416 dioece-

284 2444 361 2497 sibus
380 2444 502 2499 lnstituti
522 2445 619 2500 domus
641 2444 786 2500 habentur.
824 2486 830 2496 .
868 2484 875 2499 .
913 2454 920 2498 ’.
957 2484 1233 2499 .......
1272 2461 1289 2497 a
1320 2445 1359 2499 ibi

176 2552 237 2607 148.
257 2553 284 2606 Si
305 2558 414 2608 constet
436 2553 596 2609 institutum
621 2571 681 2610 esse
702 2557 810 2621 boreum,
836 2557 914 2620 utile,
939 2556 1080 2624 possibile,
1102 2573 1157 2624 per·
1183 2557 1231 2609 de·

284 2669 392 2712 cretum
411 2659 546 2714 laudetur·
564 2677 662 2730 scopus
690 2700 697 2714 .
724 2701 742 2723 ,.
779 2701 786 2713 .
869 2701 876 2712 .
908 2669 911 2674 “
915 2699 1231 2713 ........
1269 2660 1361 2716 »175

150 2757 153 2768 '
176 2761 236 2816 149.
257 2763 356 2817 414010
374 2767 487 2819 decreto
507 2764 635 2819 laudatur
654 2766 744 2835 ipsum
764 2766 928 2820 institutum
956 2805 1231 2820 .......
1268 2781 1286 2824 4
1308 2767 1359 2821 176

176 2865 236 2920 150.
256 2865 315 2920 Hoc
333 2869 476 2923 decretum
496 2884 605 2937 semper
623 2869 766 2937 praemitti
782 2868 854 2924 solet
866 2871 979 2923 decreto
993 2873 1201 2940 approbationis
1220 2910 1226 2923 .
1264 2888 1281 2926 a
1313 2871 1352 2925 ibi

177 2973 236 3026 151.
256 2973 475 3029 constitutiones
487 2979 571 3030 autea
583 2977 773 3045 approbantur
791 2978 842 3030 sub
856 2979 1012 3032 conditione
1032 2980 1226 3048 experimenti,

284 3083 346 3138 dein
366 3085 492 3139 obsolute
518 3085 707 3154 approbantur
731 3125 1230 3141 ............
1267 3105 1285 3143 r>
1306 3089 1358 3144 177

602 3363 604 3370 ⁴
660 3351 819 3407 TITULUS
839 3353 872 3406 V.

294 3527 331 3566 DE
350 3527 441 3567 840114
460 3527 701 3568 GONGREGATIONB
721 3529 984 3568 pommeranos!
1004 3531 1041 3568 117
1061 3529 1234 3570 ΕΧΕΟΗΤΙΟΝΙ

555 3632 677 3672 0011011111
696 3634 774 3672 Turn.
795 3635 973 3673 Pnanmst'rs

366 3737 403 3775 ΕΤ
423 3737 459 3775 DE
479 3737 554 3777 Anus
574 3737 714 3778 CONGREG·
734 3739 764 3778 El
783 3739 906 3778 sounxts
925 3740 980 3778 All'l'
1007 3739 1164 3781 turtureus.

176 3930 651 4002 15211011000101401111000003.
671 3933 996 4003 posuitipsumCoucil.
1019 3934 1092 3989 Trid.
1127 3975 1133 3988 .
1172 3976 1179 3989 .
1212 3955 1279 4007 pop.
1301 3936 1354 3991 178

176 4039 235 4094 153.
258 4040 322 4093 Eius
341 4039 464 4095 evolutio
482 4045 512 4096 et
530 4057 628 4111 scopus
647 4057 681 4096 ox
700 4041 819 4097 decretis
838 4042 880 4095 Pii
898 4041 946 4109 lV,
960 4042 1003 4096 Pii
1023 4042 1056 4110 V,
1075 4043 1196 4098 SixtiiV
1216 4084 1223 4098 .
1260 4063 1278 4101 a
1300 4047 1351 4100 179

175 4149 236 4204 154.
255 4149 443 4221 Congregatio
458 4151 621 4221 praeteritio
640 4151 673 4204 ad
692 4151 876 4220 expediendas
900 4152 1079 4221 quaestiones
1104 4154 1138 4206 ab
1161 4153 1226 4223 Epi·

280 4259 370 4330 scopis
389 4260 551 4330 propositas,
570 4262 715 4316 occasione
735 4261 903 4316 visitationis
921 4261 967 4316 SS.
982 4262 1131 4329 Limiuum,
1144 4281 1160 4316 a
1174 4264 1226 4319 Be·

281 4366 392 4422 nedicto
409 4365 476 4420 XIV
494 4367 624 4422 instituta
637 4406 1224 4424 ..............
1262 4388 1279 4424 a
1300 4371 1353 4427 182
