3292 5109
475 300 520 345 nn
544 299 683 348 mn1c11s
706 300 972 357 nocnusrasrrcrs
1260 283 1327 350 189

242 422 314 489 161.
340 422 444 487 Huius
467 421 728 507 congregationis
750 425 963 507 competentia
987 420 1162 506 privativa
1185 422 1325 488 contine

143 552 203 614 tur
219 550 252 615 in
268 552 461 616 auctoritate
475 552 505 616 ei
528 570 683 616 concessa
705 549 941 636 interpretandi
958 550 1105 645 canones
1121 549 1328 641 Tridentinos

144 678 340 746 authentice
362 676 408 767 (l)
432 698 489 745 seu
519 680 649 745 nomine
681 679 844 763 Principis
874 686 908 745 et
937 677 1073 763 proinde
1104 698 1177 744 cum
1208 673 1326 743 effectu

143 801 312 889 obligandi
334 822 455 878 omnes,
479 804 510 868 vi
533 803 624 890 legis.
650 802 860 876 Advertatur,
884 822 943 867 nos
965 803 1021 868 hic
1043 822 1142 889 agere
1166 801 1206 865 de
1228 802 1325 867 inter·

143 930 330 1013 pretatione
360 930 491 1014 proprie
519 928 606 996 dicta
636 950 693 995 seu
724 928 764 993 de
794 928 1023 1014 explanatione
1053 946 1167 993 sensus
1196 925 1325 991 obscuri

143 1030 337 1139 legissadeo
357 1058 392 1119 ut
414 1054 638 1139 interpretatio
662 1054 702 1119 sit
725 1052 874 1118 ordinata
896 1052 936 1117 ad
960 1050 1172 1117 auferendum
1196 1049 1326 1116 dubium

143 1181 237 1245 iuris.
266 1181 495 1265 interpretatio
523 1180 608 1243 enim
631 1177 802 1245 iudicialis
826 1199 884 1243 seu
907 1197 949 1243 an
972 1198 1067 1243 casus
1090 1176 1263 1263 singularis
1287 1174 1326 1239 de

144 1322 211 1385 quo
236 1301 398 1387 litigantes
421 1300 616 1367 iudicialiter
639 1302 851 1373 contendunt,
877 1299 1170 1385 comprehendatur
1193 1299 1226 1363 in
1252 1298 1328 1381 lege

144 1428 256 1511 aliqua
271 1425 470 1503 Tridentina,
487 1427 628 1512 alioquin
648 1428 738 1492 clara
753 1447 811 1492 seu
827 1427 1001 1492 nullimode
1020 1424 1124 1507 dubia,
1139 1444 1207 1489 non
1223 1443 1263 1488 ea
1279 1428 1327 1487 est

140 1552 317 1637 privative
340 1559 508 1617 reservata
524 1552 555 1618 S.
573 1552 822 1639 congregationi
843 1551 1047 1637 praepositae
1066 1549 1327 1635 interpretationi

146 1674 272 1761 Synodi
297 1674 515 1740 Tridentinae.

241 1802 390 1867 lamvero
413 1802 525 1888 plures
547 1808 654 1867 motae
677 1807 752 1868 sunt
775 1802 979 1885 quaestiones
1006 1799 1045 1865 de
1075 1797 1169 1863 modo
1193 1802 1226 1863 et
1248 1815 1328 1880 qua·

144 1926 240 1991 litate
263 1925 540 2010 interpretationis
563 1924 784 1997 authenticae.
807 1944 850 1990 an
869 1942 985 2009 nempe
1001 1928 1034 1988 et
1049 1920 1175 2007 quando
1199 1920 1327 1985 univer·

144 2050 251 2115 salem
282 2052 315 2113 et
343 2048 514 2136 legiferum
546 2048 665 2114 habeat
692 2050 848 2113 valorem.
876 2083 893 2095 -
920 2046 1015 2111 Hanc
1037 2045 1256 2129 quaestionem
1287 2040 1329 2105 ad

145 2192 241 2237 suum
275 2170 402 2236 titulum
426 2172 634 2263 remittimus,
659 2190 721 2255 quo
752 2190 885 2256 agemus
914 2169 955 2234 de
984 2168 1097 2232 valore
1131 2164 1328 2230 decisionum

146 2295 181 2360 S.
200 2295 503 2381 congregationum.
529 2330 546 2343 -
574 2294 707 2359 Interim
723 2293 818 2359 huius
834 2292 934 2377 cong.
952 2294 1068 2357 exacte
1083 2286 1265 2354 definienda
1281 2290 1331 2351 est

146 2421 385 2504 competentia,
409 2438 474 2503 qua
502 2423 592 2484 recte
624 2418 856 2499 determinata,
880 2416 978 2482 facile
1009 2417 1072 2481 erit
1101 2433 1241 2501 pensare
1264 2412 1329 2476 vim

146 2550 316 2621 actorum;
341 2546 457 2631 quippe
481 2546 562 2611 haec
586 2565 658 2610 cum
683 2566 740 2611 suo
764 2545 853 2609 fonte
877 2543 998 2609 habent
1016 2544 1232 2607 necessariam
1256 2560 1329 2605 con-

146 2674 325 2737 nexionem
357 2670 490 2737 effeotus
520 2670 560 2736 ad
591 2691 732 2737 causam.
756 2670 855 2753 Atqui
878 2669 998 2735 excit.
1022 2667 1130 2735 const.
1157 2669 1330 2733 Immensae

147 2797 263 2864 Sixtus
277 2798 309 2863 V
327 2798 488 2862 concessit
510 2797 587 2862 huic
610 2797 861 2882 congregationi
884 2795 1069 2859 facultatem
1093 2792 1329 2880 interpretandi

148 2922 250 2988 conc.
274 2920 373 2997 Trid,
399 2922 576 3006 praemissa
598 2927 706 2987 tamen
731 2923 841 3005 Papae'
864 2920 1113 2995 consultatione3
1138 2939 1196 2985 seu
1223 2924 1258 2984 ut
1284 2920 1330 2984 ait
1362 2936 1368 2950 ·

149 3046 308 3115 Pontifex
342 3046 485 3113 «Nobis
509 3051 622 3111 tornea
645 3046 805 3112 consultis
825 3067 856 3109 ».
882 3045 944 3111 Sed
967 3046 1122 3109 Doctores
1149 3045 1204 3110 hic
1231 3062 1329 3128 quae-

149 3177 245 3246 runt;
270 3177 377 3239 utrum
400 3192 459 3256 per
481 3172 564 3237 haec
585 3169 688 3235 verba
712 3170 961 3256 congregationi
985 3189 1140 3236 concessa
1162 3172 1204 3235 sit
1226 3171 1329 3234 inter·

149 3295 291 3380 prelatio
321 3294 509 3361 restrictiva
532 3296 600 3359 sive
623 3295 797 3381 extensive
821 3294 1083 3359 Tridentinorum
1106 3293 1329 3374 Decretorum,

150 3418 205 3482 vel
230 3415 426 3483 solummodo
449 3416 736 3500 comprehensiva.
752 3414 907 3482 Putamus
921 3415 1007 3481 haud
1024 3414 1184 3482 difficilem
1201 3435 1331 3501 respen-
1383 3413 1386 3418 ’

243 3678 283 3751 (1)
304 3679 383 3733 ltrvat
396 3680 519 3735 recolere
538 3678 754 3735 declarationem
765 3678 892 3749 Gregorii
903 3679 977 3744 Xlll,
987 3696 1070 3749 quam
1084 3681 1169 3734 refert
1183 3679 1331 3748 fagnanus

151 3788 182 3838 in
201 3804 261 3855 cap.
278 3786 421 3853 moniam,
435 3786 476 3840 De
494 3786 583 3839 Const.
596 3804 622 3838 n.
637 3786 690 3852 37,
703 3784 825 3840 scilicet:
844 3798 862 3841 a(
874 3784 911 3839 Et
923 3784 1073 3855 Gregorius
1086 3783 1150 3838 11111
1169 3783 1249 3851 dixit,
1261 3800 1333 3837 ntru-

151 3907 236 3961 qnnm
262 3906 328 3944 suae
354 3890 518 3945 intentionis
536 3890 621 3945 fuisse
643 3890 817 3945 committere
837 3890 1034 3961 [cpiscoporum
1053 3890 1280 3961 Congregationi‚
1299 3896 1332 3945 ut

151 3996 186 4051 de
207 3996 241 4049 iis
259 4012 331 4066 qnae
350 3994 384 4049 ad
403 3995 664 4065 interpretationem
682 3995 800 4051 concilii
820 3997 1006 4065 pertinerent,
1025 4000 1074 4049 arnt
1092 3996 1126 4051 de
1144 3996 1211 4066 ipsis
1230 3994 1331 4063 congr.

152 4098 272 4153 Concilii
289 4098 416 4164 decretis,
430 4104 618 4168 cognosceret.
638 4099 708 4153 Illud
720 4104 813 4155 autem
827 4117 857 4155 se
870 4105 946 4154 recte
959 4100 1125 4166 meminisse,
1138 4100 1179 4154 ait
1191 4098 1333 4153 Sanctitas

153 4202 217 4272 Sua,
236 4204 406 4260 commisisse
428 4205 529 4275 congr.
549 4206 667 4261 concilii
692 4223 726 4261 ea
750 4208 844 4261 omnia
869 4222 940 4277 quae
963 4206 997 4259 ad
1017 4204 1172 4259 concilium
1192 4205 1331 4273 interpre-

153 4312 268 4367 tandum
296 4313 451 4383 pertinent,
472 4314 512 4368 uti
531 4318 574 4369 est
599 4315 759 4369 adnotatum
780 4315 808 4368 in
828 4314 908 4368 libris
928 4314 1046 4383 publicis
1064 4313 1089 4367 S.
1110 4314 1206 4383 cnng,
1225 4312 1272 4366 lib.
1289 4311 1332 4377 10,

154 4419 200 4474 iol.
220 4421 274 4475 557
286 4435 311 4479 ).
1129 4421 1131 4423 ’
