3292 5109
443 304 486 351 ne
510 288 649 352 malcus
673 305 940 353 rccnasrnsrrcrs
1224 287 1280 351 111

290 570 315 652 §
338 570 370 634 1.
401 570 453 635 De
473 568 646 654 requisitis
672 570 719 636 ad
745 572 898 637 valorem
921 577 1091 645 actuum,

214 696 246 757 et
273 692 316 759 de
341 692 516 759 nonnullis
537 694 667 779 repetis
690 693 737 759 ud
760 693 823 761 boc
845 694 944 761 editis
965 714 989 759 a
1012 694 1110 762 Siata
1134 696 1169 761 V.

113 904 318 961 Summaritm.
338 935 372 947 -
394 906 451 959 104.
471 904 542 967 Quid
561 906 720 976 requiratur
738 910 769 959 ut
789 910 853 960 acta
871 906 966 962 valeat
978 913 1007 962 et
1020 909 1090 961 fiant
1109 906 1280 962 authentica.

190 1042 226 1055 -
245 1014 304 1067 105.
324 1012 465 1069 Nonnulla
483 1012 598 1082 negotia
613 1014 754 1083 privative
767 1013 852 1068 alicui
871 1014 1089 1085 congregationi
1109 1020 1282 1086 competunt,

192 1121 248 1175 alia
263 1122 443 1191 cumulatius,
455 1137 554 1191 nempe
573 1121 634 1174 iura
654 1121 869 1191 praeventionis.
889 1150 924 1163 -
946 1122 1004 1177 106.
1018 1122 1201 1193 Explicantur
1214 1138 1282 1193 qua·

191 1228 252 1279 tuor
272 1227 387 1296 regulae
407 1226 497 1282 aditae
516 1243 534 1280 a
552 1226 631 1279 Sixto
651 1226 683 1279 V.

194 1424 266 1489 104.
291 1424 371 1491 Gum
393 1426 504 1511 primis
520 1428 594 1511 qnia
610 1427 705 1513 plena
721 1424 937 1511 congregatio
953 1423 1100 1511 procedit
1114 1423 1154 1488 ad
1178 1425 1281 1488 instar

116 1547 270 1613 tribunalis
293 1546 481 1633 colleglalis‚
506 1549 583 1614 hinc
606 1548 638 1615 id
662 1550 842 1614 sententiae
864 1570 922 1613 seu
945 1548 1068 1613 decreti
1092 1548 1156 1612 rim
1180 1545 1281 1612 habet

117 1668 188 1751 quod
210 1670 320 1734 maiori
345 1671 429 1755 parti
452 1670 581 1755 placuit.
606 1670 639 1737 Si
662 1675 738 1735 vota
761 1670 826 1735 sint
849 1671 950 1754 paria,
975 1670 1023 1735 rei
1051 1666 1192 1734 definitio
1217 1668 1279 1733 dit·

117 1790 209 1857 fertur
236 1792 276 1858 ad
312 1792 452 1858 alterum
488 1792 704 1857 Oardmalium
740 1798 934 1857 conventum
969 1792 1033 1857 hac
1069 1791 1279 1876 responsione

117 1912 225 1982 Diluta
248 1950 266 1961 -
291 1913 415 1999 Singuli
432 1920 537 1979 autom
555 1912 744 1981 cardinales
760 1913 1012 2001 Congregationi
1035 1912 1153 1979 addicti
1170 1919 1278 1979 votum

114 2035 221 2115 babent
242 2012 499 2119 deliberativum,
516 2037 571 2102 sed
596 2038 629 2102 in
645 2056 736 2102 more
759 2042 816 2119 est,
837 2042 873 2101 ut
894 2035 1075 2104 Cardinalis
1098 2040 1151 2122 qui
1175 2039 1280 2124 prima

115 2160 177 2224 viee
197 2160 373 2225 intervenit
397 2160 656 2247 Congregationi‚
673 2157 832 2224 abstineat
855 2178 875 2223 a
898 2163 973 2224 voto
997 2162 1087 2243 quasi
1109 2165 1186 2225 tuno
1211 2160 1279 2225 edi·

115 2301 196 2347 scene
218 2283 376 2349 rationem
399 2280 544 2368 suffragii
568 2281 704 2347 terendi.

193 2408 367 2473 Praeterea
391 2408 630 2475 decernendum
654 2412 725 2473 erat
756 2414 833 2491 quet
857 2410 1067 2491 requirantur
1090 2406 1279 2476 Cardinales

115 2532 293 2615 adplenum
312 2535 617 2623 Conpreqotionem
634 2534 900 2601 constituendam.
918 2534 990 2600 Hoc
1006 2536 1108 2600 edixit
1124 2535 1233 2602 Sixtus
1246 2535 1278 2599 V

115 2656 262 2722 inconst
289 2658 463 2723 Immensa
485 2664 645 2723 statuens:
673 2656 778 2733 ‹Quo
802 2657 961 2723 dictarum
984 2658 1279 2745 congregationum

115 2784 320 2867 expeditiones
344 2785 470 2851 validae
500 2786 658 2866 existant,
684 2783 874 2849 Cardinales
904 2787 937 2848 in
969 2784 1111 2867 qualibet
1135 2785 1279 2871 Congre-

117 2905 228 2985 gatione
251 2926 316 2969 nou
340 2907 406 2969 sint
429 2908 597 2991 pauciores
613 2906 715 2973 tribus
732 2927 763 2969 1.
789 2904 983 2989 Iampridem
1007 2904 1098 2990 leges
1114 2905 1279 2969 Romanae

119 3034 256 3094 caverant
286 3036 357 3094 tres
388 3029 502 3093 saltem
531 3029 657 3095 Iudices
685 3029 883 3093 constituere
906 3028 1087 3113 collegium,
1112 3047 1177 3092 non
1200 3048 1279 3114 pau·

117 3150 215 3217 riores.
240 3188 257 3201 -
283 3152 346 3220 Sed
371 3154 448 3221 Pius
465 3155 545 3219 Vin
560 3159 648 3219 motu
664 3157 795 3240 proprio
814 3154 903 3219 Cnm
924 3151 1035 3235 felicis
1058 3173 1117 3238 pro
1134 3154 1278 3240 Congre-

118 3277 228 3357 gatioue
246 3277 282 3369 S.
308 3274 416 3343 Officii
442 3279 668 3363 praescripsit:
696 3297 714 3341 ‹
738 3279 804 3343 Pro
828 3278 966 3343 faciliori
990 3297 1160 3343 causarum
1184 3298 1279 3363 expe·

117 3396 219 3466 ditione
240 3403 419 3482 statuimus,
440 3402 643 3468 decernimus
661 3407 693 3467 et
709 3402 895 3467 ordinamus
911 3408 947 3468 ut
962 3402 1112 3486 quidquid
1136 3422 1195 3487 per
1210 3422 1278 3466 ma-

118 3520 202 3587 iorem
223 3530 348 3609 partem
373 3526 599 3611 praesentium,
625 3500 686 3599 vel,
712 3525 871 3609 aliquibus
897 3526 1092 3598 absentibus,
1117 3546 1176 3609 per
1199 3526 1279 3592 duos

116 3660 150 3706 eu
169 3646 336 3729 praedictis
360 3645 584 3713 Cardinalibus
608 3646 767 3733 deputatis
771 3696 822 3711 .....
849 3652 985 3732 gestum,
1010 3646 1201 3720 ordinatum,
1227 3646 1278 3713 de-

116 3774 240 3845 cretum,
265 3774 473 3837 terminatum
496 3778 552 3837 aut
579 3774 806 3839 sententiatum
831 3775 990 3845 extiterit,
1016 3775 1057 3840 sii
1080 3773 1222 3839 validum
1246 3780 1278 3839 et

117 3886 225 3957 firmum
248 3897 292 3960 ita
316 3901 348 3961 et
371 3896 481 3962 taliter
496 3896 579 3981 quod
602 3898 691 3962 nullo
714 3898 808 3962 mode
832 3898 1015 3983 impugnari
1040 3900 1141 3984 possit
1156 3921 1187 3964 ».

190 4019 303 4084 Altera
317 4021 433 4107 regula
447 4025 497 4086 est
508 4042 567 4108 pro
579 4020 826 4087 authenticitate
842 4028 988 4086 actorum
1002 4041 1277 4107 quarumcumque

117 4134 408 4227 congegatienum
432 4163 513 4227 quae
529 4142 643 4229 regula
659 4146 810 4230 evulgata
826 4145 887 4212 fuit
902 4143 942 4209 ab
960 4146 1090 4211 Urbano
1107 4146 1190 4212 VIII
1208 4146 1278 4211 diei

119 4260 235 4355 trop.
257 4269 344 4335 1631
366 4291 425 4355 per
448 4290 585 4355 sequens
608 4272 775 4337 decretum
799 4271 831 4337 S.
857 4273 956 4359 Cong.
981 4274 1097 4339 conc:
1123 4274 1276 4339 ‹Decla-

119 4390 286 4460 rutiontbns
310 4399 381 4461 torn
403 4395 577 4479 impressis
602 4402 671 4461 torn
695 4396 933 4479 irnprimendis
956 4416 1061 4482 qnam
1084 4398 1276 4464 manuscri-
