3292 5109
502 290 546 336 nn
569 289 709 337 1unrcms
732 287 997 336 nconnsmsmms
1283 266 1350 334 387

171 436 288 504 scopus
311 417 381 481 sive
403 414 679 500 Archiepiscopus
700 415 733 479 in
757 412 907 479 districtu
935 432 1012 477 suae
1040 412 1196 478 dioecesis
1218 412 1271 477 vel
1297 432 1352 477 ar-

171 542 400 609 chidioecesis:
424 547 458 607 et
480 542 552 605 inre
576 560 638 625 quo
661 541 784 606 utimur
807 538 864 623 (of.
888 541 952 606 ool.
970 540 998 615 1,
1022 560 1055 605 a.
1074 538 1160 626 622)
1185 543 1233 605 est
1256 538 1354 604 iudex

170 667 297 753 primae
313 666 488 730 instantiae
504 666 596 730 iuxta
609 666 847 750 praescriptum
865 662 1003 729 celebris
1019 682 1094 747 cop.
1111 662 1171 738 20,
1189 661 1276 729 Sese.
1292 660 1352 738 24,

171 790 221 856 De
235 789 302 873 ref.
323 787 466 856 Concilii
487 787 581 853 Trio.
601 824 618 837 -
637 789 681 853 At
694 791 871 873 praeterea
887 785 1159 873 Archiepiscopus
1174 804 1237 869 qua
1256 784 1354 851 iudex

171 914 335 981 secundae
359 914 533 981 instantiae
556 918 605 979 est
628 912 726 977 iudex
752 911 937 977 ordinarius
959 912 993 977 in
1016 931 1074 977 sua
1103 914 1272 997 provincia
1295 913 1355 978 Ec·

172 1040 365 1113 clesiastica
389 1046 449 1124 pro
473 1058 627 1103 mensura
657 1039 892 1124 competentiae
915 1038 975 1123 ipsi
1003 1057 1158 1124 expresse
1181 1038 1354 1105 attributae

172 1184 193 1230 a
217 1165 404 1232 canonibus.

262 1288 338 1353 309.
365 1288 442 1352 Iure
467 1287 684 1351 Decretalium
706 1285 884 1351 tribunalia
899 1285 1101 1353 habebantur
1117 1286 1283 1353 ordinaria
1298 1286 1355 1355 sed

174 1413 332 1479 inferiora
356 1412 606 1499 episcopalibus;
631 1415 782 1478 nimirum
806 1414 980 1479 constituta
996 1418 1090 1479 erant
1104 1413 1280 1480 tribunalia
1295 1418 1355 1480 Ar·

173 1538 413 1605 chidiaconalia
424 1544 457 1603 et
469 1538 528 1603 sub
540 1537 676 1604 diversis
688 1538 811 1612 formis,
826 1540 934 1623 prouti
947 1538 1051 1604 refert
1063 1540 1259 1607 Benedictus
1270 1542 1355 1609 XIV

173 1661 224 1726 De
247 1659 330 1747 Syn.
357 1661 460 1728 dioec.
485 1660 541 1728 lib.
565 1662 640 1736 Ill,
666 1681 741 1746 cap.
764 1662 807 1742 2,
833 1682 867 1727 a.
892 1661 935 1728 3:
961 1682 979 1725 s
1007 1664 1169 1729 Extinctis
1199 1664 1355 1751 Chorepi-

172 1769 296 1871 scopis,
323 1784 504 1853 sollicitudo
534 1784 693 1851 lustrandi
725 1786 908 1852 rusticanas
938 1787 1126 1873 parochias,
1151 1789 1356 1874 praesidendi

173 1911 283 1994 parvis
308 1910 440 1995 oppidis,
458 1908 643 1994 corrigendi
667 1914 700 1974 et
721 1910 875 1995 puniendi
898 1911 933 1974 in
956 1910 1007 1976 his
1030 1909 1184 1995 degentes
1208 1913 1355 1995 clericos,

174 2054 256 2118 quae
278 2036 369 2119 prius
395 2033 642 2119 Ghorepiscopis
673 2033 885 2120 competebat,
916 2036 1076 2101 translata
1103 2042 1152 2101 est
1174 2037 1214 2117 {in
1238 2036 1356 2101 Archi·

174 2157 395 2245 presbyteros,
409 2158 676 2240 Archidiaconos,
692 2164 726 2224 et
742 2160 889 2225 Decanos
905 2161 1050 2237 rurales;
1068 2161 1152 2227 unde
1168 2162 1356 2247 Sigebertus

175 2285 208 2347 in
222 2283 384 2349 Chronico
400 2304 500 2371 agens
513 2284 553 2350 de
564 2284 703 2349 Damaso
716 2286 749 2349 lI
763 2287 816 2368 qui
829 2284 1058 2352 Pontificatum
1073 2288 1144 2353 iniit
1158 2308 1244 2355 anno
1258 2290 1355 2372 1048,

174 2406 432 2472 Archidiaconos
457 2428 530 2473 cum
554 2407 800 2493 chorepiscopis
833 2408 1018 2491 confundit,
1042 2411 1088 2474 ita
1111 2411 1273 2477 scribens:
1298 2414 1356 2479 Da-

175 2551 284 2596 masus
310 2531 399 2617 Papa
415 2530 562 2598 decrevit
582 2551 624 2596 ne
648 2531 722 2615 quid
746 2537 862 2599 contra
878 2534 1054 2618 Episcopos
1068 2542 1277 2619 praesumant
1292 2538 1357 2603 Ar-

175 2654 360 2720 chidiaconi
375 2655 427 2739 qui
444 2654 594 2720 dicuntur
610 2654 840 2741 Ghorepiscopi
864 2657 947 2723 idest
968 2658 1119 2723 villarum
1136 2666 1168 2725 et
1188 2664 1357 2748 regionum

175 2780 339 2865 Episcopi.
356 2781 463 2845 Erant
485 2781 586 2865 igitur
607 2779 851 2855 Archidiaconi
870 2782 1002 2847 Diaconi
1026 2788 1059 2848 et
1081 2779 1201 2849 similes
1224 2787 1257 2849 in
1278 2786 1358 2852 (iho-

176 2907 421 2991 repiscoporum
444 2906 551 2970 locum
574 2902 710 2978 suffecti,
734 2907 861 2971 Vicarii
887 2908 1024 2990 rurales,
1042 2928 1099 2974 seu
1123 2909 1262 2975 Foranei
1286 2912 1358 2997 Epi-

176 3048 359 3114 scoporum.
384 3030 567 3115 Propterea
590 3030 768 3096 Concilium
792 3031 996 3099 Londinense
1018 3036 1094 3098 anni
1121 3034 1215 3110 1237,
1232 3056 1304 3103 can.
1326 3039 1357 3113 2,

176 3150 438 3225 Archidiaconis,
456 3156 566 3237 utpote
588 3153 677 3217 vices
692 3154 842 3239 Episcopi
863 3155 896 3217 in
919 3155 979 3220 sibi
1003 3158 1178 3223 commissis
1202 3157 1358 3227 dioecesis

176 3274 375 3357 regiuncolis
391 3273 591 3351 obeuntibus,
608 3277 762 3361 iniungit;
786 3281 822 3341 ut
844 3277 878 3342 in
902 3276 1114 3345 decanatuum
1130 3302 1261 3347 suorum
1285 3303 1358 3349 con·

175 3395 327 3461 ventibus
352 3396 544 3462 Sacerdotes
566 3399 706 3463 maxime
728 3399 763 3462 in
786 3399 837 3466 his
862 3400 1011 3469 studeant
1033 3403 1180 3479 erudire,
1204 3406 1358 3473 docentes

177 3539 249 3594 eos,
275 3521 417 3604 qualiter
447 3522 535 3585 circa
560 3522 766 3607 Baptismum‚
792 3524 1039 3609 Poenitentiam‚
1064 3528 1302 3596 Eucharistiam
1326 3537 1359 3598 et

176 3647 419 3715 Matrimonium
444 3646 581 3713 debeant
603 3668 639 3714 se
662 3648 827 3715 habere...
853 3656 886 3716 et
909 3650 1086 3719 Concilium
1103 3640 1358 3722 Lambethanum

176 3775 253 3839 anni
269 3774 364 3846 1261,
379 3794 455 3857 cap.
468 3772 519 3847 31,
533 3794 572 3840 ac
584 3774 765 3841 Concilium
777 3776 818 3841 ad
832 3778 971 3844 Pontem
983 3778 1159 3845 Audemari
1170 3784 1246 3848 anni
1260 3783 1357 3859 1279,

176 3919 253 3965 can.
279 3900 332 3981 21,
356 3899 470 3964 iisdem
493 3899 741 3967 Archidiaconis
757 3907 791 3967 et
807 3901 960 3968 Diaconis
975 3904 1138 3973 ruralibus
1153 3908 1253 3973 veluti
1268 3910 1360 3975 iuris

179 4022 350 4088 dictionem
377 4024 525 4109 inpagis
557 4025 802 4100 exercentibus.
829 4026 974 4101 districte
1004 4038 1242 4117 praeceperunt
1268 4035 1359 4099 utin

179 4144 322 4211 Clericos
346 4145 646 4214 animadverterent
667 4151 720 4233 qni
744 4147 936 4217 clericalem
960 4154 1140 4220 Tonsuram
1163 4177 1228 4221 non
1251 4162 1359 4243 gesta-

178 4275 296 4334 rent».
315 4270 354 4334 ln
370 4291 457 4336 num.
471 4291 537 4356 seq.
551 4272 592 4337 cl.
605 4274 730 4340 Auctor
745 4276 899 4341 advertit:
918 4278 1075 4344 «Morem
1088 4280 1183 4345 istum
1199 4282 1359 4366 partiendi

179 4389 351 4458 dioecesim
382 4395 416 4458 in
445 4394 578 4461 totidem
608 4397 709 4463 veluti
739 4378 939 4467 minuscolos
967 4401 1195 4488 Episcopatus,
1223 4388 1358 4489 quorum
