3292 5109
328 256 373 323 78
847 274 931 322 rans
956 273 992 320 n.

329 400 378 465 rei
412 401 587 486 litigiosae,
612 398 667 464 sed
695 400 862 465 continent
896 400 1074 484 simplicem
1112 402 1316 487 petitionem,
1340 399 1441 466 veluti
1472 402 1511 464 ut

328 523 515 590 admittatur
553 530 643 590 noua
681 523 873 615 audientia,
909 528 944 589 ut
982 522 1181 589 deliberetur
1218 512 1398 607 quaenam'
1414 522 1512 589 dubii

326 648 481 732 fomenta
510 650 552 714 sit
582 647 795 721 admittenda,
825 654 856 714 et
891 650 935 719 ita
968 670 1077 734 porro.
1114 652 1263 717 Iamvero
1297 650 1512 735 congregatio

330 772 454 838 Rotalis
476 773 509 836 in
533 792 596 856 qua
617 776 801 839 tractantur
832 773 963 859 negotia
991 774 1200 856 contentiosa,
1224 774 1311 839 dicta
1342 778 1391 838 est
1420 771 1513 839 Rota

328 895 512 964 dubiorum
535 896 587 961 vel
615 896 840 983 Conpreqatio
864 894 1017 979 mnatre
1040 897 1106 964 alia
1120 917 1200 962 vero
1223 896 1382 963 destinata
1400 894 1441 959 ad
1458 895 1513 960 de

329 1022 531 1087 liberandum
554 1023 643 1088 circa
662 1023 832 1107 petitiones
855 1021 1118 1087 extraiudiciales
1134 1022 1223 1089 Rota
1243 1022 1510 1089 memorialium.

331 1149 373 1215 Et
396 1150 441 1212 De
464 1148 562 1221 Luca,
587 1148 608 1212 l.
633 1167 660 1213 c.
685 1167 718 1212 n.
736 1146 784 1211 47
807 1151 931 1219 narrat,
956 1145 1080 1213 Rotam
1104 1147 1358 1213 memoriolium
1382 1147 1513 1212 solitam

331 1273 429 1339 luisse
460 1272 575 1338 haberi
606 1273 711 1357 prima
734 1270 785 1337 die
808 1277 880 1357 post
902 1272 1099 1353 vacationes,
1124 1277 1157 1337 et
1179 1272 1291 1337 ultima
1317 1276 1394 1337 ante
1417 1291 1514 1337 vaca-

330 1374 444 1460 tiones.

421 1518 473 1583 80.
502 1518 702 1603 Magnopere
735 1517 888 1583 solemnis
922 1524 994 1585 erat
1028 1519 1244 1590 caeremonia,
1269 1538 1332 1602 qua
1366 1516 1514 1583 tribunal

331 1646 363 1711 S.
389 1646 501 1716 Rotae,
519 1647 590 1728 post
612 1645 797 1709 vacationes
819 1643 968 1715 aestivas,
993 1644 1118 1708 initium
1142 1643 1238 1708 dabat
1261 1662 1347 1707 anno
1371 1642 1513 1708 inridico

332 1770 450 1836 Rotali.
468 1767 562 1837 Oard.
585 1770 630 1833 De
647 1768 734 1832 Luca
748 1767 831 1832 haec
848 1766 952 1836 reicit
975 1768 996 1831 l.
1012 1787 1040 1833 c.
1064 1789 1098 1833 n.
1116 1767 1182 1833 46.-
1200 1745 1219 1829 ᾇ
1235 1770 1302 1834 Ista
1317 1787 1397 1831 vero
1418 1787 1514 1853 aper·

330 1900 405 1961 tura
424 1890 460 1959 fit
482 1913 554 1959 cum
578 1910 697 1979 magna
719 1911 835 1977 pompa
857 1911 939 1976 qnae
963 1894 1095 1957 nimiam
1117 1891 1288 1958 tribunalis
1310 1894 1513 1958 maiestatem

331 2017 465 2083 redolet.
499 2016 660 2100 Siquidem
695 2015 766 2081 aliis
800 2015 1034 2099 antiquioribus
1068 2016 1266 2081 auditoribus
1301 2018 1453 2102 privatim
1477 2020 1514 2083 in

331 2140 481 2208 curribus
497 2140 723 2207 accedentibus
745 2140 785 2205 ad
809 2137 970 2205 Palatium
993 2140 1199 2222 Vaticanum,
1224 2141 1286 2206 duo
1309 2142 1454 2206 iuniores
1479 2142 1514 2205 in

332 2265 440 2332 habito
463 2265 654 2350 praelatitio
669 2284 783 2350 nempe
807 2284 881 2329 cum
905 2265 1081 2346 rocchetto,
1102 2284 1204 2351 cappa
1228 2285 1346 2352 magna
1369 2271 1402 2330 et
1424 2265 1514 2350 pileo

332 2390 524 2476 praelatitio‚
541 2387 731 2473 aequitando
761 2388 920 2479 accedunt
943 2388 983 2455 ad
1006 2389 1153 2454 eumdem
1176 2389 1281 2455 locum
1312 2390 1464 2456 associati
1489 2411 1510 2455 a

332 2513 454 2580 duobus
480 2513 644 2579 advocatis
674 2512 958 2587 consistorialibus,
983 2515 1035 2598 qui
1060 2515 1182 2599 pariter
1205 2516 1372 2597 aequitant
1405 2513 1514 2580 induti

332 2636 469 2721 quodam
499 2637 633 2703 solemni
661 2637 772 2703 habitu
794 2638 949 2710 violaceo,
963 2641 1016 2723 qui
1040 2659 1100 2723 per
1122 2657 1178 2702 eos
1202 2639 1234 2701 in
1258 2626 1407 2722 cappella
1430 2657 1515 2722 pon·

332 2759 431 2827 tiflcia
459 2766 491 2827 et
522 2764 554 2826 in
586 2760 721 2846 publicis
752 2759 970 2833 functionibus
1003 2759 1149 2826 adhiberi
1183 2760 1281 2835 solet;
1306 2778 1346 2827 ac
1368 2761 1467 2825 etiam
1491 2780 1514 2825 a

332 2883 454 2951 duobus
477 2883 742 2970 procuratoribus
766 2884 910 2969 Collegii,
930 2883 1155 2969 praecedente,
1168 2884 1202 2947 in
1218 2886 1346 2970 copioso
1362 2903 1514 2957 numero,
1625 2875 1627 2884 '

333 3008 515 3093 qualificato
538 3030 578 3075 ac
600 3009 733 3075 solemni
767 3010 910 3093 equitatu
932 3009 1073 3094 plurium
1096 3008 1265 3074 curialium
1289 3028 1329 3073 ac
1354 3009 1514 3074 nobilium

332 3134 481 3198 virorum
515 3138 548 3198 et
580 3134 768 3197 aulicorum*
794 3130 999 3196 familiarium
1028 3129 1246 3196 cardinalium
1281 3151 1355 3196 cum
1391 3151 1515 3217 magna

333 3254 459 3339 quidem
482 3254 685 3319 solemnitate
701 3274 740 3317 ac
756 3272 880 3339 pompa.
907 3252 1079 3336 Postquam
1103 3272 1183 3319 vero
1206 3252 1246 3316 ad
1267 3252 1376 3319 locum
1392 3251 1515 3318 deven-

332 3383 399 3444 tum
423 3383 480 3453 est,
496 3377 642 3442 omnibus
665 3374 876 3442 Auditoribus
899 3376 932 3439 in
956 3374 1069 3440 eodem
1093 3374 1205 3440 habitu
1227 3376 1410 3461 praelatitio
1435 3396 1512 3441 cum

333 3501 501 3567 rocobetto
524 3500 648 3566 scilicet
671 3505 703 3567 et
725 3519 828 3585 cappa
850 3498 937 3583 (cum
960 3518 1022 3582 qno
1045 3516 1172 3584 semper
1195 3501 1229 3563 in
1254 3500 1338 3565 ltota
1362 3501 1513 3566 interve-

333 3626 449 3705 niunt),
481 3622 664 3691 sedentibus
688 3624 720 3687 in
744 3622 880 3707 quodam
910 3623 982 3687 loco
1005 3624 1158 3687 eminenti
1190 3624 1284 3687 aulae
1315 3625 1512 3698 exterioris,

333 3733 440 3829 ibique
462 3745 683 3811 assistentibus
709 3744 856 3811 omnibus
878 3744 1043 3810 advocatis
1066 3744 1351 3819 consistorialibns,
1376 3746 1515 3837 aliisque

334 3869 493 3935 nobilibus
517 3870 595 3935 viris
617 3870 809 3955 praesertim
844 3869 1042 3957 litigantibus
1069 3877 1103 3935 et
1126 3868 1342 3937 Gardinaliurn
1379 3870 1517 3936 familia·

334 3996 432 4067 ribus,
447 3999 500 4081 qui
525 3999 717 4080 equitarunt.
743 3998 910 4081 Leguntur
932 3998 1022 4081 prins
1044 3985 1171 4081 aliquae
1195 3998 1400 4082 Apostolicae
1432 3997 1514 4065 Con·

335 4121 516 4187 stitutiones
539 4120 743 4205 disponentes
758 4118 798 4185 de
813 4119 984 4185 tribunalis
1009 4122 1165 4206 regimine
1181 4140 1220 4185 ac
1236 4120 1424 4187 directione.
1451 4122 1515 4187 De·

334 4244 471 4328 indeque
495 4264 577 4310 unus
592 4264 635 4310 ex
649 4243 847 4310 auditoribus
870 4263 930 4330 per
951 4249 1083 4312 turnum
1107 4244 1257 4329 (excepto
1283 4245 1435 4329 Decano),
1448 4246 1515 4311 fre·

335 4372 485 4453 quentius
511 4389 590 4435 vero
621 4370 740 4443 iunior,
766 4366 901 4435 brevem
923 4368 979 4434 sed
1010 4390 1145 4455 gravem
1167 4388 1208 4436 ac
1231 4371 1414 4457 elegantem
1446 4372 1515 4459 agit
