3292 5109
456 300 501 347 DE
525 298 663 347 molens
688 298 956 349 nccnssrnsrlcrs
1256 278 1298 345 Π

127 425 190 487 iam
218 421 316 508 elapsi
342 423 394 487 vel
419 424 612 489 rescissione
635 424 816 489 sententiae
842 422 883 488 de
910 425 981 488 iure
1005 423 1134 487 omnino
1161 421 1297 490 validae.

124 548 168 611 De
191 568 253 613 uno
277 547 444 630 alteroque
466 546 619 611 tribunali
644 567 701 611 suo
724 548 796 613 loco
820 549 928 633 aliqua
950 548 1153 613 disseremus.

122 700 129 711 ·
211 672 263 738 18.
288 671 351 737 Sed
379 672 482 737 Rotae
505 672 680 739 Auditures
704 692 751 737 em
775 672 1011 739 commissione
1034 672 1154 755 Papae
1185 690 1300 736 causas

124 796 287 877 sistebant,
311 818 369 861 seu
393 796 604 881 matutinum
633 817 698 862 non
727 794 890 861 habebant
920 798 1166 881 competentiam
1193 812 1300 878 neque

123 922 154 984 in
170 920 275 1005 prima
298 940 402 1005 neque
425 922 458 983 in
481 920 638 985 ulteriore
661 922 833 996 instantia;
857 926 995 1003 utraque
1014 940 1093 983 vero
1111 918 1300 1004 Sipontum

124 1046 241 1111 directe
274 1046 413 1110 iustitiae
447 1046 721 1111 administrandae
752 1066 817 1111 non
845 1044 1067 1120 incumbebat;
1091 1044 1300 1129 quamobrem

125 1170 346 1255 inquirendum
370 1175 420 1237 est
441 1192 484 1236 an
507 1172 634 1239 adesset
657 1174 691 1236 in
716 1174 810 1237 curia
833 1171 931 1237 iudex
947 1172 1140 1238 Ordinarius
1163 1192 1222 1256 pro
1245 1192 1300 1235 ne·

128 1298 216 1383 gotiis
236 1298 446 1363 contentiosis
473 1299 616 1363 universi
644 1297 739 1362 orbis.
767 1332 784 1347 -
813 1299 962 1362 lamvero
990 1298 1044 1361 bic
1075 1297 1172 1362 iudex
1200 1294 1298 1362 Ordi-

130 1423 239 1494 narius
261 1424 463 1506 potissimum
487 1422 520 1485 in
536 1422 639 1507 gradu
662 1424 887 1509 appellationis
902 1425 936 1488 in
952 1424 1057 1487 causis
1073 1423 1301 1489 ecclesiasticis

128 1547 188 1609 sire
206 1544 356 1610 civilibus
379 1547 448 1609 sive
466 1545 696 1627 criminalibus,
715 1552 786 1611 erat
802 1548 951 1613 Auditor
968 1548 1142 1613 Gamerae.
1161 1582 1178 1594 -
1196 1547 1301 1612 Huius

125 1670 210 1755 origo
233 1670 413 1755 repetenda
429 1676 478 1736 est
497 1670 537 1737 ab
553 1670 658 1737 officio
676 1672 857 1739 cardinalis
873 1672 1063 1754 eameram,
1080 1673 1134 1756 qui
1153 1674 1187 1736 in
1203 1672 1302 1737 Guria

127 1794 275 1858 successit
291 1792 541 1875 Archidiacono,
558 1800 725 1879 postquam
750 1795 805 1859 hic
826 1793 971 1860 officialis
988 1796 1111 1859 Romae
1126 1814 1191 1858 non
1207 1812 1301 1858 secus

129 1937 165 1981 ac
184 1919 302 2002 passim
325 1920 358 1982 in
375 1918 446 1984 eliis
462 1918 661 1984 dioecesibus
676 1920 716 1985 ob
732 1919 937 1985 insolentiam
954 1920 1071 1983 nimiae
1094 1920 1259 2003 potestatis
1281 1938 1302 1982 a

133 2062 182 2108 suo
195 2064 331 2109 munere
346 2044 526 2130 prohibitus
549 2046 620 2110 fuit.
637 2044 845 2113 Camerarius
861 2044 1042 2112 cardinalis
1058 2044 1148 2128 quasi
1163 2063 1302 2109 oecono-

127 2189 191 2234 mus
213 2192 278 2235 seu
292 2170 513 2235 thesaurarius
530 2172 696 2237 Romanae
712 2171 881 2236 Ecclesiae
902 2175 999 2236 antea
1020 2172 1223 2256 praepositus
1242 2169 1303 2235 init

124 2294 393 2360 administrationi
415 2298 601 2381 patrimonii
625 2297 864 2372 Ecclesiastici;
885 2302 919 2361 et
941 2298 1069 2377 sensim,
1084 2297 1193 2381 prouti
1215 2296 1302 2360 acci-

129 2416 212 2485 derat
228 2419 482 2493 Archidiacono‚
500 2422 605 2506 coepit
628 2421 692 2484 alia
715 2422 847 2506 negotis
868 2424 1012 2487 tractare
1035 2420 1138 2485 civilis
1158 2424 1192 2485 et
1206 2420 1302 2504 spiri-

128 2544 220 2608 tualis
247 2542 459 2627 principatus.
484 2544 689 2627 Augesoente
718 2543 750 2607 in
775 2543 843 2608 dies
866 2545 1069 2628 negotiorum
1092 2544 1186 2617 mole,
1211 2544 1302 2628 quasi

123 2686 281 2747 assessor,
295 2666 324 2729 ei
340 2665 508 2731 adiunctus
524 2666 584 2731 fuit
598 2666 735 2732 Auditor
749 2666 904 2732 Gamerae
920 2688 979 2751 pro
996 2667 1187 2732 iudicialiter
1203 2688 1302 2753 expe-

124 2790 245 2855 diendis
262 2790 402 2875 negotiis
417 2791 642 2866 contentiosis;
659 2790 867 2857 Gubernator
883 2790 978 2856 Urbis
995 2811 1053 2875 pro
1069 2791 1207 2875 negotiis
1221 2792 1304 2875 poli-

124 2920 181 2981 tiae
206 2917 375 2998 Urbanas,
392 2918 626 2982 Thesaurarius
649 2938 709 3002 pro
736 2917 881 2983 curanda
903 2920 1074 2983 exactione
1096 2916 1303 3003 vectigalium

129 3042 328 3124 aliarumque
355 3039 582 3105 obventionum
610 3039 695 3105 sedis
724 3059 897 3117 romanae;
920 3060 983 3106 neo
1005 3060 1070 3105 non
1092 3040 1211 3107 adlecti
1236 3040 1303 3104 fue

130 3172 196 3232 runt
211 3166 337 3233 Clerici
354 3164 508 3231 Gamerae
526 3165 579 3248 qui
597 3169 780 3236 eraserunt,
797 3185 974 3250 progressu
990 3166 1152 3250 temporis,
1168 3162 1301 3229 totidem

123 3292 242 3357 iudices
267 3291 412 3375 deputati
431 3290 472 3355 ad
488 3290 704 3376 expediendas
728 3293 933 3376 quaestiones
956 3298 1088 3357 exortas
1110 3293 1143 3354 in
1166 3290 1303 3375 admini-

121 3416 284 3480 stratione
305 3415 486 3499 patrimonii
504 3414 671 3480 Ecclesiae
696 3435 859 3481 romanae.
886 3417 924 3480 ln
940 3418 1031 3482 initio
1047 3418 1080 3481 hi
1096 3417 1304 3501 magistratus

121 3540 256 3607 luerunt
274 3536 427 3605 officiales
444 3538 631 3607 cardinales
649 3541 827 3606 Camerarii
854 3540 894 3606 ab
918 3542 986 3625 ipso
1009 3541 1103 3605 electi
1128 3546 1161 3604 et
1182 3539 1304 3625 depen-

119 3669 250 3742 dentes;
281 3670 392 3751 postea
415 3666 455 3731 ob
479 3671 605 3732 auctam
634 3688 745 3732 eorum
774 3667 1000 3733 auctoritatem
1023 3686 1118 3749 quam
1145 3684 1304 3730 exercue-

119 3798 199 3859 runt
224 3792 259 3856 in
283 3792 422 3875 propriis
445 3791 668 3865 tribunalibus,
692 3790 859 3857 aSummo
877 3789 1035 3856 Pontifioe
1058 3790 1206 3875 deputari
1229 3808 1304 3854 coe·

122 3920 244 4002 perunt
268 3914 363 3981 huius
387 3914 521 4000 imperio
545 3915 729 3980 immediate
753 3914 901 3991 obnoxii;
926 3921 1056 3980 serrata
1077 3918 1196 3986 tamen,
1214 3914 1305 3997 quasi

124 4038 265 4105 honoris
294 4056 406 4112 causa,
430 4038 562 4121 aliquali
589 4037 803 4123 dependentia
831 4059 851 4103 a
875 4038 1039 4103 Cardinali
1061 4036 1259 4103 camerario.
1285 4071 1303 4085 -

125 4162 170 4226 De
194 4160 356 4227 Auditore
380 4160 552 4243 Gamerae,
577 4162 694 4247 quippe
725 4161 832 4227 iudice
861 4161 1035 4229 Ordinario
1058 4163 1092 4226 in
1118 4163 1304 4227 universam

124 4285 319 4359 Ecclesiam,
342 4306 400 4351 suo
424 4286 495 4352 loco
517 4288 625 4371 aliqua
647 4288 891 4373 explicabimus.

214 4412 269 4477 19.
281 4409 370 4487 Quae
382 4412 540 4479 hactenus
553 4402 795 4498 explicavimus,
805 4414 940 4480 fuerunt
951 4415 1134 4498 antiquiora
1145 4412 1307 4477 adiutoria

270 4532 331 4587 Soc.
351 4534 435 4603 Leon.
1143 4537 1161 4588 2
