<?xml version="1.0" encoding="UTF-8"?>
<!DOCTYPE html PUBLIC "-//W3C//DTD XHTML 1.0 Transitional//EN"
    "http://www.w3.org/TR/xhtml1/DTD/xhtml1-transitional.dtd">
<html xmlns="http://www.w3.org/1999/xhtml" xml:lang="en" lang="en">
 <head>
  <title>
</title>
<meta http-equiv="Content-Type" content="text/html;charset=utf-8" />
  <meta name='ocr-system' content='tesseract 3.04.00' />
  <meta name='ocr-capabilities' content='ocr_page ocr_carea ocr_par ocr_line ocrx_word'/>
</head>
<body>
  <div class='ocr_page' id='page_1' title='image "./praelectionesin03legagoog_0440.png"; bbox 0 0 3292 5109; ppageno 0'>
   <div class='ocr_carea' id='block_1_1' title="bbox 298 265 973 335">
    <p class='ocr_par' dir='ltr' id='par_1_1' title="bbox 298 265 973 335">
     <span class='ocr_line' id='line_1_1' title="bbox 298 265 973 335; baseline 0.001 -5"><span class='ocrx_word' id='word_1_1' title='bbox 298 265 366 330; x_wconf 81' lang='grc'>436</span> <span class='ocrx_word' id='word_1_2' title='bbox 829 287 912 335; x_wconf 73' lang='lat' dir='ltr'>runs</span> <span class='ocrx_word' id='word_1_3' title='bbox 937 287 973 333; x_wconf 88' lang='lat'>11.</span> 
     </span>
    </p>
   </div>
   <div class='ocr_carea' id='block_1_2' title="bbox 286 406 1484 3722">
    <p class='ocr_par' dir='ltr' id='par_1_2' title="bbox 296 406 1484 1242">
     <span class='ocr_line' id='line_1_2' title="bbox 300 406 1483 495; baseline 0.002 -24"><span class='ocrx_word' id='word_1_4' title='bbox 300 409 501 494; x_wconf 79' lang='lat' dir='ltr'>pertinentes</span> <span class='ocrx_word' id='word_1_5' title='bbox 524 410 649 475; x_wconf 89' lang='lat' dir='ltr'>etiamsi</span> <span class='ocrx_word' id='word_1_6' title='bbox 671 406 877 475; x_wconf 82' lang='lat' dir='ltr'>beneficiales</span> <span class='ocrx_word' id='word_1_7' title='bbox 900 411 980 491; x_wconf 88' lang='lat' dir='ltr'>sint,</span> <span class='ocrx_word' id='word_1_8' title='bbox 1005 410 1036 474; x_wconf 94' lang='lat' dir='ltr'>in</span> <span class='ocrx_word' id='word_1_9' title='bbox 1061 412 1165 495; x_wconf 90' lang='lat' dir='ltr'>prima</span> <span class='ocrx_word' id='word_1_10' title='bbox 1187 412 1340 475; x_wconf 85' lang='lat' dir='ltr'>instantia</span> <span class='ocrx_word' id='word_1_11' title='bbox 1368 429 1483 474; x_wconf 81' lang='lat' dir='ltr'>coram</span> 
     </span>
     <span class='ocr_line' id='line_1_3' title="bbox 299 528 1484 617; baseline 0 -20"><span class='ocrx_word' id='word_1_12' title='bbox 299 528 484 597; x_wconf 88' lang='lat' dir='ltr'>Ordinariis</span> <span class='ocrx_word' id='word_1_13' title='bbox 498 530 645 596; x_wconf 89' lang='lat' dir='ltr'>locorum</span> <span class='ocrx_word' id='word_1_14' title='bbox 660 531 829 596; x_wconf 76' lang='lat' dir='ltr'><strong>dumtaxat</strong></span> <span class='ocrx_word' id='word_1_15' title='bbox 847 537 1085 617; x_wconf 90' lang='lat' dir='ltr'>cognoscantur</span> <span class='ocrx_word' id='word_1_16' title='bbox 1102 554 1131 596; x_wconf 89' lang='lat'>».</span> <span class='ocrx_word' id='word_1_17' title='bbox 1149 532 1229 597; x_wconf 89' lang='lat' dir='ltr'>Dein</span> <span class='ocrx_word' id='word_1_18' title='bbox 1250 531 1377 597; x_wconf 88' lang='lat' dir='ltr'>accedit</span> <span class='ocrx_word' id='word_1_19' title='bbox 1391 532 1484 597; x_wconf 89' lang='lat' dir='ltr'>aliud</span> 
     </span>
     <span class='ocr_line' id='line_1_4' title="bbox 297 656 1479 744; baseline -0.002 -19"><span class='ocrx_word' id='word_1_20' title='bbox 297 658 475 731; x_wconf 86' lang='lat' dir='ltr'>decretum,</span> <span class='ocrx_word' id='word_1_21' title='bbox 499 678 626 744; x_wconf 86' lang='lat' dir='ltr'>nempe:</span> <span class='ocrx_word' id='word_1_22' title='bbox 653 679 671 722; x_wconf 86' lang='lat'>‹</span> <span class='ocrx_word' id='word_1_23' title='bbox 696 658 747 723; x_wconf 83' lang='lat' dir='ltr'>Ad</span> <span class='ocrx_word' id='word_1_24' title='bbox 770 659 862 741; x_wconf 87' lang='lat' dir='ltr'>haec,</span> <span class='ocrx_word' id='word_1_25' title='bbox 880 678 1004 725; x_wconf 82' lang='lat' dir='ltr'>causae</span> <span class='ocrx_word' id='word_1_26' title='bbox 1027 658 1297 725; x_wconf 76' lang='lat' dir='ltr'>matrimoniales</span> <span class='ocrx_word' id='word_1_27' title='bbox 1313 662 1345 721; x_wconf 92' lang='lat' dir='ltr'>et</span> <span class='ocrx_word' id='word_1_28' title='bbox 1368 656 1479 725; x_wconf 73' lang='lat' dir='ltr'>ariori-</span> 
     </span>
     <span class='ocr_line' id='line_1_5' title="bbox 297 784 1481 867; baseline -0.001 -18"><span class='ocrx_word' id='word_1_29' title='bbox 297 785 403 866; x_wconf 72' lang='lat' dir='ltr'>aaleS,</span> <span class='ocrx_word' id='word_1_30' title='bbox 419 805 484 849; x_wconf 92' lang='lat' dir='ltr'>non</span> <span class='ocrx_word' id='word_1_31' title='bbox 504 786 634 867; x_wconf 88' lang='lat' dir='ltr'>Decani,</span> <span class='ocrx_word' id='word_1_32' title='bbox 653 784 883 850; x_wconf 83' lang='lat' dir='ltr'>Archidiaconi</span> <span class='ocrx_word' id='word_1_33' title='bbox 906 791 962 849; x_wconf 91' lang='lat' dir='ltr'>aut</span> <span class='ocrx_word' id='word_1_34' title='bbox 985 786 1122 850; x_wconf 88' lang='lat' dir='ltr'>aliorum</span> <span class='ocrx_word' id='word_1_35' title='bbox 1146 785 1337 851; x_wconf 84' lang='lat' dir='ltr'>inferiorum</span> <span class='ocrx_word' id='word_1_36' title='bbox 1361 784 1481 849; x_wconf 88' lang='lat' dir='ltr'>iudicio</span> 
     </span>
     <span class='ocr_line' id='line_1_6' title="bbox 296 908 1476 981; baseline 0 -10"><span class='ocrx_word' id='word_1_37' title='bbox 296 909 394 972; x_wconf 89' lang='lat' dir='ltr'>etiam</span> <span class='ocrx_word' id='word_1_38' title='bbox 416 909 589 981; x_wconf 84' lang='lat' dir='ltr'>visitando,</span> <span class='ocrx_word' id='word_1_39' title='bbox 614 910 670 974; x_wconf 87' lang='lat' dir='ltr'>sed</span> <span class='ocrx_word' id='word_1_40' title='bbox 694 911 855 975; x_wconf 80' lang='lat' dir='ltr'>Er1scor1</span> <span class='ocrx_word' id='word_1_41' title='bbox 879 930 1018 977; x_wconf 71' lang='lat' dir='ltr'>rsuram</span> <span class='ocrx_word' id='word_1_42' title='bbox 1043 911 1184 975; x_wconf 82' lang='lat' dir='ltr'>examini</span> <span class='ocrx_word' id='word_1_43' title='bbox 1209 914 1243 974; x_wconf 92' lang='lat' dir='ltr'>et</span> <span class='ocrx_word' id='word_1_44' title='bbox 1264 908 1476 974; x_wconf 88' lang='lat' dir='ltr'>iurisdictioni</span> 
     </span>
     <span class='ocr_line' id='line_1_7' title="bbox 298 1031 1479 1117; baseline 0.001 -24"><span class='ocrx_word' id='word_1_45' title='bbox 298 1031 524 1115; x_wconf 88' lang='lat' dir='ltr'>relinquantur</span> <span class='ocrx_word' id='word_1_46' title='bbox 547 1055 578 1095; x_wconf 84' lang='lat'>›.</span> <span class='ocrx_word' id='word_1_47' title='bbox 603 1035 753 1098; x_wconf 87' lang='lat' dir='ltr'>Iamvero</span> <span class='ocrx_word' id='word_1_48' title='bbox 772 1033 849 1097; x_wconf 89' lang='lat' dir='ltr'>hnic</span> <span class='ocrx_word' id='word_1_49' title='bbox 874 1034 1052 1117; x_wconf 89' lang='lat' dir='ltr'>quaestioni</span> <span class='ocrx_word' id='word_1_50' title='bbox 1076 1032 1336 1098; x_wconf 85' lang='lat' dir='ltr'>satisfaciendum</span> <span class='ocrx_word' id='word_1_51' title='bbox 1353 1036 1402 1095; x_wconf 90' lang='lat' dir='ltr'>est</span> <span class='ocrx_word' id='word_1_52' title='bbox 1417 1051 1479 1117; x_wconf 91' lang='lat' dir='ltr'>per</span> 
     </span>
     <span class='ocr_line' id='line_1_8' title="bbox 299 1156 1142 1242; baseline 0.006 -24"><span class='ocrx_word' id='word_1_53' title='bbox 299 1156 507 1240; x_wconf 85' lang='lat' dir='ltr'>generaliora</span> <span class='ocrx_word' id='word_1_54' title='bbox 529 1159 609 1222; x_wconf 88' lang='lat' dir='ltr'>iuris</span> <span class='ocrx_word' id='word_1_55' title='bbox 633 1160 802 1242; x_wconf 89' lang='lat' dir='ltr'>principia.</span> <span class='ocrx_word' id='word_1_56' title='bbox 829 1194 846 1206; x_wconf 97' lang='lat'>-</span> <span class='ocrx_word' id='word_1_57' title='bbox 873 1159 915 1223; x_wconf 87' lang='lat' dir='ltr'>Et</span> <span class='ocrx_word' id='word_1_58' title='bbox 936 1158 1142 1230; x_wconf 79' lang='lat' dir='ltr'>advertimus,</span> 
     </span>
    </p>

    <p class='ocr_par' dir='ltr' id='par_1_3' title="bbox 288 1280 1479 2106">
     <span class='ocr_line' id='line_1_9' title="bbox 390 1280 1478 1367; baseline -0.001 -22"><span class='ocrx_word' id='word_1_59' title='bbox 390 1281 421 1367; x_wconf 85' lang='lat'>1)</span> <span class='ocrx_word' id='word_1_60' title='bbox 447 1302 490 1346; x_wconf 90' lang='lat' dir='ltr'>ex</span> <span class='ocrx_word' id='word_1_61' title='bbox 513 1282 584 1345; x_wconf 89' lang='lat' dir='ltr'>iure</span> <span class='ocrx_word' id='word_1_62' title='bbox 601 1283 767 1364; x_wconf 88' lang='lat' dir='ltr'>canonice,</span> <span class='ocrx_word' id='word_1_63' title='bbox 785 1282 879 1348; x_wconf 90' lang='lat' dir='ltr'>iudici</span> <span class='ocrx_word' id='word_1_64' title='bbox 898 1282 1071 1349; x_wconf 76' lang='lat' dir='ltr'>Ordinatio</span> <span class='ocrx_word' id='word_1_65' title='bbox 1091 1283 1213 1347; x_wconf 88' lang='lat' dir='ltr'>licitum</span> <span class='ocrx_word' id='word_1_66' title='bbox 1234 1302 1305 1346; x_wconf 88' lang='lat' dir='ltr'>esse</span> <span class='ocrx_word' id='word_1_67' title='bbox 1322 1280 1478 1365; x_wconf 88' lang='lat' dir='ltr'>delegare</span> 
     </span>
     <span class='ocr_line' id='line_1_10' title="bbox 293 1405 1476 1492; baseline -0.003 -22"><span class='ocrx_word' id='word_1_68' title='bbox 293 1424 385 1470; x_wconf 91' lang='lat' dir='ltr'>suam</span> <span class='ocrx_word' id='word_1_69' title='bbox 401 1405 653 1472; x_wconf 90' lang='lat' dir='ltr'>iurisdictionem</span> <span class='ocrx_word' id='word_1_70' title='bbox 674 1406 750 1492; x_wconf 87' lang='lat' dir='ltr'>(ool.</span> <span class='ocrx_word' id='word_1_71' title='bbox 769 1408 796 1487; x_wconf 85' lang='grc' dir='ltr'>Ι,</span> <span class='ocrx_word' id='word_1_72' title='bbox 810 1427 846 1471; x_wconf 83' lang='lat' dir='ltr'>a.</span> <span class='ocrx_word' id='word_1_73' title='bbox 863 1406 933 1491; x_wconf 77' lang='grc'>45);</span> <span class='ocrx_word' id='word_1_74' title='bbox 950 1426 1051 1491; x_wconf 88' lang='lat' dir='ltr'>quare</span> <span class='ocrx_word' id='word_1_75' title='bbox 1063 1405 1232 1492; x_wconf 86' lang='lat' dir='ltr'>delegandi</span> <span class='ocrx_word' id='word_1_76' title='bbox 1249 1411 1389 1491; x_wconf 86' lang='lat' dir='ltr'>potestas</span> <span class='ocrx_word' id='word_1_77' title='bbox 1410 1424 1476 1468; x_wconf 88' lang='lat' dir='ltr'>non</span> 
     </span>
     <span class='ocr_line' id='line_1_11' title="bbox 296 1529 1477 1615; baseline -0.001 -21"><span class='ocrx_word' id='word_1_78' title='bbox 296 1529 510 1596; x_wconf 87' lang='lat' dir='ltr'>abiudicanda</span> <span class='ocrx_word' id='word_1_79' title='bbox 526 1540 574 1598; x_wconf 90' lang='lat' dir='ltr'>est</span> <span class='ocrx_word' id='word_1_80' title='bbox 590 1532 746 1597; x_wconf 91' lang='lat' dir='ltr'>iudicibus</span> <span class='ocrx_word' id='word_1_81' title='bbox 769 1532 942 1597; x_wconf 89' lang='lat' dir='ltr'>ordinariis</span> <span class='ocrx_word' id='word_1_82' title='bbox 958 1531 1071 1615; x_wconf 90' lang='lat' dir='ltr'>quibus</span> <span class='ocrx_word' id='word_1_83' title='bbox 1095 1535 1296 1597; x_wconf 89' lang='lat' dir='ltr'>reservatum</span> <span class='ocrx_word' id='word_1_84' title='bbox 1321 1530 1380 1594; x_wconf 85' lang='lat' dir='ltr'>fuit</span> <span class='ocrx_word' id='word_1_85' title='bbox 1396 1548 1477 1595; x_wconf 90' lang='lat' dir='ltr'>cau-</span> 
     </span>
     <span class='ocr_line' id='line_1_12' title="bbox 296 1650 1476 1739; baseline -0.003 -20"><span class='ocrx_word' id='word_1_86' title='bbox 296 1674 351 1719; x_wconf 89' lang='lat' dir='ltr'>sas</span> <span class='ocrx_word' id='word_1_87' title='bbox 374 1674 573 1739; x_wconf 80' lang='lat' dir='ltr'>cognoscere</span> <span class='ocrx_word' id='word_1_88' title='bbox 594 1655 632 1719; x_wconf 84' lang='lat' dir='ltr'>ia</span> <span class='ocrx_word' id='word_1_89' title='bbox 650 1656 769 1737; x_wconf 82' lang='lat' dir='ltr'>prima</span> <span class='ocrx_word' id='word_1_90' title='bbox 792 1655 965 1737; x_wconf 78' lang='lat' dir='ltr'>instantia,</span> <span class='ocrx_word' id='word_1_91' title='bbox 990 1657 1140 1719; x_wconf 92' lang='lat' dir='ltr'>nimirum</span> <span class='ocrx_word' id='word_1_92' title='bbox 1167 1652 1337 1739; x_wconf 80' lang='lat' dir='ltr'>prohibitis</span> <span class='ocrx_word' id='word_1_93' title='bbox 1360 1650 1476 1716; x_wconf 90' lang='lat' dir='ltr'>iudici·</span> 
     </span>
     <span class='ocr_line' id='line_1_13' title="bbox 295 1776 1475 1862; baseline -0.001 -20"><span class='ocrx_word' id='word_1_94' title='bbox 295 1776 355 1843; x_wconf 93' lang='lat' dir='ltr'>bus</span> <span class='ocrx_word' id='word_1_95' title='bbox 378 1776 539 1843; x_wconf 90' lang='lat' dir='ltr'>secundae</span> <span class='ocrx_word' id='word_1_96' title='bbox 563 1780 743 1843; x_wconf 87' lang='lat' dir='ltr'>instantiae.</span> <span class='ocrx_word' id='word_1_97' title='bbox 768 1778 811 1845; x_wconf 89' lang='lat' dir='ltr'>Et</span> <span class='ocrx_word' id='word_1_98' title='bbox 834 1780 980 1862; x_wconf 88' lang='lat' dir='ltr'>quamvis</span> <span class='ocrx_word' id='word_1_99' title='bbox 1002 1778 1180 1845; x_wconf 84' lang='lat' dir='ltr'>Concilium</span> <span class='ocrx_word' id='word_1_100' title='bbox 1204 1776 1289 1842; x_wconf 86' lang='lat' dir='ltr'>dicat</span> <span class='ocrx_word' id='word_1_101' title='bbox 1314 1796 1475 1843; x_wconf 85' lang='lat' dir='ltr'>-coram</span> 
     </span>
     <span class='ocr_line' id='line_1_14' title="bbox 299 1899 1479 1987; baseline -0.003 -20"><span class='ocrx_word' id='word_1_102' title='bbox 299 1900 493 1967; x_wconf 78' lang='lat' dir='ltr'>Ordiaamis</span> <span class='ocrx_word' id='word_1_103' title='bbox 516 1904 669 1967; x_wconf 83' lang='lat' dir='ltr'>tocoram</span> <span class='ocrx_word' id='word_1_104' title='bbox 686 1936 703 1948; x_wconf 97' lang='lat'>-</span> <span class='ocrx_word' id='word_1_105' title='bbox 721 1900 929 1965; x_wconf 85' lang='lat' dir='ltr'>nihilominus</span> <span class='ocrx_word' id='word_1_106' title='bbox 953 1902 1066 1987; x_wconf 88' lang='lat' dir='ltr'>regula</span> <span class='ocrx_word' id='word_1_107' title='bbox 1082 1902 1160 1966; x_wconf 87' lang='lat' dir='ltr'>iuris</span> <span class='ocrx_word' id='word_1_108' title='bbox 1184 1906 1241 1974; x_wconf 86' lang='lat' dir='ltr'>est,</span> <span class='ocrx_word' id='word_1_109' title='bbox 1270 1936 1286 1947; x_wconf 97' lang='lat'>-</span> <span class='ocrx_word' id='word_1_110' title='bbox 1312 1900 1373 1985; x_wconf 87' lang='lat' dir='ltr'>qai</span> <span class='ocrx_word' id='word_1_111' title='bbox 1387 1899 1479 1982; x_wconf 74' lang='lat' dir='ltr'>facit</span> 
     </span>
     <span class='ocr_line' id='line_1_15' title="bbox 288 2021 1217 2106; baseline -0.002 -19"><span class='ocrx_word' id='word_1_112' title='bbox 288 2041 356 2105; x_wconf 80' lang='lat' dir='ltr'>por</span> <span class='ocrx_word' id='word_1_113' title='bbox 380 2021 498 2095; x_wconf 87' lang='lat' dir='ltr'>aliam,</span> <span class='ocrx_word' id='word_1_114' title='bbox 522 2022 614 2088; x_wconf 83' lang='lat' dir='ltr'>idem</span> <span class='ocrx_word' id='word_1_115' title='bbox 637 2028 687 2087; x_wconf 88' lang='lat' dir='ltr'>est</span> <span class='ocrx_word' id='word_1_116' title='bbox 708 2042 750 2088; x_wconf 89' lang='lat' dir='ltr'>ao</span> <span class='ocrx_word' id='word_1_117' title='bbox 772 2023 801 2087; x_wconf 91' lang='lat' dir='ltr'>si</span> <span class='ocrx_word' id='word_1_118' title='bbox 823 2021 933 2104; x_wconf 79' lang='lat' dir='ltr'>saciat</span> <span class='ocrx_word' id='word_1_119' title='bbox 953 2042 1016 2106; x_wconf 84' lang='lat' dir='ltr'>per</span> <span class='ocrx_word' id='word_1_120' title='bbox 1038 2042 1074 2088; x_wconf 88' lang='lat' dir='ltr'>se</span> <span class='ocrx_word' id='word_1_121' title='bbox 1096 2022 1217 2105; x_wconf 83' lang='lat' dir='ltr'>ipsam.</span> 
     </span>
    </p>

    <p class='ocr_par' dir='ltr' id='par_1_4' title="bbox 286 2147 1479 3722">
     <span class='ocr_line' id='line_1_16' title="bbox 383 2147 1475 2234; baseline -0.002 -21"><span class='ocrx_word' id='word_1_122' title='bbox 383 2149 417 2232; x_wconf 84' lang='lat'>2)</span> <span class='ocrx_word' id='word_1_123' title='bbox 441 2148 503 2214; x_wconf 85' lang='lat' dir='ltr'>Sed</span> <span class='ocrx_word' id='word_1_124' title='bbox 520 2149 606 2213; x_wconf 91' lang='lat' dir='ltr'>hanc</span> <span class='ocrx_word' id='word_1_125' title='bbox 622 2147 791 2234; x_wconf 87' lang='lat' dir='ltr'>delegandi</span> <span class='ocrx_word' id='word_1_126' title='bbox 811 2154 1001 2234; x_wconf 85' lang='lat' dir='ltr'>potestatem</span> <span class='ocrx_word' id='word_1_127' title='bbox 1018 2150 1066 2213; x_wconf 93' lang='lat' dir='ltr'>ius</span> <span class='ocrx_word' id='word_1_128' title='bbox 1083 2168 1251 2214; x_wconf 87' lang='lat' dir='ltr'>commune</span> <span class='ocrx_word' id='word_1_129' title='bbox 1267 2148 1401 2213; x_wconf 88' lang='lat' dir='ltr'>auferre</span> <span class='ocrx_word' id='word_1_130' title='bbox 1420 2168 1475 2211; x_wconf 84' lang='lat' dir='ltr'>va·</span> 
     </span>
     <span class='ocr_line' id='line_1_17' title="bbox 290 2272 1477 2359; baseline 0.003 -23"><span class='ocrx_word' id='word_1_131' title='bbox 290 2272 347 2346; x_wconf 88' lang='lat' dir='ltr'>let,</span> <span class='ocrx_word' id='word_1_132' title='bbox 365 2275 434 2337; x_wconf 85' lang='lat' dir='ltr'>sive</span> <span class='ocrx_word' id='word_1_133' title='bbox 454 2295 609 2359; x_wconf 86' lang='lat' dir='ltr'>expresse</span> <span class='ocrx_word' id='word_1_134' title='bbox 632 2276 701 2339; x_wconf 88' lang='lat' dir='ltr'>sive</span> <span class='ocrx_word' id='word_1_135' title='bbox 724 2276 835 2349; x_wconf 87' lang='lat' dir='ltr'>lacite;</span> <span class='ocrx_word' id='word_1_136' title='bbox 861 2280 893 2339; x_wconf 89' lang='lat' dir='ltr'>et</span> <span class='ocrx_word' id='word_1_137' title='bbox 916 2275 1045 2359; x_wconf 91' lang='lat' dir='ltr'>planum</span> <span class='ocrx_word' id='word_1_138' title='bbox 1070 2280 1127 2339; x_wconf 84' lang='lat' dir='ltr'>est.</span> <span class='ocrx_word' id='word_1_139' title='bbox 1145 2276 1241 2359; x_wconf 83' lang='lat' dir='ltr'>Atqui</span> <span class='ocrx_word' id='word_1_140' title='bbox 1258 2275 1344 2339; x_wconf 88' lang='lat' dir='ltr'>hanc</span> <span class='ocrx_word' id='word_1_141' title='bbox 1363 2276 1477 2341; x_wconf 87' lang='lat' dir='ltr'>abstu-</span> 
     </span>
     <span class='ocr_line' id='line_1_18' title="bbox 290 2397 1472 2483; baseline 0.002 -22"><span class='ocrx_word' id='word_1_142' title='bbox 290 2397 368 2463; x_wconf 89' lang='lat' dir='ltr'>lisse</span> <span class='ocrx_word' id='word_1_143' title='bbox 391 2399 520 2465; x_wconf 81' lang='lat' dir='ltr'>videtur</span> <span class='ocrx_word' id='word_1_144' title='bbox 543 2400 664 2464; x_wconf 84' lang='lat' dir='ltr'>Concil.</span> <span class='ocrx_word' id='word_1_145' title='bbox 690 2399 776 2463; x_wconf 88' lang='lat' dir='ltr'>Trid.</span> <span class='ocrx_word' id='word_1_146' title='bbox 795 2398 896 2483; x_wconf 85' lang='lat' dir='ltr'>quoad</span> <span class='ocrx_word' id='word_1_147' title='bbox 922 2418 1044 2464; x_wconf 83' lang='lat' dir='ltr'>causas</span> <span class='ocrx_word' id='word_1_148' title='bbox 1067 2399 1337 2465; x_wconf 77' lang='lat' dir='ltr'>matrimoniales</span> <span class='ocrx_word' id='word_1_149' title='bbox 1360 2403 1392 2463; x_wconf 88' lang='lat' dir='ltr'>et</span> <span class='ocrx_word' id='word_1_150' title='bbox 1409 2399 1472 2465; x_wconf 86' lang='lat' dir='ltr'>cri·</span> 
     </span>
     <span class='ocr_line' id='line_1_19' title="bbox 289 2524 1479 2608; baseline 0 -18"><span class='ocrx_word' id='word_1_151' title='bbox 289 2524 447 2604; x_wconf 77' lang='lat' dir='ltr'>miriatos,</span> <span class='ocrx_word' id='word_1_152' title='bbox 464 2543 543 2608; x_wconf 90' lang='lat' dir='ltr'>quas</span> <span class='ocrx_word' id='word_1_153' title='bbox 559 2526 650 2590; x_wconf 90' lang='lat' dir='ltr'>iussit</span> <span class='ocrx_word' id='word_1_154' title='bbox 668 2524 822 2589; x_wconf 87' lang='lat' dir='ltr'>videndas</span> <span class='ocrx_word' id='word_1_155' title='bbox 847 2544 916 2589; x_wconf 89' lang='lat' dir='ltr'>esse</span> <span class='ocrx_word' id='word_1_156' title='bbox 933 2524 972 2588; x_wconf 88' lang='lat' dir='ltr'>ab</span> <span class='ocrx_word' id='word_1_157' title='bbox 988 2524 1164 2607; x_wconf 84' lang='lat' dir='ltr'>Episcopis</span> <span class='ocrx_word' id='word_1_158' title='bbox 1180 2530 1322 2589; x_wconf 78' lang='lat' dir='ltr'>tantam.</span> <span class='ocrx_word' id='word_1_159' title='bbox 1343 2524 1479 2590; x_wconf 85' lang='lat' dir='ltr'>Exinde</span> 
     </span>
     <span class='ocr_line' id='line_1_20' title="bbox 290 2646 1475 2732; baseline -0.001 -21"><span class='ocrx_word' id='word_1_160' title='bbox 290 2666 356 2711; x_wconf 95' lang='lat' dir='ltr'>non</span> <span class='ocrx_word' id='word_1_161' title='bbox 388 2648 603 2732; x_wconf 87' lang='lat' dir='ltr'>prohihentur</span> <span class='ocrx_word' id='word_1_162' title='bbox 625 2649 752 2713; x_wconf 87' lang='lat' dir='ltr'>Vicarii</span> <span class='ocrx_word' id='word_1_163' title='bbox 780 2649 968 2719; x_wconf 85' lang='lat' dir='ltr'>Generales‚</span> <span class='ocrx_word' id='word_1_164' title='bbox 994 2649 1133 2712; x_wconf 87' lang='lat' dir='ltr'>maxime</span> <span class='ocrx_word' id='word_1_165' title='bbox 1164 2650 1189 2711; x_wconf 91' lang='lat' dir='ltr'>si</span> <span class='ocrx_word' id='word_1_166' title='bbox 1221 2646 1398 2732; x_wconf 89' lang='lat' dir='ltr'>procedant</span> <span class='ocrx_word' id='word_1_167' title='bbox 1429 2666 1475 2710; x_wconf 84' lang='lat' dir='ltr'>ex</span> 
     </span>
     <span class='ocr_line' id='line_1_21' title="bbox 288 2772 1474 2859; baseline -0.003 -18"><span class='ocrx_word' id='word_1_168' title='bbox 288 2775 431 2858; x_wconf 83' lang='lat' dir='ltr'>speciali</span> <span class='ocrx_word' id='word_1_169' title='bbox 458 2776 632 2847; x_wconf 76' lang='lat' dir='ltr'>mandato,</span> <span class='ocrx_word' id='word_1_170' title='bbox 657 2776 773 2859; x_wconf 90' lang='lat' dir='ltr'>quippe</span> <span class='ocrx_word' id='word_1_171' title='bbox 796 2794 894 2841; x_wconf 92' lang='lat' dir='ltr'>unum</span> <span class='ocrx_word' id='word_1_172' title='bbox 927 2784 960 2841; x_wconf 88' lang='lat' dir='ltr'>et</span> <span class='ocrx_word' id='word_1_173' title='bbox 988 2774 1070 2840; x_wconf 89' lang='lat' dir='ltr'>idem</span> <span class='ocrx_word' id='word_1_174' title='bbox 1102 2776 1300 2841; x_wconf 88' lang='lat' dir='ltr'>constituunt</span> <span class='ocrx_word' id='word_1_175' title='bbox 1329 2772 1474 2838; x_wconf 87' lang='lat' dir='ltr'>tribunal</span> 
     </span>
     <span class='ocr_line' id='line_1_22' title="bbox 289 2890 1477 2984; baseline 0 -23"><span class='ocrx_word' id='word_1_176' title='bbox 289 2890 363 2962; x_wconf 81' lang='lat' dir='ltr'>cum</span> <span class='ocrx_word' id='word_1_177' title='bbox 388 2898 557 2984; x_wconf 84' lang='lat' dir='ltr'>Episcopo,</span> <span class='ocrx_word' id='word_1_178' title='bbox 583 2898 639 2962; x_wconf 76' lang='lat' dir='ltr'>secl</span> <span class='ocrx_word' id='word_1_179' title='bbox 662 2898 781 2981; x_wconf 89' lang='lat' dir='ltr'>absque</span> <span class='ocrx_word' id='word_1_180' title='bbox 805 2898 900 2963; x_wconf 88' lang='lat' dir='ltr'>dubio</span> <span class='ocrx_word' id='word_1_181' title='bbox 921 2898 1071 2963; x_wconf 87' lang='lat' dir='ltr'>videntur</span> <span class='ocrx_word' id='word_1_182' title='bbox 1087 2898 1251 2983; x_wconf 87' lang='lat' dir='ltr'>prohiberi</span> <span class='ocrx_word' id='word_1_183' title='bbox 1277 2897 1397 2961; x_wconf 91' lang='lat' dir='ltr'>iudices</span> <span class='ocrx_word' id='word_1_184' title='bbox 1414 2897 1477 2962; x_wconf 88' lang='lat' dir='ltr'>de-</span> 
     </span>
     <span class='ocr_line' id='line_1_23' title="bbox 287 3020 1473 3107; baseline 0 -22"><span class='ocrx_word' id='word_1_185' title='bbox 287 3020 404 3106; x_wconf 89' lang='lat' dir='ltr'>legati;</span> <span class='ocrx_word' id='word_1_186' title='bbox 429 3023 504 3106; x_wconf 89' lang='lat' dir='ltr'>quia</span> <span class='ocrx_word' id='word_1_187' title='bbox 527 3022 624 3086; x_wconf 90' lang='lat' dir='ltr'>dictio</span> <span class='ocrx_word' id='word_1_188' title='bbox 648 3040 788 3087; x_wconf 69' lang='lat' dir='ltr'>rsuram</span> <span class='ocrx_word' id='word_1_189' title='bbox 812 3027 861 3087; x_wconf 88' lang='lat' dir='ltr'>est</span> <span class='ocrx_word' id='word_1_190' title='bbox 883 3022 979 3107; x_wconf 90' lang='lat' dir='ltr'>plane</span> <span class='ocrx_word' id='word_1_191' title='bbox 1003 3022 1178 3087; x_wconf 84' lang='lat' dir='ltr'>exclusiva.</span> <span class='ocrx_word' id='word_1_192' title='bbox 1206 3022 1367 3097; x_wconf 85' lang='lat' dir='ltr'>Quocirca</span> <span class='ocrx_word' id='word_1_193' title='bbox 1391 3022 1473 3106; x_wconf 84' lang='lat' dir='ltr'>Epi-</span> 
     </span>
     <span class='ocr_line' id='line_1_24' title="bbox 288 3144 1478 3231; baseline 0.002 -23"><span class='ocrx_word' id='word_1_194' title='bbox 288 3144 377 3228; x_wconf 91' lang='lat' dir='ltr'>scopi</span> <span class='ocrx_word' id='word_1_195' title='bbox 401 3144 453 3207; x_wconf 89' lang='lat' dir='ltr'>vel</span> <span class='ocrx_word' id='word_1_196' title='bbox 477 3164 536 3229; x_wconf 92' lang='lat' dir='ltr'>per</span> <span class='ocrx_word' id='word_1_197' title='bbox 559 3164 594 3208; x_wconf 91' lang='lat' dir='ltr'>se</span> <span class='ocrx_word' id='word_1_198' title='bbox 617 3145 670 3209; x_wconf 84' lang='lat' dir='ltr'>vel</span> <span class='ocrx_word' id='word_1_199' title='bbox 693 3166 753 3229; x_wconf 90' lang='lat' dir='ltr'>per</span> <span class='ocrx_word' id='word_1_200' title='bbox 780 3166 855 3210; x_wconf 87' lang='lat' dir='ltr'>suos</span> <span class='ocrx_word' id='word_1_201' title='bbox 872 3146 1032 3226; x_wconf 88' lang='lat' dir='ltr'>Vicarics,</span> <span class='ocrx_word' id='word_1_202' title='bbox 1052 3144 1111 3210; x_wconf 87' lang='lat' dir='ltr'>has</span> <span class='ocrx_word' id='word_1_203' title='bbox 1135 3164 1248 3211; x_wconf 87' lang='lat' dir='ltr'>causas</span> <span class='ocrx_word' id='word_1_204' title='bbox 1271 3164 1478 3231; x_wconf 83' lang='lat' dir='ltr'>cognoscere</span> 
     </span>
     <span class='ocr_line' id='line_1_25' title="bbox 288 3265 1473 3353; baseline 0.003 -22"><span class='ocrx_word' id='word_1_205' title='bbox 288 3265 416 3340; x_wconf 88' lang='lat' dir='ltr'>debent,</span> <span class='ocrx_word' id='word_1_206' title='bbox 442 3274 600 3350; x_wconf 84' lang='lat' dir='ltr'>quatenus</span> <span class='ocrx_word' id='word_1_207' title='bbox 624 3290 723 3333; x_wconf 90' lang='lat' dir='ltr'>unum</span> <span class='ocrx_word' id='word_1_208' title='bbox 747 3268 894 3353; x_wconf 87' lang='lat' dir='ltr'>idemque</span> <span class='ocrx_word' id='word_1_209' title='bbox 920 3269 1060 3334; x_wconf 85' lang='lat' dir='ltr'>tribunal</span> <span class='ocrx_word' id='word_1_210' title='bbox 1084 3271 1235 3335; x_wconf 81' lang='lat' dir='ltr'>existunt.</span> <span class='ocrx_word' id='word_1_211' title='bbox 1254 3271 1333 3334; x_wconf 89' lang='lat' dir='ltr'>Nam</span> <span class='ocrx_word' id='word_1_212' title='bbox 1357 3271 1383 3333; x_wconf 88' lang='lat' dir='ltr'>si</span> <span class='ocrx_word' id='word_1_213' title='bbox 1408 3270 1473 3335; x_wconf 86' lang='lat' dir='ltr'>Vl-</span> 
     </span>
     <span class='ocr_line' id='line_1_26' title="bbox 288 3393 1476 3481; baseline 0.005 -26"><span class='ocrx_word' id='word_1_214' title='bbox 288 3393 378 3456; x_wconf 90' lang='lat' dir='ltr'>cario</span> <span class='ocrx_word' id='word_1_215' title='bbox 410 3395 554 3478; x_wconf 87' lang='lat' dir='ltr'>cognitio</span> <span class='ocrx_word' id='word_1_216' title='bbox 581 3393 802 3468; x_wconf 83' lang='lat' dir='ltr'>demandetur,</span> <span class='ocrx_word' id='word_1_217' title='bbox 828 3400 988 3478; x_wconf 89' lang='lat' dir='ltr'>tamquam</span> <span class='ocrx_word' id='word_1_218' title='bbox 1012 3396 1118 3461; x_wconf 85' lang='lat' dir='ltr'>iudici</span> <span class='ocrx_word' id='word_1_219' title='bbox 1140 3397 1302 3481; x_wconf 75' lang='lat' dir='ltr'>delegato,</span> <span class='ocrx_word' id='word_1_220' title='bbox 1330 3395 1385 3460; x_wconf 91' lang='lat' dir='ltr'>hic</span> <span class='ocrx_word' id='word_1_221' title='bbox 1409 3398 1476 3461; x_wconf 83' lang='lat' dir='ltr'>tri-</span> 
     </span>
     <span class='ocr_line' id='line_1_27' title="bbox 286 3513 1474 3604; baseline 0.003 -25"><span class='ocrx_word' id='word_1_222' title='bbox 286 3513 385 3579; x_wconf 89' lang='lat' dir='ltr'>bunal</span> <span class='ocrx_word' id='word_1_223' title='bbox 411 3518 576 3583; x_wconf 86' lang='lat' dir='ltr'>constituit</span> <span class='ocrx_word' id='word_1_224' title='bbox 603 3517 796 3591; x_wconf 87' lang='lat' dir='ltr'>distinctum,</span> <span class='ocrx_word' id='word_1_225' title='bbox 822 3524 855 3585; x_wconf 91' lang='lat' dir='ltr'>et</span> <span class='ocrx_word' id='word_1_226' title='bbox 878 3518 917 3583; x_wconf 87' lang='lat' dir='ltr'>ab</span> <span class='ocrx_word' id='word_1_227' title='bbox 942 3539 979 3583; x_wconf 91' lang='lat' dir='ltr'>eo</span> <span class='ocrx_word' id='word_1_228' title='bbox 1004 3518 1099 3584; x_wconf 86' lang='lat' dir='ltr'>datur</span> <span class='ocrx_word' id='word_1_229' title='bbox 1122 3517 1162 3582; x_wconf 90' lang='lat' dir='ltr'>ad</span> <span class='ocrx_word' id='word_1_230' title='bbox 1190 3520 1383 3604; x_wconf 87' lang='lat' dir='ltr'>Episcopum</span> <span class='ocrx_word' id='word_1_231' title='bbox 1411 3538 1474 3604; x_wconf 92' lang='lat' dir='ltr'>ap-</span> 
     </span>
     <span class='ocr_line' id='line_1_28' title="bbox 287 3637 429 3722; baseline 0.007 -20"><span class='ocrx_word' id='word_1_232' title='bbox 287 3637 429 3722; x_wconf 85' lang='lat' dir='ltr'>pallatio.</span> 
     </span>
    </p>
   </div>
   <div class='ocr_carea' id='block_1_3' title="bbox 284 3762 1473 4476">
    <p class='ocr_par' dir='ltr' id='par_1_5' title="bbox 284 3762 1473 4476">
     <span class='ocr_line' id='line_1_29' title="bbox 377 3762 1473 3859; baseline 0.005 -31"><span class='ocrx_word' id='word_1_233' title='bbox 377 3762 411 3847; x_wconf 79' lang='lat'>3)</span> <span class='ocrx_word' id='word_1_234' title='bbox 438 3762 500 3828; x_wconf 90' lang='lat' dir='ltr'>Sed</span> <span class='ocrx_word' id='word_1_235' title='bbox 517 3764 590 3828; x_wconf 89' lang='lat' dir='ltr'>inde</span> <span class='ocrx_word' id='word_1_236' title='bbox 606 3762 803 3828; x_wconf 87' lang='lat' dir='ltr'>declaranda</span> <span class='ocrx_word' id='word_1_237' title='bbox 826 3770 876 3831; x_wconf 91' lang='lat' dir='ltr'>est</span> <span class='ocrx_word' id='word_1_238' title='bbox 898 3766 1110 3851; x_wconf 88' lang='lat' dir='ltr'>praescriptio</span> <span class='ocrx_word' id='word_1_239' title='bbox 1127 3765 1205 3859; x_wconf 88' lang='lat' dir='ltr'>alias</span> <span class='ocrx_word' id='word_1_240' title='bbox 1222 3766 1393 3850; x_wconf 83' lang='lat' dir='ltr'>explicata,</span> <span class='ocrx_word' id='word_1_241' title='bbox 1411 3788 1473 3833; x_wconf 89' lang='lat' dir='ltr'>seu</span> 
     </span>
     <span class='ocr_line' id='line_1_30' title="bbox 286 3886 1471 3973; baseline 0.006 -24"><span class='ocrx_word' id='word_1_242' title='bbox 286 3886 485 3953; x_wconf 87' lang='lat' dir='ltr'>consuetudo</span> <span class='ocrx_word' id='word_1_243' title='bbox 502 3886 671 3951; x_wconf 85' lang='lat' dir='ltr'>admodum</span> <span class='ocrx_word' id='word_1_244' title='bbox 686 3888 866 3963; x_wconf 86' lang='lat' dir='ltr'>laudabilis,</span> <span class='ocrx_word' id='word_1_245' title='bbox 885 3908 1000 3973; x_wconf 87' lang='lat' dir='ltr'>nempe</span> <span class='ocrx_word' id='word_1_246' title='bbox 1017 3889 1056 3955; x_wconf 89' lang='lat' dir='ltr'>de</span> <span class='ocrx_word' id='word_1_247' title='bbox 1073 3890 1305 3955; x_wconf 85' lang='lat' dir='ltr'>constituendis</span> <span class='ocrx_word' id='word_1_248' title='bbox 1320 3890 1471 3956; x_wconf 90' lang='lat' dir='ltr'>tribuna-</span> 
     </span>
     <span class='ocr_line' id='line_1_31' title="bbox 285 4013 1472 4102; baseline 0.004 -25"><span class='ocrx_word' id='word_1_249' title='bbox 285 4013 369 4078; x_wconf 90' lang='lat' dir='ltr'>libus</span> <span class='ocrx_word' id='word_1_250' title='bbox 385 4013 608 4098; x_wconf 86' lang='lat' dir='ltr'>collegialibus</span> <span class='ocrx_word' id='word_1_251' title='bbox 622 4014 759 4080; x_wconf 92' lang='lat' dir='ltr'>iudicum</span> <span class='ocrx_word' id='word_1_252' title='bbox 773 4015 994 4101; x_wconf 82' lang='lat' dir='ltr'>delegatorum</span> <span class='ocrx_word' id='word_1_253' title='bbox 1009 4036 1066 4100; x_wconf 92' lang='lat' dir='ltr'>pro</span> <span class='ocrx_word' id='word_1_254' title='bbox 1080 4016 1283 4101; x_wconf 87' lang='lat' dir='ltr'>gravioribus</span> <span class='ocrx_word' id='word_1_255' title='bbox 1298 4017 1472 4102; x_wconf 87' lang='lat' dir='ltr'>expedien-</span> 
     </span>
     <span class='ocr_line' id='line_1_32' title="bbox 285 4138 1473 4238; baseline 0.004 -35"><span class='ocrx_word' id='word_1_256' title='bbox 285 4138 334 4203; x_wconf 88' lang='lat' dir='ltr'>dis</span> <span class='ocrx_word' id='word_1_257' title='bbox 348 4142 593 4205; x_wconf 78' lang='lat' dir='ltr'>controversiis,</span> <span class='ocrx_word' id='word_1_258' title='bbox 614 4144 762 4206; x_wconf 89' lang='lat' dir='ltr'>Iamvero</span> <span class='ocrx_word' id='word_1_259' title='bbox 787 4141 869 4205; x_wconf 89' lang='lat' dir='ltr'>ratio</span> <span class='ocrx_word' id='word_1_260' title='bbox 894 4142 1127 4238; x_wconf 76' lang='lat' dir='ltr'>conciliationis</span> <span class='ocrx_word' id='word_1_261' title='bbox 1151 4142 1255 4207; x_wconf 91' lang='lat' dir='ltr'>sacilis</span> <span class='ocrx_word' id='word_1_262' title='bbox 1279 4144 1473 4227; x_wconf 83' lang='lat' dir='ltr'>suggeritur</span> 
     </span>
     <span class='ocr_line' id='line_1_33' title="bbox 284 4262 1470 4352; baseline 0.004 -25"><span class='ocrx_word' id='word_1_263' title='bbox 284 4262 325 4327; x_wconf 89' lang='lat' dir='ltr'>ab</span> <span class='ocrx_word' id='word_1_264' title='bbox 350 4265 567 4328; x_wconf 87' lang='lat' dir='ltr'>instructione</span> <span class='ocrx_word' id='word_1_265' title='bbox 591 4266 764 4330; x_wconf 85' lang='lat' dir='ltr'>Austriaca</span> <span class='ocrx_word' id='word_1_266' title='bbox 780 4264 875 4331; x_wconf 86' lang='lat' dir='ltr'>Card.</span> <span class='ocrx_word' id='word_1_267' title='bbox 899 4266 1068 4331; x_wconf 86' lang='lat' dir='ltr'>Rauscher</span> <span class='ocrx_word' id='word_1_268' title='bbox 1091 4288 1150 4352; x_wconf 89' lang='lat' dir='ltr'>pro</span> <span class='ocrx_word' id='word_1_269' title='bbox 1174 4268 1280 4332; x_wconf 89' lang='lat' dir='ltr'>causis</span> <span class='ocrx_word' id='word_1_270' title='bbox 1300 4268 1470 4333; x_wconf 89' lang='lat' dir='ltr'>matrimo-</span> 
     </span>
     <span class='ocr_line' id='line_1_34' title="bbox 284 4386 1473 4476; baseline 0.007 -28"><span class='ocrx_word' id='word_1_271' title='bbox 284 4386 433 4460; x_wconf 90' lang='lat' dir='ltr'>nialibus,</span> <span class='ocrx_word' id='word_1_272' title='bbox 455 4389 502 4452; x_wconf 85' lang='lat' dir='ltr'>ad</span> <span class='ocrx_word' id='word_1_273' title='bbox 524 4389 638 4470; x_wconf 65' lang='lat'><strong><em>5178,</em></strong></span> <span class='ocrx_word' id='word_1_274' title='bbox 656 4389 707 4453; x_wconf 91' lang='lat' dir='ltr'>ubi</span> <span class='ocrx_word' id='word_1_275' title='bbox 732 4391 901 4475; x_wconf 77' lang='lat' dir='ltr'>statuitur:</span> <span class='ocrx_word' id='word_1_276' title='bbox 928 4410 946 4453; x_wconf 88' lang='lat'>«</span> <span class='ocrx_word' id='word_1_277' title='bbox 965 4392 1146 4476; x_wconf 78' lang='lat' dir='ltr'>Antequam</span> <span class='ocrx_word' id='word_1_278' title='bbox 1162 4393 1323 4457; x_wconf 88' lang='lat' dir='ltr'>sententia</span> <span class='ocrx_word' id='word_1_279' title='bbox 1339 4392 1473 4457; x_wconf 84' lang='lat' dir='ltr'>feratur</span> 
     </span>
    </p>
   </div>
   <div class='ocr_carea' id='block_1_4' title="bbox 0 0 1650 5109">
    <p class='ocr_par' dir='ltr' id='par_1_6' title="bbox 0 0 1650 5109">
     <span class='ocr_line' id='line_1_35' title="bbox 0 0 1650 5109; baseline 0 1"><span class='ocrx_word' id='word_1_280' title='bbox 0 0 1650 5109; x_wconf 95' lang='lat' dir='ltr'> </span> 
     </span>
    </p>
   </div>
  </div>
 </body>
</html>
