<?xml version="1.0" encoding="UTF-8"?>
<!DOCTYPE html PUBLIC "-//W3C//DTD XHTML 1.0 Transitional//EN"
    "http://www.w3.org/TR/xhtml1/DTD/xhtml1-transitional.dtd">
<html xmlns="http://www.w3.org/1999/xhtml" xml:lang="en" lang="en">
 <head>
  <title>
</title>
<meta http-equiv="Content-Type" content="text/html;charset=utf-8" />
  <meta name='ocr-system' content='tesseract 3.04.00' />
  <meta name='ocr-capabilities' content='ocr_page ocr_carea ocr_par ocr_line ocrx_word'/>
</head>
<body>
  <div class='ocr_page' id='page_1' title='image "./praelectionesin03legagoog_0417.png"; bbox 0 0 3292 5109; ppageno 0'>
   <div class='ocr_carea' id='block_1_1' title="bbox 488 267 1328 333">
    <p class='ocr_par' dir='ltr' id='par_1_1' title="bbox 488 267 1328 333">
     <span class='ocr_line' id='line_1_1' title="bbox 488 267 1328 333; baseline 0.001 -1"><span class='ocrx_word' id='word_1_1' title='bbox 488 284 533 332; x_wconf 82' lang='lat' dir='ltr'>nu</span> <span class='ocrx_word' id='word_1_2' title='bbox 556 283 696 331; x_wconf 86' lang='lat' dir='ltr'>romeus</span> <span class='ocrx_word' id='word_1_3' title='bbox 719 282 984 331; x_wconf 76' lang='lat' dir='ltr'>aocnnsmsrrcrs</span> <span class='ocrx_word' id='word_1_4' title='bbox 1260 267 1328 333; x_wconf 87' lang='lat'>413</span> 
     </span>
    </p>
   </div>
   <div class='ocr_carea' id='block_1_2' title="bbox 146 408 1330 2360">
    <p class='ocr_par' dir='ltr' id='par_1_2' title="bbox 146 408 1330 2360">
     <span class='ocr_line' id='line_1_2' title="bbox 149 408 1328 495; baseline 0.001 -18"><span class='ocrx_word' id='word_1_5' title='bbox 149 411 235 494; x_wconf 82' lang='lat' dir='ltr'>tiae,</span> <span class='ocrx_word' id='word_1_6' title='bbox 258 409 393 477; x_wconf 77' lang='lat' dir='ltr'>ratione</span> <span class='ocrx_word' id='word_1_7' title='bbox 422 428 548 495; x_wconf 89' lang='lat' dir='ltr'>quoque</span> <span class='ocrx_word' id='word_1_8' title='bbox 574 409 776 493; x_wconf 76' lang='lat' dir='ltr'>disciptinae</span> <span class='ocrx_word' id='word_1_9' title='bbox 805 408 1015 475; x_wconf 81' lang='lat' dir='ltr'>subordinate</span> <span class='ocrx_word' id='word_1_10' title='bbox 1042 410 1194 487; x_wconf 81' lang='lat' dir='ltr'>existunt,</span> <span class='ocrx_word' id='word_1_11' title='bbox 1219 412 1265 481; x_wconf 87' lang='lat' dir='ltr'>ita</span> <span class='ocrx_word' id='word_1_12' title='bbox 1291 417 1328 479; x_wconf 91' lang='lat' dir='ltr'>ut</span> 
     </span>
     <span class='ocr_line' id='line_1_3' title="bbox 147 532 1326 621; baseline 0.002 -21"><span class='ocrx_word' id='word_1_13' title='bbox 147 534 246 600; x_wconf 79' lang='lat' dir='ltr'>iudex</span> <span class='ocrx_word' id='word_1_14' title='bbox 261 534 409 621; x_wconf 80' lang='lat' dir='ltr'><strong>superior</strong></span> <span class='ocrx_word' id='word_1_15' title='bbox 433 533 606 619; x_wconf 91' lang='lat' dir='ltr'>invigilare</span> <span class='ocrx_word' id='word_1_16' title='bbox 626 532 742 598; x_wconf 88' lang='lat' dir='ltr'>debeat</span> <span class='ocrx_word' id='word_1_17' title='bbox 757 533 791 597; x_wconf 93' lang='lat' dir='ltr'>in</span> <span class='ocrx_word' id='word_1_18' title='bbox 806 532 1005 609; x_wconf 79' lang='lat' dir='ltr'>interiorem,</span> <span class='ocrx_word' id='word_1_19' title='bbox 1024 554 1160 618; x_wconf 88' lang='lat' dir='ltr'>eumque</span> <span class='ocrx_word' id='word_1_20' title='bbox 1175 534 1216 601; x_wconf 93' lang='lat' dir='ltr'>ad</span> <span class='ocrx_word' id='word_1_21' title='bbox 1232 556 1326 601; x_wconf 91' lang='lat' dir='ltr'>snum</span> 
     </span>
     <span class='ocr_line' id='line_1_4' title="bbox 147 658 1328 736; baseline 0.003 -11"><span class='ocrx_word' id='word_1_22' title='bbox 147 659 288 726; x_wconf 89' lang='lat' dir='ltr'>officium</span> <span class='ocrx_word' id='word_1_23' title='bbox 311 678 471 727; x_wconf 89' lang='lat' dir='ltr'>revocare</span> <span class='ocrx_word' id='word_1_24' title='bbox 493 664 526 725; x_wconf 90' lang='lat' dir='ltr'>et</span> <span class='ocrx_word' id='word_1_25' title='bbox 548 661 582 724; x_wconf 93' lang='lat' dir='ltr'>in</span> <span class='ocrx_word' id='word_1_26' title='bbox 605 658 709 724; x_wconf 88' lang='lat' dir='ltr'>officio</span> <span class='ocrx_word' id='word_1_27' title='bbox 733 659 919 736; x_wconf 86' lang='lat' dir='ltr'>continere;</span> <span class='ocrx_word' id='word_1_28' title='bbox 943 659 1056 725; x_wconf 88' lang='lat' dir='ltr'>sedin</span> <span class='ocrx_word' id='word_1_29' title='bbox 1079 661 1142 727; x_wconf 92' lang='lat' dir='ltr'>hoc</span> <span class='ocrx_word' id='word_1_30' title='bbox 1173 658 1328 728; x_wconf 86' lang='lat' dir='ltr'>differunt</span> 
     </span>
     <span class='ocr_line' id='line_1_5' title="bbox 147 781 1327 867; baseline 0.001 -19"><span class='ocrx_word' id='word_1_31' title='bbox 147 783 420 867; x_wconf 81' lang='lat' dir='ltr'>praescriptiones</span> <span class='ocrx_word' id='word_1_32' title='bbox 442 783 524 847; x_wconf 87' lang='lat' dir='ltr'>iuris</span> <span class='ocrx_word' id='word_1_33' title='bbox 545 782 649 847; x_wconf 86' lang='lat' dir='ltr'>civilis</span> <span class='ocrx_word' id='word_1_34' title='bbox 676 800 696 845; x_wconf 90' lang='lat' dir='ltr'>a</span> <span class='ocrx_word' id='word_1_35' title='bbox 719 781 841 866; x_wconf 90' lang='lat' dir='ltr'>regulis</span> <span class='ocrx_word' id='word_1_36' title='bbox 864 782 943 847; x_wconf 90' lang='lat' dir='ltr'>iuris</span> <span class='ocrx_word' id='word_1_37' title='bbox 965 781 1196 849; x_wconf 85' lang='lat' dir='ltr'>Ecclesiastici.</span> <span class='ocrx_word' id='word_1_38' title='bbox 1216 818 1233 831; x_wconf 93' lang='lat'>-</span> <span class='ocrx_word' id='word_1_39' title='bbox 1259 784 1327 849; x_wconf 90' lang='lat' dir='ltr'>Pro</span> 
     </span>
     <span class='ocr_line' id='line_1_6' title="bbox 147 902 1327 990; baseline 0.001 -20"><span class='ocrx_word' id='word_1_40' title='bbox 147 904 267 971; x_wconf 81' lang='lat' dir='ltr'>ditione</span> <span class='ocrx_word' id='word_1_41' title='bbox 290 905 377 969; x_wconf 91' lang='lat' dir='ltr'>civili</span> <span class='ocrx_word' id='word_1_42' title='bbox 399 902 571 990; x_wconf 86' lang='lat' dir='ltr'>pontificia,</span> <span class='ocrx_word' id='word_1_43' title='bbox 592 902 750 989; x_wconf 76' lang='lat' dir='ltr'>peculiari</span> <span class='ocrx_word' id='word_1_44' title='bbox 765 902 953 989; x_wconf 87' lang='lat' dir='ltr'>disciplinae</span> <span class='ocrx_word' id='word_1_45' title='bbox 969 904 1103 971; x_wconf 88' lang='lat' dir='ltr'>subiecti</span> <span class='ocrx_word' id='word_1_46' title='bbox 1125 905 1260 971; x_wconf 82' lang='lat' dir='ltr'>fuerunt</span> <span class='ocrx_word' id='word_1_47' title='bbox 1281 906 1327 971; x_wconf 90' lang='lat' dir='ltr'>iu·</span> 
     </span>
     <span class='ocr_line' id='line_1_7' title="bbox 147 1026 1326 1115; baseline 0.001 -21"><span class='ocrx_word' id='word_1_48' title='bbox 147 1029 235 1096; x_wconf 90' lang='lat' dir='ltr'>dices</span> <span class='ocrx_word' id='word_1_49' title='bbox 266 1034 299 1103; x_wconf 87' lang='lat' dir='ltr'>et</span> <span class='ocrx_word' id='word_1_50' title='bbox 327 1026 537 1095; x_wconf 76' lang='lat' dir='ltr'>tribunalium</span> <span class='ocrx_word' id='word_1_51' title='bbox 567 1026 720 1093; x_wconf 87' lang='lat' dir='ltr'>officiales</span> <span class='ocrx_word' id='word_1_52' title='bbox 750 1047 811 1115; x_wconf 90' lang='lat' dir='ltr'>per</span> <span class='ocrx_word' id='word_1_53' title='bbox 841 1028 990 1095; x_wconf 86' lang='lat' dir='ltr'>Edictum</span> <span class='ocrx_word' id='word_1_54' title='bbox 1018 1029 1113 1097; x_wconf 83' lang='lat' dir='ltr'>Gard.</span> <span class='ocrx_word' id='word_1_55' title='bbox 1139 1030 1326 1097; x_wconf 85' lang='lat' dir='ltr'>Gamberini</span> 
     </span>
     <span class='ocr_line' id='line_1_8' title="bbox 146 1156 1327 1243; baseline -0.002 -20"><span class='ocrx_word' id='word_1_56' title='bbox 146 1158 191 1224; x_wconf 85' lang='lat'>17</span> <span class='ocrx_word' id='word_1_57' title='bbox 212 1159 291 1224; x_wconf 87' lang='lat' dir='ltr'>Deo.</span> <span class='ocrx_word' id='word_1_58' title='bbox 315 1156 418 1232; x_wconf 74' lang='lat'><strong><em>1834,</em></strong></span> <span class='ocrx_word' id='word_1_59' title='bbox 440 1156 634 1222; x_wconf 85' lang='lat' dir='ltr'>auctoritate</span> <span class='ocrx_word' id='word_1_60' title='bbox 658 1156 809 1241; x_wconf 82' lang='lat' dir='ltr'>Gregorii</span> <span class='ocrx_word' id='word_1_61' title='bbox 833 1156 916 1222; x_wconf 88' lang='lat' dir='ltr'>XVI</span> <span class='ocrx_word' id='word_1_62' title='bbox 939 1156 1196 1243; x_wconf 84' lang='lat' dir='ltr'>promulgatum,</span> <span class='ocrx_word' id='word_1_63' title='bbox 1219 1163 1255 1223; x_wconf 91' lang='lat' dir='ltr'>nt</span> <span class='ocrx_word' id='word_1_64' title='bbox 1276 1177 1327 1223; x_wconf 89' lang='lat' dir='ltr'>or·</span> 
     </span>
     <span class='ocr_line' id='line_1_9' title="bbox 147 1278 1325 1363; baseline -0.001 -16"><span class='ocrx_word' id='word_1_65' title='bbox 147 1282 328 1348; x_wconf 90' lang='lat' dir='ltr'>dinationes</span> <span class='ocrx_word' id='word_1_66' title='bbox 350 1278 494 1346; x_wconf 90' lang='lat' dir='ltr'>eiusdem</span> <span class='ocrx_word' id='word_1_67' title='bbox 510 1281 603 1345; x_wconf 86' lang='lat' dir='ltr'>Rom.</span> <span class='ocrx_word' id='word_1_68' title='bbox 617 1280 712 1345; x_wconf 92' lang='lat' dir='ltr'>Pont.</span> <span class='ocrx_word' id='word_1_69' title='bbox 729 1278 836 1345; x_wconf 88' lang='lat' dir='ltr'>editae</span> <span class='ocrx_word' id='word_1_70' title='bbox 850 1278 893 1347; x_wconf 83' lang='lat' dir='ltr'>de</span> <span class='ocrx_word' id='word_1_71' title='bbox 910 1298 1077 1363; x_wconf 81' lang='lat' dir='ltr'>processu</span> <span class='ocrx_word' id='word_1_72' title='bbox 1097 1278 1163 1347; x_wconf 65' lang='lat' dir='ltr'>civ.</span> <span class='ocrx_word' id='word_1_73' title='bbox 1179 1281 1224 1346; x_wconf 90' lang='lat'>10</span> <span class='ocrx_word' id='word_1_74' title='bbox 1238 1280 1325 1348; x_wconf 82' lang='lat' dir='ltr'>Nou.</span> 
     </span>
     <span class='ocr_line' id='line_1_10' title="bbox 147 1404 1330 1493; baseline -0.001 -21"><span class='ocrx_word' id='word_1_75' title='bbox 147 1404 255 1482; x_wconf 77' lang='lat'><strong><em>1834,</em></strong></span> <span class='ocrx_word' id='word_1_76' title='bbox 279 1404 391 1472; x_wconf 88' lang='lat' dir='ltr'>sedulo</span> <span class='ocrx_word' id='word_1_77' title='bbox 413 1404 677 1471; x_wconf 82' lang='lat' dir='ltr'>observarentur.</span> <span class='ocrx_word' id='word_1_78' title='bbox 702 1440 720 1451; x_wconf 97' lang='lat'>-</span> <span class='ocrx_word' id='word_1_79' title='bbox 747 1404 795 1469; x_wconf 86' lang='lat' dir='ltr'>De</span> <span class='ocrx_word' id='word_1_80' title='bbox 817 1404 958 1470; x_wconf 89' lang='lat' dir='ltr'>iudicum</span> <span class='ocrx_word' id='word_1_81' title='bbox 983 1404 1125 1471; x_wconf 90' lang='lat' dir='ltr'>civilium</span> <span class='ocrx_word' id='word_1_82' title='bbox 1157 1405 1330 1493; x_wconf 89' lang='lat' dir='ltr'>disciplina</span> 
     </span>
     <span class='ocr_line' id='line_1_11' title="bbox 148 1526 1287 1614; baseline 0.003 -23"><span class='ocrx_word' id='word_1_83' title='bbox 148 1526 320 1614; x_wconf 87' lang='lat' dir='ltr'>diligenter</span> <span class='ocrx_word' id='word_1_84' title='bbox 343 1532 478 1593; x_wconf 92' lang='lat' dir='ltr'>cavetur</span> <span class='ocrx_word' id='word_1_85' title='bbox 499 1527 674 1614; x_wconf 89' lang='lat' dir='ltr'>praecipue</span> <span class='ocrx_word' id='word_1_86' title='bbox 697 1528 730 1591; x_wconf 94' lang='lat' dir='ltr'>in</span> <span class='ocrx_word' id='word_1_87' title='bbox 754 1527 916 1593; x_wconf 83' lang='lat' dir='ltr'>codicibus</span> <span class='ocrx_word' id='word_1_88' title='bbox 939 1527 1105 1593; x_wconf 87' lang='lat' dir='ltr'>hodiernis</span> <span class='ocrx_word' id='word_1_89' title='bbox 1129 1526 1287 1594; x_wconf 90' lang='lat' dir='ltr'>civilibus.</span> 
     </span>
     <span class='ocr_line' id='line_1_12' title="bbox 237 1647 1326 1724; baseline -0.001 -10"><span class='ocrx_word' id='word_1_90' title='bbox 237 1648 450 1715; x_wconf 86' lang='lat' dir='ltr'>Nihilominus</span> <span class='ocrx_word' id='word_1_91' title='bbox 462 1647 878 1715; x_wconf 85' lang='lat' dir='ltr'>tribunaliaEcclesiastica</span> <span class='ocrx_word' id='word_1_92' title='bbox 890 1650 949 1715; x_wconf 83' lang='lat' dir='ltr'>etsi</span> <span class='ocrx_word' id='word_1_93' title='bbox 963 1650 1049 1715; x_wconf 92' lang='lat' dir='ltr'>inter</span> <span class='ocrx_word' id='word_1_94' title='bbox 1060 1670 1096 1715; x_wconf 88' lang='lat' dir='ltr'>se</span> <span class='ocrx_word' id='word_1_95' title='bbox 1107 1648 1326 1724; x_wconf 70' lang='lat' dir='ltr'>subordinate,</span> 
     </span>
     <span class='ocr_line' id='line_1_13' title="bbox 146 1772 1326 1860; baseline 0 -21"><span class='ocrx_word' id='word_1_96' title='bbox 146 1778 256 1839; x_wconf 88' lang='lat' dir='ltr'>tamen</span> <span class='ocrx_word' id='word_1_97' title='bbox 279 1774 405 1839; x_wconf 91' lang='lat' dir='ltr'>ratione</span> <span class='ocrx_word' id='word_1_98' title='bbox 428 1772 627 1858; x_wconf 87' lang='lat' dir='ltr'>disciplinae,</span> <span class='ocrx_word' id='word_1_99' title='bbox 653 1774 813 1858; x_wconf 89' lang='lat' dir='ltr'>superiori</span> <span class='ocrx_word' id='word_1_100' title='bbox 836 1773 871 1837; x_wconf 92' lang='lat' dir='ltr'>in</span> <span class='ocrx_word' id='word_1_101' title='bbox 895 1772 1084 1839; x_wconf 83' lang='lat' dir='ltr'>inferiorern</span> <span class='ocrx_word' id='word_1_102' title='bbox 1107 1772 1245 1839; x_wconf 89' lang='lat' dir='ltr'>indicem</span> <span class='ocrx_word' id='word_1_103' title='bbox 1268 1793 1326 1860; x_wconf 89' lang='lat' dir='ltr'>pa·</span> 
     </span>
     <span class='ocr_line' id='line_1_14' title="bbox 147 1896 1328 1984; baseline 0.002 -21"><span class='ocrx_word' id='word_1_104' title='bbox 147 1918 220 1963; x_wconf 90' lang='lat' dir='ltr'>rum</span> <span class='ocrx_word' id='word_1_105' title='bbox 235 1897 331 1963; x_wconf 89' lang='lat' dir='ltr'>hodie</span> <span class='ocrx_word' id='word_1_106' title='bbox 347 1897 539 1963; x_wconf 88' lang='lat' dir='ltr'>conceditur</span> <span class='ocrx_word' id='word_1_107' title='bbox 553 1897 689 1982; x_wconf 89' lang='lat' dir='ltr'>imperii.</span> <span class='ocrx_word' id='word_1_108' title='bbox 704 1896 785 1961; x_wconf 89' lang='lat' dir='ltr'>Nam</span> <span class='ocrx_word' id='word_1_109' title='bbox 798 1896 1080 1984; x_wconf 87' lang='lat' dir='ltr'>Archiepiscopus,</span> <span class='ocrx_word' id='word_1_110' title='bbox 1096 1917 1212 1984; x_wconf 86' lang='lat' dir='ltr'>nempe</span> <span class='ocrx_word' id='word_1_111' title='bbox 1228 1897 1328 1965; x_wconf 81' lang='lat' dir='ltr'>iudex</span> 
     </span>
     <span class='ocr_line' id='line_1_15' title="bbox 147 2022 1328 2109; baseline 0.001 -22"><span class='ocrx_word' id='word_1_112' title='bbox 147 2024 295 2109; x_wconf 89' lang='lat' dir='ltr'>superior</span> <span class='ocrx_word' id='word_1_113' title='bbox 310 2022 475 2089; x_wconf 86' lang='lat' dir='ltr'>inferioris</span> <span class='ocrx_word' id='word_1_114' title='bbox 492 2023 656 2088; x_wconf 83' lang='lat' dir='ltr'>examinat</span> <span class='ocrx_word' id='word_1_115' title='bbox 678 2022 870 2086; x_wconf 90' lang='lat' dir='ltr'>sententiam</span> <span class='ocrx_word' id='word_1_116' title='bbox 887 2023 919 2086; x_wconf 92' lang='lat' dir='ltr'>vi</span> <span class='ocrx_word' id='word_1_117' title='bbox 940 2022 1174 2109; x_wconf 87' lang='lat' dir='ltr'>appellationis,</span> <span class='ocrx_word' id='word_1_118' title='bbox 1192 2043 1328 2108; x_wconf 91' lang='lat' dir='ltr'>eamque</span> 
     </span>
     <span class='ocr_line' id='line_1_16' title="bbox 147 2147 1329 2234; baseline 0.003 -22"><span class='ocrx_word' id='word_1_119' title='bbox 147 2149 283 2234; x_wconf 86' lang='lat' dir='ltr'>corrigit</span> <span class='ocrx_word' id='word_1_120' title='bbox 297 2147 351 2213; x_wconf 92' lang='lat' dir='ltr'>vel</span> <span class='ocrx_word' id='word_1_121' title='bbox 371 2151 537 2230; x_wconf 86' lang='lat' dir='ltr'>retractat,</span> <span class='ocrx_word' id='word_1_122' title='bbox 560 2152 594 2213; x_wconf 90' lang='lat' dir='ltr'>at</span> <span class='ocrx_word' id='word_1_123' title='bbox 609 2148 733 2214; x_wconf 89' lang='lat' dir='ltr'>directe</span> <span class='ocrx_word' id='word_1_124' title='bbox 748 2150 781 2212; x_wconf 95' lang='lat' dir='ltr'>in</span> <span class='ocrx_word' id='word_1_125' title='bbox 804 2147 942 2213; x_wconf 88' lang='lat' dir='ltr'>iudicem</span> <span class='ocrx_word' id='word_1_126' title='bbox 965 2149 1156 2217; x_wconf 86' lang='lat' dir='ltr'>inferiorem</span> <span class='ocrx_word' id='word_1_127' title='bbox 1179 2151 1329 2216; x_wconf 85' lang='lat' dir='ltr'>censuris</span> 
     </span>
     <span class='ocr_line' id='line_1_17' title="bbox 147 2273 1325 2360; baseline 0.003 -23"><span class='ocrx_word' id='word_1_128' title='bbox 147 2279 180 2340; x_wconf 90' lang='lat' dir='ltr'>et</span> <span class='ocrx_word' id='word_1_129' title='bbox 201 2274 273 2339; x_wconf 88' lang='lat' dir='ltr'>aliis</span> <span class='ocrx_word' id='word_1_130' title='bbox 295 2275 407 2360; x_wconf 90' lang='lat' dir='ltr'>poenis</span> <span class='ocrx_word' id='word_1_131' title='bbox 429 2273 690 2339; x_wconf 87' lang='lat' dir='ltr'>animadvertere</span> <span class='ocrx_word' id='word_1_132' title='bbox 714 2293 779 2338; x_wconf 94' lang='lat' dir='ltr'>non</span> <span class='ocrx_word' id='word_1_133' title='bbox 802 2273 899 2348; x_wconf 81' lang='lat' dir='ltr'>valet</span> <span class='ocrx_word' id='word_1_134' title='bbox 924 2275 997 2339; x_wconf 90' lang='lat' dir='ltr'>iure</span> <span class='ocrx_word' id='word_1_135' title='bbox 1021 2294 1084 2359; x_wconf 88' lang='lat' dir='ltr'>quo</span> <span class='ocrx_word' id='word_1_136' title='bbox 1114 2276 1245 2340; x_wconf 86' lang='lat' dir='ltr'>utimur.</span> <span class='ocrx_word' id='word_1_137' title='bbox 1271 2276 1325 2341; x_wconf 89' lang='lat' dir='ltr'>Ius</span> 
     </span>
    </p>
   </div>
   <div class='ocr_carea' id='block_1_3' title="bbox 147 2398 1328 2606">
    <p class='ocr_par' dir='ltr' id='par_1_3' title="bbox 147 2398 1328 2606">
     <span class='ocr_line' id='line_1_18' title="bbox 147 2398 1328 2485; baseline 0.006 -25"><span class='ocrx_word' id='word_1_138' title='bbox 147 2398 232 2461; x_wconf 89' lang='lat' dir='ltr'>enim</span> <span class='ocrx_word' id='word_1_139' title='bbox 256 2416 426 2463; x_wconf 90' lang='lat' dir='ltr'>commune</span> <span class='ocrx_word' id='word_1_140' title='bbox 448 2416 608 2481; x_wconf 69' lang='lat' dir='ltr'>expresse</span> <span class='ocrx_word' id='word_1_141' title='bbox 631 2402 663 2463; x_wconf 86' lang='lat' dir='ltr'>et</span> <span class='ocrx_word' id='word_1_142' title='bbox 687 2398 838 2464; x_wconf 74' lang='lat' dir='ltr'>terratico</span> <span class='ocrx_word' id='word_1_143' title='bbox 853 2418 946 2464; x_wconf 87' lang='lat' dir='ltr'>casus</span> <span class='ocrx_word' id='word_1_144' title='bbox 963 2398 1193 2466; x_wconf 86' lang='lat' dir='ltr'>determinavit</span> <span class='ocrx_word' id='word_1_145' title='bbox 1212 2399 1328 2485; x_wconf 90' lang='lat' dir='ltr'>quibus</span> 
     </span>
     <span class='ocr_line' id='line_1_19' title="bbox 147 2516 1327 2606; baseline 0.005 -26"><span class='ocrx_word' id='word_1_146' title='bbox 147 2516 292 2581; x_wconf 90' lang='lat' dir='ltr'>Praelati</span> <span class='ocrx_word' id='word_1_147' title='bbox 315 2518 498 2603; x_wconf 88' lang='lat' dir='ltr'>superiores</span> <span class='ocrx_word' id='word_1_148' title='bbox 513 2518 663 2604; x_wconf 88' lang='lat' dir='ltr'>supplent</span> <span class='ocrx_word' id='word_1_149' title='bbox 681 2517 873 2585; x_wconf 79' lang='lat' dir='ltr'>inferiorum</span> <span class='ocrx_word' id='word_1_150' title='bbox 891 2518 1130 2605; x_wconf 88' lang='lat' dir='ltr'>negligentiam,</span> <span class='ocrx_word' id='word_1_151' title='bbox 1150 2520 1191 2585; x_wconf 93' lang='lat' dir='ltr'>ad</span> <span class='ocrx_word' id='word_1_152' title='bbox 1205 2540 1241 2585; x_wconf 90' lang='lat' dir='ltr'>se</span> <span class='ocrx_word' id='word_1_153' title='bbox 1255 2540 1327 2606; x_wconf 89' lang='lat' dir='ltr'>per·</span> 
     </span>
    </p>
   </div>
   <div class='ocr_carea' id='block_1_4' title="bbox 142 2642 1328 3852">
    <p class='ocr_par' dir='ltr' id='par_1_4' title="bbox 142 2642 1328 3852">
     <span class='ocr_line' id='line_1_20' title="bbox 145 2642 1328 2729; baseline 0.004 -23"><span class='ocrx_word' id='word_1_154' title='bbox 145 2642 314 2709; x_wconf 90' lang='lat' dir='ltr'>trahentes</span> <span class='ocrx_word' id='word_1_155' title='bbox 337 2648 429 2709; x_wconf 88' lang='lat' dir='ltr'>actus</span> <span class='ocrx_word' id='word_1_156' title='bbox 451 2662 516 2709; x_wconf 92' lang='lat' dir='ltr'>non</span> <span class='ocrx_word' id='word_1_157' title='bbox 538 2644 682 2729; x_wconf 90' lang='lat' dir='ltr'>legitimo</span> <span class='ocrx_word' id='word_1_158' title='bbox 710 2648 856 2729; x_wconf 89' lang='lat' dir='ltr'>tempore</span> <span class='ocrx_word' id='word_1_159' title='bbox 880 2651 913 2710; x_wconf 91' lang='lat' dir='ltr'>et</span> <span class='ocrx_word' id='word_1_160' title='bbox 935 2644 1028 2709; x_wconf 89' lang='lat' dir='ltr'>modo</span> <span class='ocrx_word' id='word_1_161' title='bbox 1051 2644 1091 2710; x_wconf 91' lang='lat' dir='ltr'>ab</span> <span class='ocrx_word' id='word_1_162' title='bbox 1115 2644 1328 2711; x_wconf 89' lang='lat' dir='ltr'>inferioribus</span> 
     </span>
     <span class='ocr_line' id='line_1_21' title="bbox 145 2769 1328 2859; baseline 0.004 -25"><span class='ocrx_word' id='word_1_163' title='bbox 145 2770 283 2854; x_wconf 82' lang='lat' dir='ltr'>positos3</span> <span class='ocrx_word' id='word_1_164' title='bbox 312 2774 344 2834; x_wconf 91' lang='lat' dir='ltr'>et</span> <span class='ocrx_word' id='word_1_165' title='bbox 374 2769 450 2833; x_wconf 92' lang='lat' dir='ltr'>olim</span> <span class='ocrx_word' id='word_1_166' title='bbox 480 2789 667 2835; x_wconf 79' lang='lat' dir='ltr'>concessum</span> <span class='ocrx_word' id='word_1_167' title='bbox 690 2775 763 2835; x_wconf 90' lang='lat' dir='ltr'>erat</span> <span class='ocrx_word' id='word_1_168' title='bbox 785 2770 1011 2856; x_wconf 82' lang='lat' dir='ltr'>Metropolitae</span> <span class='ocrx_word' id='word_1_169' title='bbox 1038 2773 1072 2836; x_wconf 92' lang='lat' dir='ltr'>in</span> <span class='ocrx_word' id='word_1_170' title='bbox 1096 2769 1328 2859; x_wconf 78' lang='lat' dir='ltr'>suffraganeos</span> 
     </span>
     <span class='ocr_line' id='line_1_22' title="bbox 147 2893 1327 2971; baseline 0.003 -12"><span class='ocrx_word' id='word_1_171' title='bbox 147 2893 245 2959; x_wconf 90' lang='lat' dir='ltr'>edere</span> <span class='ocrx_word' id='word_1_172' title='bbox 268 2894 460 2960; x_wconf 86' lang='lat' dir='ltr'>sententiam</span> <span class='ocrx_word' id='word_1_173' title='bbox 483 2914 710 2971; x_wconf 89' lang='lat' dir='ltr'>censurarum;</span> <span class='ocrx_word' id='word_1_174' title='bbox 735 2894 831 2961; x_wconf 91' lang='lat' dir='ltr'>hodie</span> <span class='ocrx_word' id='word_1_175' title='bbox 847 2915 925 2961; x_wconf 90' lang='lat' dir='ltr'>vero</span> <span class='ocrx_word' id='word_1_176' title='bbox 941 2897 1122 2963; x_wconf 89' lang='lat' dir='ltr'>huiusmodi</span> <span class='ocrx_word' id='word_1_177' title='bbox 1146 2897 1282 2964; x_wconf 81' lang='lat' dir='ltr'>facultas</span> <span class='ocrx_word' id='word_1_178' title='bbox 1305 2918 1327 2962; x_wconf 91' lang='lat' dir='ltr'>a</span> 
     </span>
     <span class='ocr_line' id='line_1_23' title="bbox 145 3018 1328 3107; baseline 0.005 -23"><span class='ocrx_word' id='word_1_179' title='bbox 145 3019 271 3087; x_wconf 90' lang='lat' dir='ltr'>iuribus</span> <span class='ocrx_word' id='word_1_180' title='bbox 293 3022 540 3107; x_wconf 88' lang='lat' dir='ltr'>Metropoliticis</span> <span class='ocrx_word' id='word_1_181' title='bbox 563 3042 643 3107; x_wconf 88' lang='lat' dir='ltr'>erga</span> <span class='ocrx_word' id='word_1_182' title='bbox 665 3018 894 3107; x_wconf 80' lang='lat' dir='ltr'>suffraganeos</span> <span class='ocrx_word' id='word_1_183' title='bbox 910 3022 1016 3088; x_wconf 86' lang='lat' dir='ltr'>aliena</span> <span class='ocrx_word' id='word_1_184' title='bbox 1030 3023 1159 3091; x_wconf 90' lang='lat' dir='ltr'>videtur</span> <span class='ocrx_word' id='word_1_185' title='bbox 1180 3030 1212 3089; x_wconf 90' lang='lat' dir='ltr'>et</span> <span class='ocrx_word' id='word_1_186' title='bbox 1227 3045 1246 3089; x_wconf 93' lang='lat' dir='ltr'>a</span> <span class='ocrx_word' id='word_1_187' title='bbox 1261 3045 1328 3090; x_wconf 90' lang='lat' dir='ltr'>mo·</span> 
     </span>
     <span class='ocr_line' id='line_1_24' title="bbox 145 3147 1325 3234; baseline 0 -18"><span class='ocrx_word' id='word_1_188' title='bbox 145 3149 235 3217; x_wconf 88' lang='lat' dir='ltr'>ribus</span> <span class='ocrx_word' id='word_1_189' title='bbox 259 3148 398 3232; x_wconf 90' lang='lat' dir='ltr'>receptis</span> <span class='ocrx_word' id='word_1_190' title='bbox 414 3152 555 3223; x_wconf 84' lang='lat' dir='ltr'>remota;</span> <span class='ocrx_word' id='word_1_191' title='bbox 579 3147 621 3212; x_wconf 87' lang='lat' dir='ltr'>cf.</span> <span class='ocrx_word' id='word_1_192' title='bbox 640 3149 753 3220; x_wconf 77' lang='lat' dir='ltr'>Bonis,</span> <span class='ocrx_word' id='word_1_193' title='bbox 769 3147 824 3214; x_wconf 91' lang='lat' dir='ltr'>De</span> <span class='ocrx_word' id='word_1_194' title='bbox 839 3148 1007 3233; x_wconf 66' lang='lat' dir='ltr'>Episcop„</span> <span class='ocrx_word' id='word_1_195' title='bbox 1025 3156 1103 3217; x_wconf 84' lang='lat' dir='ltr'>tom.</span> <span class='ocrx_word' id='word_1_196' title='bbox 1122 3152 1149 3225; x_wconf 87' lang='lat'>1,</span> <span class='ocrx_word' id='word_1_197' title='bbox 1166 3156 1258 3234; x_wconf 82' lang='lat' dir='ltr'>port.</span> <span class='ocrx_word' id='word_1_198' title='bbox 1275 3152 1325 3233; x_wconf 88' lang='grc' dir='ltr'>Π,</span> 
     </span>
     <span class='ocr_line' id='line_1_25' title="bbox 142 3270 1326 3361; baseline 0.003 -22"><span class='ocrx_word' id='word_1_199' title='bbox 142 3294 226 3361; x_wconf 78' lang='lat' dir='ltr'>pap.</span> <span class='ocrx_word' id='word_1_200' title='bbox 251 3272 333 3338; x_wconf 71' lang='lat'>475.</span> <span class='ocrx_word' id='word_1_201' title='bbox 358 3273 489 3336; x_wconf 85' lang='lat' dir='ltr'>Revera</span> <span class='ocrx_word' id='word_1_202' title='bbox 511 3291 628 3336; x_wconf 89' lang='lat' dir='ltr'>causae</span> <span class='ocrx_word' id='word_1_203' title='bbox 652 3270 876 3357; x_wconf 88' lang='lat' dir='ltr'>disciplinares</span> <span class='ocrx_word' id='word_1_204' title='bbox 902 3293 960 3338; x_wconf 92' lang='lat' dir='ltr'>seu</span> <span class='ocrx_word' id='word_1_205' title='bbox 984 3276 1167 3341; x_wconf 84' lang='lat' dir='ltr'>criminales</span> <span class='ocrx_word' id='word_1_206' title='bbox 1190 3276 1326 3361; x_wconf 88' lang='lat' dir='ltr'>Episco-</span> 
     </span>
     <span class='ocr_line' id='line_1_26' title="bbox 147 3400 1326 3489; baseline 0.002 -23"><span class='ocrx_word' id='word_1_207' title='bbox 147 3421 271 3487; x_wconf 90' lang='lat' dir='ltr'>porum‚</span> <span class='ocrx_word' id='word_1_208' title='bbox 295 3400 322 3465; x_wconf 89' lang='lat' dir='ltr'>si</span> <span class='ocrx_word' id='word_1_209' title='bbox 344 3400 478 3464; x_wconf 88' lang='lat' dir='ltr'>minoris</span> <span class='ocrx_word' id='word_1_210' title='bbox 501 3401 664 3471; x_wconf 84' lang='lat' dir='ltr'>momenti,</span> <span class='ocrx_word' id='word_1_211' title='bbox 689 3400 862 3465; x_wconf 89' lang='lat' dir='ltr'>attributae</span> <span class='ocrx_word' id='word_1_212' title='bbox 887 3405 962 3465; x_wconf 89' lang='lat' dir='ltr'>sunt</span> <span class='ocrx_word' id='word_1_213' title='bbox 992 3404 1225 3487; x_wconf 89' lang='lat' dir='ltr'>competentiae</span> <span class='ocrx_word' id='word_1_214' title='bbox 1248 3423 1326 3489; x_wconf 88' lang='lat' dir='ltr'>pro-</span> 
     </span>
     <span class='ocr_line' id='line_1_27' title="bbox 146 3523 1325 3610; baseline 0.003 -20"><span class='ocrx_word' id='word_1_215' title='bbox 146 3524 332 3590; x_wconf 89' lang='lat' dir='ltr'>vincialium</span> <span class='ocrx_word' id='word_1_216' title='bbox 356 3523 571 3609; x_wconf 67' lang='lat' dir='ltr'>synodorum</span> <span class='ocrx_word' id='word_1_217' title='bbox 595 3529 629 3589; x_wconf 93' lang='lat' dir='ltr'>at</span> <span class='ocrx_word' id='word_1_218' title='bbox 643 3526 782 3590; x_wconf 90' lang='lat' dir='ltr'>maiores</span> <span class='ocrx_word' id='word_1_219' title='bbox 798 3545 916 3591; x_wconf 89' lang='lat' dir='ltr'>causae</span> <span class='ocrx_word' id='word_1_220' title='bbox 932 3544 1014 3610; x_wconf 89' lang='lat' dir='ltr'>qnae</span> <span class='ocrx_word' id='word_1_221' title='bbox 1037 3528 1188 3591; x_wconf 88' lang='lat' dir='ltr'>nimirum</span> <span class='ocrx_word' id='word_1_222' title='bbox 1208 3528 1325 3610; x_wconf 71' lang='lat' dir='ltr'>pstea·</span> 
     </span>
     <span class='ocr_line' id='line_1_28' title="bbox 148 3644 1326 3733; baseline 0.003 -22"><span class='ocrx_word' id='word_1_223' title='bbox 148 3646 237 3714; x_wconf 80' lang='lat' dir='ltr'>tione</span> <span class='ocrx_word' id='word_1_224' title='bbox 259 3651 320 3711; x_wconf 81' lang='lat' dir='ltr'>aut</span> <span class='ocrx_word' id='word_1_225' title='bbox 341 3644 550 3728; x_wconf 75' lang='lat' dir='ltr'>depositione</span> <span class='ocrx_word' id='word_1_226' title='bbox 571 3645 697 3731; x_wconf 75' lang='lat' dir='ltr'>dignae</span> <span class='ocrx_word' id='word_1_227' title='bbox 720 3651 808 3721; x_wconf 81' lang='lat' dir='ltr'>suat,</span> <span class='ocrx_word' id='word_1_228' title='bbox 834 3648 895 3731; x_wconf 91' lang='lat' dir='ltr'>ipsi</span> <span class='ocrx_word' id='word_1_229' title='bbox 920 3647 1028 3733; x_wconf 89' lang='lat' dir='ltr'>Papae</span> <span class='ocrx_word' id='word_1_230' title='bbox 1049 3653 1235 3713; x_wconf 83' lang='lat' dir='ltr'>reservatae</span> <span class='ocrx_word' id='word_1_231' title='bbox 1258 3649 1326 3715; x_wconf 81' lang='lat' dir='ltr'>lue</span> 
     </span>
     <span class='ocr_line' id='line_1_29' title="bbox 147 3767 1041 3852; baseline 0.002 -19"><span class='ocrx_word' id='word_1_232' title='bbox 147 3774 232 3835; x_wconf 90' lang='lat' dir='ltr'>runt.</span> <span class='ocrx_word' id='word_1_233' title='bbox 259 3768 307 3835; x_wconf 84' lang='lat' dir='ltr'>Ol.</span> <span class='ocrx_word' id='word_1_234' title='bbox 332 3769 419 3835; x_wconf 74' lang='lat' dir='ltr'>Sese.</span> <span class='ocrx_word' id='word_1_235' title='bbox 443 3767 503 3844; x_wconf 78' lang='lat'>24,</span> <span class='ocrx_word' id='word_1_236' title='bbox 527 3788 555 3834; x_wconf 88' lang='lat' dir='ltr'>c.</span> <span class='ocrx_word' id='word_1_237' title='bbox 579 3769 616 3847; x_wconf 88' lang='lat'>5,</span> <span class='ocrx_word' id='word_1_238' title='bbox 643 3769 693 3834; x_wconf 87' lang='lat' dir='ltr'>De</span> <span class='ocrx_word' id='word_1_239' title='bbox 715 3767 792 3852; x_wconf 74' lang='lat' dir='ltr'>Res.</span> <span class='ocrx_word' id='word_1_240' title='bbox 819 3770 918 3837; x_wconf 82' lang='lat' dir='ltr'>Cone.</span> <span class='ocrx_word' id='word_1_241' title='bbox 947 3770 1041 3835; x_wconf 85' lang='lat' dir='ltr'>Trid.</span> 
     </span>
    </p>
   </div>
   <div class='ocr_carea' id='block_1_5' title="bbox 145 3892 1324 4101">
    <p class='ocr_par' dir='ltr' id='par_1_5' title="bbox 145 3892 1324 4101">
     <span class='ocr_line' id='line_1_30' title="bbox 237 3892 1324 3978; baseline 0.006 -22"><span class='ocrx_word' id='word_1_242' title='bbox 237 3892 441 3978; x_wconf 84' lang='lat' dir='ltr'>Quapropter</span> <span class='ocrx_word' id='word_1_243' title='bbox 464 3893 544 3957; x_wconf 89' lang='lat' dir='ltr'>iuris</span> <span class='ocrx_word' id='word_1_244' title='bbox 560 3894 737 3957; x_wconf 89' lang='lat' dir='ltr'>communis</span> <span class='ocrx_word' id='word_1_245' title='bbox 753 3894 946 3978; x_wconf 88' lang='lat' dir='ltr'>principium</span> <span class='ocrx_word' id='word_1_246' title='bbox 963 3900 1012 3959; x_wconf 92' lang='lat' dir='ltr'>est</span> <span class='ocrx_word' id='word_1_247' title='bbox 1027 3900 1062 3960; x_wconf 90' lang='lat' dir='ltr'>ut</span> <span class='ocrx_word' id='word_1_248' title='bbox 1085 3895 1206 3961; x_wconf 90' lang='lat' dir='ltr'>indices</span> <span class='ocrx_word' id='word_1_249' title='bbox 1223 3897 1324 3961; x_wconf 87' lang='lat' dir='ltr'>Prae·</span> 
     </span>
     <span class='ocr_line' id='line_1_31' title="bbox 145 4011 1324 4101; baseline 0.004 -24"><span class='ocrx_word' id='word_1_250' title='bbox 145 4012 203 4079; x_wconf 90' lang='lat' dir='ltr'>lati</span> <span class='ocrx_word' id='word_1_251' title='bbox 234 4015 294 4078; x_wconf 91' lang='lat' dir='ltr'>etsi</span> <span class='ocrx_word' id='word_1_252' title='bbox 324 4011 533 4087; x_wconf 88' lang='lat' dir='ltr'>subordinati‚</span> <span class='ocrx_word' id='word_1_253' title='bbox 562 4015 689 4079; x_wconf 88' lang='lat' dir='ltr'>ratione</span> <span class='ocrx_word' id='word_1_254' title='bbox 716 4012 836 4099; x_wconf 90' lang='lat' dir='ltr'>gradus</span> <span class='ocrx_word' id='word_1_255' title='bbox 867 4018 1099 4101; x_wconf 89' lang='lat' dir='ltr'>competentiae</span> <span class='ocrx_word' id='word_1_256' title='bbox 1130 4018 1162 4081; x_wconf 92' lang='lat' dir='ltr'>in</span> <span class='ocrx_word' id='word_1_257' title='bbox 1190 4016 1324 4083; x_wconf 90' lang='lat' dir='ltr'>iudicia-</span> 
     </span>
    </p>
   </div>
   <div class='ocr_carea' id='block_1_6' title="bbox 146 4136 1325 4227">
    <p class='ocr_par' dir='ltr' id='par_1_6' title="bbox 146 4136 1325 4227">
     <span class='ocr_line' id='line_1_32' title="bbox 146 4136 1325 4227; baseline 0.007 -28"><span class='ocrx_word' id='word_1_258' title='bbox 146 4136 240 4209; x_wconf 88' lang='lat' dir='ltr'>libus,</span> <span class='ocrx_word' id='word_1_259' title='bbox 260 4141 368 4201; x_wconf 89' lang='lat' dir='ltr'>tamen</span> <span class='ocrx_word' id='word_1_260' title='bbox 392 4138 425 4201; x_wconf 92' lang='lat' dir='ltr'>in</span> <span class='ocrx_word' id='word_1_261' title='bbox 449 4156 509 4201; x_wconf 91' lang='lat' dir='ltr'>sna</span> <span class='ocrx_word' id='word_1_262' title='bbox 530 4137 630 4202; x_wconf 91' lang='lat' dir='ltr'>veluti</span> <span class='ocrx_word' id='word_1_263' title='bbox 653 4156 793 4223; x_wconf 89' lang='lat' dir='ltr'>persona</span> <span class='ocrx_word' id='word_1_264' title='bbox 817 4139 906 4203; x_wconf 90' lang='lat' dir='ltr'>etin</span> <span class='ocrx_word' id='word_1_265' title='bbox 929 4158 986 4205; x_wconf 91' lang='lat' dir='ltr'>suo</span> <span class='ocrx_word' id='word_1_266' title='bbox 1002 4140 1164 4215; x_wconf 87' lang='lat' dir='ltr'>tribunali,</span> <span class='ocrx_word' id='word_1_267' title='bbox 1182 4140 1325 4227; x_wconf 85' lang='lat' dir='ltr'>discipli-</span> 
     </span>
    </p>
   </div>
   <div class='ocr_carea' id='block_1_7' title="bbox 145 4263 1327 4480">
    <p class='ocr_par' dir='ltr' id='par_1_7' title="bbox 145 4263 1327 4480">
     <span class='ocr_line' id='line_1_33' title="bbox 146 4263 1325 4352; baseline 0.007 -26"><span class='ocrx_word' id='word_1_268' title='bbox 146 4264 282 4344; x_wconf 89' lang='lat' dir='ltr'>nariter,</span> <span class='ocrx_word' id='word_1_269' title='bbox 299 4263 456 4327; x_wconf 90' lang='lat' dir='ltr'>immunes</span> <span class='ocrx_word' id='word_1_270' title='bbox 479 4264 544 4327; x_wconf 91' lang='lat' dir='ltr'>sint</span> <span class='ocrx_word' id='word_1_271' title='bbox 566 4282 586 4327; x_wconf 93' lang='lat' dir='ltr'>a</span> <span class='ocrx_word' id='word_1_272' title='bbox 608 4269 765 4349; x_wconf 88' lang='lat' dir='ltr'>potestate</span> <span class='ocrx_word' id='word_1_273' title='bbox 788 4266 965 4352; x_wconf 89' lang='lat' dir='ltr'>superioris</span> <span class='ocrx_word' id='word_1_274' title='bbox 989 4266 1162 4332; x_wconf 87' lang='lat' dir='ltr'>immediati</span> <span class='ocrx_word' id='word_1_275' title='bbox 1186 4288 1243 4333; x_wconf 92' lang='lat' dir='ltr'>seu</span> <span class='ocrx_word' id='word_1_276' title='bbox 1258 4268 1325 4334; x_wconf 91' lang='lat' dir='ltr'>Me·</span> 
     </span>
     <span class='ocr_line' id='line_1_34' title="bbox 145 4385 1327 4480; baseline 0.007 -31"><span class='ocrx_word' id='word_1_277' title='bbox 145 4385 332 4471; x_wconf 89' lang='lat' dir='ltr'>tropolitani</span> <span class='ocrx_word' id='word_1_278' title='bbox 356 4389 389 4450; x_wconf 89' lang='lat' dir='ltr'>et</span> <span class='ocrx_word' id='word_1_279' title='bbox 411 4389 536 4452; x_wconf 87' lang='lat' dir='ltr'>tantum</span> <span class='ocrx_word' id='word_1_280' title='bbox 556 4388 702 4453; x_wconf 85' lang='lat' dir='ltr'>Romano</span> <span class='ocrx_word' id='word_1_281' title='bbox 719 4386 868 4454; x_wconf 88' lang='lat' dir='ltr'>Pontifici</span> <span class='ocrx_word' id='word_1_282' title='bbox 892 4387 1078 4456; x_wconf 87' lang='lat' dir='ltr'>subdantur.</span> <span class='ocrx_word' id='word_1_283' title='bbox 1098 4392 1189 4457; x_wconf 91' lang='lat' dir='ltr'>Haec</span> <span class='ocrx_word' id='word_1_284' title='bbox 1211 4392 1327 4480; x_wconf 85' lang='lat' dir='ltr'>praxis</span> 
     </span>
    </p>
   </div>
   <div class='ocr_carea' id='block_1_8' title="bbox 0 0 1650 5109">
    <p class='ocr_par' dir='ltr' id='par_1_8' title="bbox 0 0 1650 5109">
     <span class='ocr_line' id='line_1_35' title="bbox 0 0 1650 5109; baseline 0 0"><span class='ocrx_word' id='word_1_285' title='bbox 0 0 1650 5109; x_wconf 95' lang='lat' dir='ltr'> </span> 
     </span>
    </p>
   </div>
  </div>
 </body>
</html>
