3292 5109
497 294 541 341 nu
566 292 705 341 morsus
728 292 993 341 nocussmsmcrs
1268 273 1334 340 173

155 412 355 479 concedatur
377 420 502 503 tempus
525 413 707 491 sufficieus;
731 418 776 483 ita
806 420 917 481 tamen
947 421 983 480 ut
1011 414 1162 481 abusibus
1189 412 1334 499 praeclu·
1439 398 1444 407 ⁸

155 536 253 603 datur
267 539 382 607 aditus.
401 541 480 607 Nam
497 541 640 627 partibus
656 542 774 610 dantur
790 544 809 607 7
828 541 896 609 dies
911 540 952 607 ad
973 538 1188 607 conficiendas
1203 558 1335 627 respon-

154 663 272 738 siones,
301 685 382 751 quae
406 665 561 735 iudicibus
585 672 617 735 et
638 667 710 734 aliis
735 665 937 735 Officialibns
965 666 1200 734 distribuuntur
1227 664 1335 731 triduo

153 793 232 855 ante
248 793 441 859 sententiam
457 792 498 859 ad
514 799 676 860 maturum
692 793 879 859 earumdem
895 813 1052 870 uxamam
1067 792 1125 859 sed
1142 797 1254 880 postea
1268 812 1333 858 non

153 912 239 979 aliae
262 914 479 983 admittendae
501 922 576 984 sunt
598 918 808 1005 allegationes
831 918 885 984 vel
909 917 1129 994 defensionem
1153 940 1205 993 ne,
1230 918 1338 984 altera

153 1045 249 1123 parte
273 1041 374 1107 inscia
395 1048 428 1107 et
443 1042 620 1125 indefensa,
636 1043 742 1109 altera
764 1042 860 1129 paulo
883 1048 959 1109 ante
982 1043 1175 1109 sententiam
1197 1048 1335 1130 aggerat

153 1162 335 1245 mendacia,
359 1169 392 1231 et
413 1164 545 1232 fraudes
566 1170 677 1232 nectat
699 1164 740 1231 ad
764 1166 1064 1231 circumveniendos
1087 1164 1218 1230 iudices.

248 1286 322 1355 145.
346 1284 571 1354 Definitionem
595 1288 837 1355 coutroversiae
858 1287 941 1372 quod
957 1293 1091 1374 spectat,
1108 1288 1141 1351 in
1155 1292 1221 1352 art.
1237 1287 1274 1351 11
1288 1287 1334 1353 ita

155 1404 346 1473 decernitur
368 1408 408 1475 de
430 1409 524 1476 modo
548 1409 803 1477 communicandi
830 1409 976 1495 partibus
1003 1410 1101 1476 latam
1131 1407 1332 1480 sententiam,

156 1550 289 1617 nempe:
309 1554 328 1594 ‹
343 1531 593 1603 Resotntionem
610 1531 644 1599 S.
665 1532 947 1621 Conprepationis
960 1532 1257 1600 Eminentissimus
1272 1531 1335 1597 Re-

154 1654 246 1721 tator
267 1656 403 1740 seriptis
426 1657 531 1725 tradit
553 1664 585 1725 et
607 1678 668 1726 suo
691 1657 831 1725 nomine
861 1657 1015 1744 obsipnat
1041 1674 1186 1741 eamque
1209 1654 1249 1719 D.
1274 1650 1332 1720 Se·

153 1779 302 1846 mutatio
325 1752 439 1848 tradit
449 1781 608 1865 partimus
630 1783 895 1869 sipuificandam
911 1802 942 1846 ›.
960 1782 1041 1846 Dein
1059 1785 1093 1846 ut
1108 1779 1336 1866 appellationis

153 1902 335 1971 defensioni
359 1903 415 1972 fiat
435 1906 537 1980 locus,
561 1910 593 1974 in
616 1906 882 1993 subsequentibus
905 1906 1052 1973 articulis
1075 1906 1226 1972 statuitur
1249 1906 1335 1969 ratio

154 2029 349 2117 impetrandi
372 2030 569 2119 beneficium
592 2051 701 2100 nouae
725 2032 929 2099 audientiae.
955 2033 1086 2098 Revera
1107 2038 1172 2098 art.
1192 2031 1235 2096 12
1249 2030 1348 2128 haec¹

153 2150 271 2218 habet:
297 2152 371 2219 «Si
392 2154 485 2221 intra
507 2156 622 2223 decem
645 2158 717 2223 dies
740 2175 828 2240 pars
850 2156 939 2223 aicta
968 2156 1092 2223 iterum
1123 2155 1240 2223 audiri
1267 2173 1333 2237 po·

152 2279 263 2357 stutet,
286 2280 582 2350 Eminentissimus
604 2282 745 2351 Retator
773 2302 882 2350 novae
913 2284 1107 2349 audientiae
1135 2282 1337 2367 beneficium

155 2403 304 2471 mittere
328 2412 440 2489 potest
462 2430 491 2506 a.
515 2410 589 2475 Art.
615 2409 672 2475 13:
703 2428 722 2473 ‹
749 2408 883 2481 Quoties
914 2408 1042 2477 cunctis
1072 2408 1248 2495 suffrapiis
1277 2428 1334 2475 res

154 2528 343 2597 diiudicata
355 2529 462 2613 fuerit
481 2552 560 2597 cum
582 2534 737 2599 clausula
753 2541 773 2565 “
790 2537 823 2599 et
846 2532 996 2615 amptius
1009 2527 1030 2553 ’'
1047 2533 1097 2598 aet
1114 2552 1184 2599 uua
1200 2536 1333 2598 tantum

154 2655 322 2742 sufflapio
338 2656 552 2741 discrepante
568 2676 647 2724 cum
663 2658 818 2724 ctaumda
830 2667 849 2691 “
862 2663 896 2723 et
907 2676 978 2724 non
993 2656 1199 2725 concedatur
1210 2651 1241 2729 ’'‚
1255 2660 1338 2728 tunc

154 2778 256 2845 uenia
278 2780 446 2847 redeundi
467 2802 538 2850 non
565 2782 725 2851 tribuitur
738 2784 814 2849 'nisi
837 2803 860 2849 a
882 2784 990 2867 piena
1016 2781 1285 2870 Conprepatione
1301 2805 1333 2845 ›.

154 2906 228 2970 Art.
247 2906 306 2970 14:
333 2907 483 2975 «Causa
507 2908 618 2975 denam
637 2908 847 2992 proponitur
869 2909 1012 2975 seruatis
1035 2908 1188 2974 terminis
1211 2913 1242 2974 at
1263 2927 1334 2973 me·

154 3024 257 3093 thoda
284 3026 422 3109 primae
446 3029 745 3113 propositionis».
769 3031 842 3096 Art.
869 3030 927 3096 15:
961 3028 1198 3096 ‹Diiudicata
1229 3046 1335 3095 causa

152 3150 385 3217 authenticum
415 3152 633 3219 resolutionis
662 3153 843 3235 eaemptar
868 3152 899 3219 ei
930 3153 1079 3219 traditur
1104 3153 1163 3237 qui
1193 3171 1334 3219 eausam

152 3272 344 3341 obtinuit».
369 3272 437 3338 Hos
460 3274 616 3339 articulos
638 3294 700 3340 nec
724 3294 890 3359 exponere
905 3280 1057 3361 praestat,
1074 3295 1147 3339 cum
1170 3275 1266 3361 plane
1289 3275 1335 3338 in·

152 3399 345 3485 telligantur
367 3416 410 3465 ex
432 3397 526 3465 dictis
548 3402 582 3465 in
603 3402 651 3467 tit.
677 3402 709 3467 ΙΙ
733 3421 765 3465 n.
792 3401 856 3467 109
880 3421 938 3486 sq..
1007 3405 1010 3409 '

246 3526 284 3588 In
307 3524 450 3597 arcuato
472 3524 524 3607 16,
548 3525 670 3607 ultimo,
694 3528 738 3592 ita
762 3526 951 3591 decernitur
977 3526 1016 3591 de
1044 3527 1237 3593 executione
1264 3545 1335 3591 sen-

152 3637 289 3716 tentiae:
305 3670 323 3712 ‹
342 3650 455 3717 Victor
468 3651 571 3718 instat
587 3671 705 3721 coram
717 3652 883 3718 Auditore
897 3652 1071 3732 Gamerae,
1084 3651 1154 3735 qui,
1167 3656 1205 3717 ut
1219 3669 1337 3717 meras

154 3781 327 3849 caecator,
351 3774 604 3844 Resolutianem
632 3775 667 3843 S.
696 3772 975 3864 Conprepationis
1005 3775 1244 3860 exequendam
1275 3776 1333 3841 de·

155 3896 262 3963 cernit
278 3916 310 3960 a.
335 3898 375 3973 In
398 3895 646 3983 explicationem
670 3896 766 3973 huius
796 3897 926 3962 articuli
957 3896 1130 3961 recolenda
1153 3903 1228 3964 suut
1251 3917 1337 3982 quae

155 4020 362 4105 exposuimus
385 4020 419 4083 in
441 4019 533 4085 titulo
559 4021 589 4085 ll
615 4040 646 4085 n.
676 4020 740 4086 110
764 4019 803 4085 de
828 4020 986 4095 hodierna
1009 4022 1113 4106 praxi,
1131 4021 1235 4104 quoad
1259 4041 1335 4087 exe·

157 4142 319 4208 cntionem
342 4140 576 4207 sententiarum
602 4140 656 4207 SS.
682 4140 742 4207 CO.
