3292 5109
344 290 412 357 438
867 312 951 361 rans
975 310 1011 358 ιι.

352 435 428 500 vic.
453 436 633 502 Generalis.
658 470 676 485 -
701 436 820 502 Facilis
844 442 893 502 est
914 438 1097 522 responsi0;
1118 458 1235 523 nempe
1258 438 1284 503 si
1309 456 1411 503 cansa
1426 440 1468 503 sit
1482 436 1535 501 de·

344 561 455 647 legata
479 562 655 629 Ordinario
671 563 743 634 loci,
769 569 848 629 tnnc
871 564 1011 651 cognitio
1028 568 1181 649 competit
1202 570 1269 629 tum
1286 566 1452 649 Episcopo
1467 569 1534 627 tum

347 686 418 751 eius
442 684 586 751 Vicat-io.
612 720 631 735 -
657 686 692 751 Si
717 706 816 751 causa
838 686 985 773 delegata
1007 689 1049 755 sit
1071 688 1248 774 Episcopo,
1277 689 1355 771 quia
1378 688 1536 752 vicarius

346 808 520 875 Generalis
544 810 666 876 obtinet
689 815 877 897 potestatem
902 812 1053 896 Episcopi
1075 812 1303 883 ordinariam,
1319 812 1378 877 sed
1396 832 1465 875 non
1484 813 1533 877 de-

346 934 517 1020 legatam
540 934 618 999 hinc
642 940 732 999 certe
756 956 820 999 non
845 940 958 1020 potest,
982 936 1014 998 vi
1036 936 1227 1008 Vicnriatns,
1250 938 1311 1001 has
1337 956 1458 1000 causas
1478 958 1532 1001 ex·

347 1058 470 1144 pedire.
489 1060 655 1125 -Exinde
678 1062 746 1144 ipse
765 1061 943 1145 Episcopus
966 1080 1031 1125 non
1054 1061 1142 1127 valet
1164 1060 1311 1125 iudicare
1336 1081 1456 1125 causas
1479 1082 1534 1125 sun

345 1186 483 1252 Vicario
499 1186 664 1273 delegatas
682 1201 713 1251 et
729 1187 860 1273 planum
878 1194 936 1253 est.
950 1188 998 1255 Gi.
1013 1188 1202 1262 Leurenius,
1216 1188 1267 1255 De
1288 1189 1358 1254 Vic.
1376 1209 1455 1272 cap.
1469 1190 1529 1261 ΙΙΙ,

346 1330 379 1396 q.
403 1310 479 1377 194.

438 1436 548 1510 Quare
578 1458 618 1501 ea
648 1458 730 1520 qnae
758 1439 917 1523 Episcopo
948 1440 1200 1520 committuntur,
1226 1447 1411 1525 ternpuam
1440 1439 1533 1505 Sedis

347 1562 564 1645 Apostolicue
587 1564 750 1649 delegato,
768 1570 902 1648 possunt
924 1566 1020 1628 etiam
1044 1566 1212 1629 aVicario
1229 1566 1389 1632 Generali
1416 1584 1529 1629 execu-

347 1688 427 1751 tioni
454 1686 652 1759 demandari,
670 1689 695 1751 si
712 1689 872 1773 Episcopo
896 1686 1128 1772 competebant,
1144 1688 1216 1753 iure
1239 1688 1423 1756 ordinario,
1441 1690 1528 1753 etiam

347 1821 424 1879 ante
447 1814 682 1899 delegationem
699 1814 838 1889 factam;
861 1820 940 1879 tunc
956 1816 1040 1878 enirn
1058 1814 1217 1898 delegatio
1234 1815 1323 1879 facta
1348 1820 1399 1879 est
1423 1814 1465 1878 ad
1487 1835 1530 1878 oo

347 1941 524 2009 borandam
542 1942 692 2026 Episcopi
715 1946 916 2026 potestatem,
934 1962 1066 2025 eamque
1086 1941 1292 2007 muniendam
1308 1940 1351 2005 ab
1368 1943 1528 2026 exceptio-

347 2062 442 2127 nibus
473 2061 752 2135 adversariornm;
784 2060 870 2125 unde
906 2061 1073 2126 facultates
1107 2063 1334 2127 conceduntur
1366 2061 1529 2147 Episcopis

349 2206 457 2252 arran
488 2192 665 2270 tamqnam
689 2185 788 2251 Sedis
810 2186 1024 2267 Apostolicae
1047 2186 1219 2271 detegatis.
1247 2184 1374 2249 Verum
1408 2186 1433 2250 si
1458 2186 1523 2267 Epi-

354 2311 442 2395 scopi
466 2314 623 2393 potestate
647 2308 789 2393 polleant
803 2307 1022 2373 tantummodo
1048 2343 1065 2355 -
1084 2314 1261 2391 tamquam
1278 2308 1380 2372 Sedis
1396 2308 1523 2391 Apate

350 2435 408 2500 tici
431 2434 577 2520 delegati
593 2453 629 2507 ·;
653 2434 761 2499 sensi
792 2434 981 2519 simpliciter
1009 2435 1074 2500 sint
1099 2434 1227 2499 indices
1258 2432 1419 2515 detepuit,
1443 2432 1525 2496 nidlt

351 2558 445 2624 mode
461 2557 535 2622 Vic.
552 2557 730 2623 Generales
753 2558 812 2621 has
835 2556 979 2622 obtinent
1003 2557 1181 2637 facultates,
1199 2557 1316 2640 quippe
1337 2556 1526 2640 participant

349 2685 569 2752 ordinariam
593 2682 856 2764 iurisdictionem,
881 2704 944 2747 non
969 2684 1170 2769 delegatam.
1188 2683 1235 2750 Cf.
1254 2684 1441 2769 Fagnanns,
1458 2702 1524 2765 cop.

351 2807 520 2879 Quoninn
543 2806 593 2870 De
616 2808 672 2889 off.
695 2806 802 2891 deleo.
827 2827 860 2871 n.
886 2806 918 2871 4.

439 2930 615 3005 Quaeritur
642 2930 791 2997 secundo
815 2951 858 2994 an
889 2932 1067 3015 Episcopus
1097 2930 1195 3015 possit
1225 2928 1443 3015 subdelegare
1473 2929 1525 2993 lias

349 3075 474 3121 causas.
493 3090 511 3102 -
534 3056 573 3119 In
598 3074 729 3138 genere,
746 3055 913 3140 delegatus
928 3075 949 3120 a
965 3056 1054 3141 Papa
1077 3060 1181 3139 potest
1203 3052 1431 3139 subdelegare,
1448 3054 1522 3117 dum

348 3177 442 3242 modo
465 3179 571 3245 electa
592 3196 657 3240 non
674 3178 716 3239 sit
731 3176 904 3242 industria
919 3196 1098 3260 personae.
1124 3178 1220 3259 Atqui
1237 3146 1523 3260 plures'nocures

348 3308 394 3372 uti
418 3306 530 3371 videre
554 3310 604 3372 est
626 3305 709 3389 apud
734 3306 930 3369 Leurenium
954 3322 1007 3386 op.
1032 3304 1084 3369 cit.
1111 3324 1184 3386 cop.
1208 3302 1254 3375 II,
1279 3324 1312 3388 q.
1337 3304 1423 3377 160,
1445 3324 1524 3369 assa·

349 3437 428 3496 runt
439 3430 674 3515 delegationem
692 3448 861 3493 causarum
875 3428 1071 3512 graviorum,
1088 3429 1132 3490 uti
1150 3423 1444 3493 matrimonialium.
1462 3448 1525 3492 cen-

351 3556 418 3619 seri
441 3554 560 3619 factam
583 3571 742 3637 personae
756 3551 889 3617 ratione
911 3550 984 3616 eins
1005 3550 1196 3615 indtntriae
1210 3556 1244 3615 et
1263 3550 1340 3615 hinc
1366 3551 1521 3636 prohiberi

349 3674 657 3760 subdelegationem.
690 3677 762 3760 lpse
793 3673 982 3751 Leurenius
1004 3676 1025 3739 l.
1055 3693 1082 3738 c.
1107 3672 1234 3737 videtur
1262 3673 1350 3737 hanc
1381 3674 1520 3757 amplecti

349 3804 560 3879 sententiam
585 3802 640 3867 sad
664 3802 717 3866 alii
742 3821 861 3887 graves
882 3802 1038 3866 Doctores
1061 3800 1157 3865 aliter
1179 3800 1363 3886 opinantur,
1381 3803 1428 3865 uti
1452 3800 1520 3883 Lap-

349 3945 436 4000 man,
463 3926 514 3992 De
537 3926 657 3992 iurisd.
690 3925 801 3991 ordin.
827 3926 972 3990 conclus.
998 3923 1054 3989 95.
1085 3924 1131 3989 At
1155 3923 1258 4009 stylus
1284 3924 1399 3988 curiae
1429 3923 1522 4008 magis

350 4052 444 4116 iavet
459 4050 601 4135 opinioni
626 4068 708 4133 quae
731 4048 870 4133 denegat
885 4052 1072 4132 potestatem
1087 4045 1317 4132 subdelegandi
1332 4066 1446 4111 causas
1461 4066 1518 4110 rna-

348 4178 428 4242 ximi
455 4177 630 4252 momenti,
655 4180 689 4239 et
711 4174 743 4240 S.
768 4174 868 4258 cong.
893 4171 1026 4237 Concilii
1050 4173 1082 4236 in
1105 4171 1247 4237 decretis
1270 4172 1425 4237 eiusmodi
1448 4171 1516 4236 dele

350 4302 519 4387 gationum
544 4318 672 4384 semper
692 4296 780 4363 addit
795 4302 983 4382 potestatem
997 4294 1251 4381 subdelepandi.
1269 4330 1287 4344 ·
1305 4296 1339 4363 Si
1354 4315 1432 4361 vero
1446 4293 1516 4359 desit

349 4422 432 4489 haec
457 4424 623 4489 concessio
647 4420 811 4486 facultatis
834 4421 865 4484 in
890 4420 1058 4505 rescripto,
1082 4424 1115 4483 et
1136 4418 1359 4506 subdelegatio
1382 4417 1443 4493 fiat
1462 4414 1514 4481 nisi
