3292 5109
307 248 349 319 18
823 274 908 321 rans
932 272 968 321 11.

305 396 415 483 Papae
431 398 518 464 iniis
533 399 730 484 potissimum
754 398 954 465 iudicialibus
974 398 1222 483 quaestionibus,
1240 419 1323 482 quae
1339 400 1372 464 in
1388 399 1484 485 pleno

304 522 523 591 Cardinalium
548 525 743 592 Consistorio
771 524 918 591 ordinari
946 530 979 591 et
1002 524 1127 590 definiri
1155 543 1300 612 congrue
1331 544 1396 589 non
1427 546 1485 611 po-

301 652 420 713 terant.
445 648 517 715 Sed‘
532 653 724 735 supererant
746 649 811 713 alia
835 650 966 735 negotia
989 648 1111 715 ordinis
1131 648 1399 715 administrativi
1421 655 1485 716 tra·

301 770 419 836 ctanda
435 776 467 837 et
483 771 710 836 resolvendae
727 771 951 839 Cardinalibus
972 773 1005 836 in
1029 773 1261 839 Consistorium
1284 770 1483 839 coadunatis.

391 890 992 983 00010000100000110101000011010
1015 896 1137 963 ordinis
1159 896 1407 963 administrativi
1425 898 1483 963 sub

299 1018 431 1085 0000010
445 1038 508 1087 x1v
528 1026 560 1085 et
582 1039 641 1097 xv,
659 1019 786 1104 quando
804 1018 967 1086 Pontificii
985 1022 1148 1086 Primatus
1170 1019 1236 1086 late
1258 1020 1483 1106 explicabatur

299 1144 476 1207 auctoritas
505 1148 538 1207 et
568 1144 754 1228 imperium,
780 1161 980 1229 magnopere
1009 1144 1188 1228 persentita
1214 1142 1276 1208 1011
1306 1144 1482 1210 necessitas

300 1265 486 1332 instituendi
510 1273 601 1335 certa
622 1267 839 1334 Cardinalium
857 1268 1001 1355 Collegia
1016 1267 1165 1335 ordinata
1187 1268 1314 1333 cuidam
1337 1270 1482 1354 negotio·

301 1412 374 1457 rum
398 1394 510 1476 generi
534 1392 733 1478 expediendo
757 1413 816 1478 per
834 1393 1034 1457 ordinariam
1057 1390 1219 1476 fixamque
1242 1398 1442 1477 potestatem.
1462 1429 1479 1441 -

300 1518 369 1582 Iam
386 1526 460 1584 ante
477 1519 601 1585 Sixtum
618 1520 649 1583 V
665 1520 800 1585 instituti
817 1519 952 1585 suerunt
978 1518 1158 1584 huiusmodi
1175 1518 1393 1584 (lardinalium
1409 1540 1480 1585 coe-

299 1644 351 1705 tus
360 1638 416 1724 (1),
430 1638 486 1705 sed
498 1660 578 1705 vere
588 1641 642 1704 1110
651 1639 806 1705 Pontifex
821 1640 854 1703 in
869 1638 1479 1706 001011100001.Ι1111110110001587-

300 1763 440 1829 habetur
455 1764 525 1828 iure
537 1764 652 1827 merito
666 1762 697 1829 S.
712 1763 936 1829 Romanarum
951 1762 1247 1849 congregationum
1264 1763 1435 1828 institutor
1449 1769 1482 1826 et

301 1893 435 1972 Auctor,
452 1891 527 1976 quia
541 1890 651 1975 plures
667 1908 767 1954 novas
784 1890 931 1963 instituit,
951 1890 1017 1954 iam
1033 1890 1185 1956 institutis
1201 1894 1325 1954 certam
1343 1887 1482 1953 formam

300 2017 470 2101 praestitit,
487 2016 592 2101 prouti
614 2015 738 2099 largius
762 2014 951 2079 evolvamus
973 2021 1109 2099 agentes
1132 2015 1172 2079 de
1192 2014 1326 2100 singulis
1342 2014 1483 2099 Congre

300 2136 490 2225 gationibus.
508 2136 710 2202 Posteriores
732 2132 909 2200 Pontifices
932 2140 966 2199 01
987 2136 1162 2220 praecipue
1186 2136 1381 2202 Benedictus
1396 2136 1481 2201 XIV

300 2263 435 2351 provida
463 2261 677 2330 sollicitudine
708 2280 809 2345 usque
841 2260 1066 2334 incubuerunt,
1091 2267 1127 2325 ut
1153 2261 1252 2327 Curia
1274 2263 1423 2326 Romana
1449 2266 1481 2327 et

299 2390 442 2453 maxime
464 2388 495 2453 S.
517 2386 802 2471 Congregationcs,
829 2405 889 2471 pro
913 2386 947 2449 in
970 2384 1038 2451 dies
1061 2386 1184 2450 maiore
1207 2384 1269 2450 sibi
1293 2393 1481 2471 comparata

295 2511 502 2591 auctoritate,
527 2516 601 2595 apte
624 2530 682 2575 suo
705 2507 760 2574 flni
785 2508 1031 2595 responderent.

387 2635 441 2702 20.
466 2636 518 2700 Ex
541 2634 634 2699 dictis
664 2637 767 2699 scatet
799 2652 958 2717 quaenam
982 2634 1024 2698 sit
1054 2634 1248 2719 primigenia
1269 2638 1399 2699 natura
1421 2634 1479 2698 Sa·

293 2780 429 2826 crarum
452 2760 756 2845 Congregationum.
780 2794 797 2809 -
823 2758 1014 2825 Cardinales
1036 2760 1122 2824 enim
1146 2759 1398 2845 congregationi
1421 2756 1479 2823 ad·

294 2883 372 2948 dicti
395 2903 454 2969 pro
479 2881 603 2948 obiecto
635 2882 756 2948 habent
786 2886 826 2947 ut
849 2882 1011 2949 directius
1041 2887 1074 2948 et
1098 2902 1165 2965 per
1186 2902 1222 2949 aa
1250 2880 1418 2950 intendant
1445 2881 1479 2945 in

298 3009 426 3093 aliquod
449 3029 551 3095 genus
574 3009 776 3094 negotiorum
803 3006 927 3074 ordinis
950 3006 1207 3073 administrativi.
1231 3042 1249 3056 ·
1275 3008 1409 3091 laquem
1433 3005 1481 3071 di·

389 3222 427 3293 (l)
444 3220 534 3275 Molto
545 3226 612 3275 ante
625 3220 860 3276 Constitutionem
875 3218 1013 3273 sixtinam
1026 3219 1124 3273 0011100
1138 3218 1223 3273 101000
1236 3216 1334 3272 haberi
1347 3217 1479 3289 quosdam

298 3325 488 3382 Cardinalium
503 3330 607 3389 000100,
622 3325 781 3395 antiquiora
794 3326 919 3379 referunt
939 3323 1112 3378 documenta.
1129 3325 1172 3377 lta
1187 3324 1326 3377 habentur
1339 3322 1479 3380 Constitu·

299 3420 389 3488 tiones
408 3432 517 3487 loannis
541 3431 602 3485 Vlll
628 3431 733 3497 0812,
758 3430 787 3483 in
813 3430 914 3501 quibus
940 3430 1042 3484 eruditi
1067 3430 1216 3499 vestigium
1240 3430 1383 3498 reperiunt
1408 3446 1479 3499 qua·

299 3538 424 3593 rumdam
443 3538 634 3591 institutarum
652 3536 919 3606 Congregationum.
934 3534 1048 3601 Verum,
1060 3535 1102 3588 uti
1122 3537 1222 3603 probat
1238 3534 1277 3589 De
1290 3534 1366 3589 Luca
1384 3535 1415 3588 ia
1433 3552 1479 3607 ap.

299 3640 329 3694 Ji
350 3640 502 3696 Cardinale
519 3643 643 3711 praticn,
666 3641 695 3694 P.
715 3640 766 3705 111,
787 3640 856 3695 baec
881 3640 964 3707 101110
988 3642 1102 3695 1001001
1123 3638 1389 3707 (100010001100001,
1407 3656 1479 3710 quae

298 3747 408 3803 institui
430 3753 589 3819 coeperunt,
608 3747 692 3803 alicui
711 3749 882 3817 expediendo
901 3748 1122 3803 extraordinario
1145 3748 1263 3817 negotio
1284 3747 1426 3817 deputatis
1445 3749 1480 3801 iis

298 3851 492 3907 Cardinalibus
505 3853 532 3906 in
546 3870 605 3907 rem
618 3854 740 3923 expertis
753 3852 800 3907 aad
813 3863 1009 3923 temporanee,-
1025 3851 1193 3906 albitione
1206 3850 1285 3905 Card.
1299 3852 1479 3906 Ammannati

299 3962 367 4016 dicti
386 3960 466 4014 Card.
486 3960 630 4030 Papiensis
655 3962 734 4016 datas
757 3961 791 4015 ad
813 3960 895 4017 Card.
923 3961 1111 4015 Franciscum'
1127 3959 1257 4029 Ganzaga
1281 3961 1481 4026 Mantuanum,

300 4068 387 4123 editas
411 4070 503 4123 Tertia
521 4069 687 4129 Mediolani,
712 4066 796 4135 15063
821 4069 861 4122 ibi
887 4084 950 4137 pag.
972 4068 1023 4122 157
1048 4084 1140 4122 sermo
1164 4066 1284 4123 habetur
1306 4069 1342 4124 de
1357 4068 1481 4138 publicis

297 4178 475 4248 pravioribus
493 4178 611 4247 caputiis
629 4175 804 4231 absolvendis
823 4178 858 4229 ab
878 4176 913 4228 iis
930 4174 1125 4229 Cardinalibns
1144 4176 1192 4247 qui
1211 4175 1253 4231 101
1273 4174 1397 4245 agendae
1416 4190 1481 4245 spe·

300 4284 400 4339 cialem
419 4284 547 4339 notitiam
570 4284 754 4355 peritiamque
776 4282 927 4338 habebant.
946 4282 1038 4344 Quare
1057 4284 1145 4337 001100
1170 4282 1341 4338 constitutae
1366 4281 1482 4336 fuerunt

298 4388 537 4461 Congregationes
555 4390 743 4447 cardinalium
763 4391 935 4457 ordinariae,
954 4391 1031 4461 fixae
1051 4400 1077 4444 et
1091 4400 1257 4464 perpetuae.
