3292 5109
534 327 579 374 on
603 326 743 375 runicus
767 325 1032 374 accussmsrrcrs
1315 311 1385 382 349

200 449 501 516 Conversanensem
525 456 558 517 et
580 448 738 517 Ordinem
770 448 946 515 Militarem
977 450 1008 517 S.
1033 452 1164 517 Ioannis
1195 453 1382 542 Hierosoly·

200 574 285 647 mit,
310 574 428 657 inqua
452 572 606 638 Pontifex
629 574 764 657 loquens
787 572 828 639 de
850 574 986 658 quadam
1013 576 1161 641 cessione
1191 577 1272 641 iuris
1302 578 1381 663 Epi-

200 698 338 783 scopaiis
369 698 546 783 approbata
573 699 613 764 ab
645 698 833 765 Alexandro
858 701 907 764 ΙΙΙ
939 701 1022 765 haec
1051 699 1161 766 babet:
1193 720 1278 765 «....
1301 704 1381 786 quia

199 820 391 889 documenta
414 823 595 888 huiusmodi
619 820 726 907 (huius
742 823 912 904 cessionis)
936 843 1040 908 neque
1064 826 1258 897 examinata,
1275 845 1381 910 neque

202 944 350 1012 Pontifici
382 946 527 1013 exhibita
558 966 663 1031 neque
695 948 727 1012 in
760 947 855 1011 Bulla
881 946 1106 1014 Alexandrina
1135 945 1175 1013 de
1207 947 1308 1012 verbo
1339 951 1381 1013 ad

201 1066 353 1149 verbum,
379 1072 413 1133 ut
443 1088 522 1154 opus
551 1072 633 1143 erat,
658 1086 815 1153 expressa
842 1067 981 1142 fuerint,
1006 1068 1184 1153 ideoque...
1213 1070 1320 1154 palam
1344 1068 1383 1135 fit

200 1190 340 1259 Litteras
356 1194 557 1279 Apostolicas
581 1193 736 1279 praedicti
755 1194 935 1259 Alexandri
951 1214 1017 1260 non
1032 1194 1144 1280 egredi
1166 1196 1285 1260 limites
1301 1215 1375 1260 con·

160 1314 165 1321 ’
199 1314 391 1383 firmationis
414 1318 619 1402 Apostolicae
649 1319 683 1383 in
712 1316 830 1401 forma
860 1318 1088 1385 communi».
1113 1318 1209 1383 Patet
1240 1339 1378 1403 perse,

200 1462 263 1507 non
296 1443 457 1527 praesumi
488 1442 545 1508 sed
575 1442 715 1509 dilucide
745 1442 950 1527 probandam
974 1463 1061 1518 esse,
1087 1420 1397 1529 confirmationem

199 1568 407 1654 specificam,
433 1570 570 1652 quaein
593 1568 734 1635 decretis
756 1566 852 1632 fidem
875 1568 1105 1654 attingentibus
1127 1568 1181 1633 vel
1205 1560 1313 1633 mores
1337 1568 1378 1633 ad

201 1691 400 1760 efformanda
415 1694 607 1759 documenta
621 1693 809 1779 dogmatica,
828 1693 1055 1759 manifestatur
1070 1714 1129 1778 per
1144 1694 1216 1759 illas
1231 1694 1379 1759 solemni·

199 1823 292 1892 tates,
317 1839 359 1883 ex
382 1824 513 1904 recepto
536 1839 637 1899 more,
662 1820 859 1885 voluntatem
885 1816 1050 1883 Pontificis
1076 1816 1307 1903 significantes,
1333 1838 1380 1883 aa
1504 1848 1507 1853 ·

200 1944 363 2011 cathedra
385 1944 510 2011 scilicet
525 1964 584 2030 pro
604 1964 663 2010 sua
685 1963 837 2028 suprema
860 1947 1017 2027 potestate
1040 1941 1160 2026 aliquid
1184 1941 1379 2008 definientis.
1442 2011 1447 2024 q

200 2067 366 2143 Quaenam
379 2074 486 2135 autern
500 2069 631 2133 decreta
642 2069 918 2153 congregationes
930 2068 1079 2133 emittere
1091 2067 1239 2149 debeant,
1248 2069 1379 2136 obtenta

199 2187 367 2258 Pontificis
390 2190 635 2257 confirmatione
665 2193 698 2256 in
729 2191 847 2275 forma
870 2192 1052 2263 communi,
1077 2190 1311 2257 determinatur
1335 2212 1378 2256 ex

199 2318 403 2385 facultatibus
420 2325 452 2383 et
467 2319 588 2405 regulis
604 2318 707 2384 eidem
723 2317 972 2403 congregationi
988 2318 1187 2404 praestitutis
1202 2336 1222 2381 a
1238 2318 1379 2384 Summis

202 2440 413 2509 Pontificibus
429 2445 482 2528 qui
499 2443 654 2509 nonnulla
669 2444 798 2528 negotia
814 2444 1017 2508 committunt
1036 2440 1219 2508 definienda
1241 2481 1259 2491 -
1274 2444 1381 2511 Nonis

199 2584 380 2633 consumis
397 2600 416 2614 -
434 2570 469 2632 ut
491 2567 608 2651 passim
632 2566 821 2633 decernitur
842 2568 875 2630 in
891 2566 1124 2633 Constitutione
1141 2566 1267 2632 Sixtina
1290 2573 1322 2632 et
1345 2569 1378 2631 in

199 2691 271 2755 aliis
294 2690 390 2755 huius
414 2690 546 2775 generis
569 2689 863 2757 Constitutionibus.

288 2812 364 2877 286.
389 2813 532 2877 Tandem
554 2814 666 2880 ultimi
687 2814 822 2901 generis
845 2812 978 2877 decreta
1000 2817 1076 2877 sunt
1105 2832 1188 2897 quae
1218 2812 1381 2898 prodeunt

198 2953 218 2997 a
234 2934 544 3021 congregationibus
567 2936 688 3020 absque
712 2936 777 3001 ulla
793 2933 960 3001 Pontificis
983 2934 1215 3021 approbatione
1231 2956 1288 3000 seu
1305 2956 1379 3001 con·

199 3056 391 3124 firmatione.
409 3059 480 3124 Hac
496 3062 622 3124 ratione
639 3059 784 3144 expediri
802 3059 908 3125 solent
923 3060 1053 3145 negotia
1067 3059 1201 3122 minoris
1213 3061 1377 3133 momenti,

198 3204 239 3248 ea
262 3186 386 3250 scilicet
408 3204 491 3269 quae
517 3190 665 3271 spectant
691 3184 731 3250 ad
755 3190 944 3271 potestatem
976 3204 1057 3270 pure
1088 3184 1377 3249 administrativam

198 3308 300 3373 veluti
324 3308 519 3375 concedendi
544 3308 780 3394 beneplacitum
803 3309 1013 3393 apostolicum
1040 3306 1144 3391 quoad
1167 3308 1380 3373 alienationes

197 3454 310 3500 rerum
342 3435 652 3505 ecclesiasticarum,
677 3432 872 3518 adprobandi
903 3434 1053 3514 uniones,
1078 3431 1380 3497 dismembrationes

197 3556 442 3633 beneficiorum3
460 3557 711 3643 recognoscendi
735 3557 897 3643 legitimas
920 3577 1035 3622 causas
1058 3557 1238 3623 eximentes
1261 3556 1378 3622 benefi-

198 3687 299 3751 ciatos
322 3705 342 3749 a
364 3685 437 3770 loge
461 3684 656 3749 residentiae
672 3690 705 3749 et
720 3703 775 3749 eas
791 3683 1046 3769 dispensationes
1062 3684 1267 3770 impertiendi
1286 3686 1378 3749 alias·
1436 3673 1439 3677 ’

198 3831 260 3895 que
291 3811 451 3896 gratiosas
475 3809 713 3883 concessiones,
739 3828 820 3894 quae
848 3811 975 3895 saepius
998 3810 1379 3901 expostularicontingit

197 3954 343 4019 quaeque
366 3938 514 4018 spectant
536 3932 576 3998 ad
600 3932 798 3998 ordinariam
823 3934 854 4000 S.
876 3934 1169 4019 Congregationum
1194 3937 1377 4017 competen-

196 4059 284 4123 tiam.
311 4092 329 4105 ·
355 4055 571 4130 Quamobrem
599 4055 779 4120 huiusmodi
807 4061 882 4119 acta
904 4056 1067 4121 censenda
1093 4061 1169 4120 sunt
1190 4057 1285 4141 pleno
1308 4056 1376 4121 frui

196 4178 309 4243 valore
337 4178 482 4251 iuridioo‚
508 4197 672 4261 quousque
703 4176 873 4241 evidenter
901 4196 965 4241 non
989 4183 1106 4263 pateat,
1132 4178 1164 4244 S.
1190 4178 1376 4265 Congrega-

131 4326 136 4341 ·
196 4303 301 4367 tiones
324 4308 586 4388 praetergressas
611 4321 680 4367 esse
703 4301 822 4366 limites
846 4301 1056 4368 demandatae
1079 4302 1255 4387 potestatis.

287 4428 326 4491 In
350 4428 570 4512 quodcumque
593 4448 695 4513 genus
717 4433 865 4493 actorum
886 4426 1085 4503 advertatur,
1108 4428 1191 4495 haec
1219 4435 1378 4513 quatenus
