3292 5109
310 270 356 339 70
829 288 915 339 raas
939 289 976 337 11.

312 415 399 483 Rota
413 414 524 482 habita
540 416 597 493 sit;
621 420 740 487 tamen.
757 420 792 483 ut
806 414 990 500 plurimum,
1007 416 1041 481 in
1057 416 1184 483 Palatio
1200 418 1362 485 Vaticano
1377 413 1493 485 haberi

311 539 490 619 consuerit,
515 542 571 603 aut
594 538 628 602 in
651 537 723 603 aliis
745 536 878 602 aedibus
901 533 954 601 nbi
980 537 1070 623 Papa
1092 543 1320 605 commoratur.

401 662 456 729 ll.
480 662 582 728 Biduo
606 662 781 729 antediem
798 662 1027 748 propositionis
1050 661 1198 727 advocati
1215 668 1249 731 et
1262 670 1496 749 procuratores

311 788 346 855 in
369 790 499 873 scriptis
529 796 562 855 et
587 793 742 855 oretenus
764 786 959 871 informant
988 789 1167 854 Ponentem
1189 795 1224 855 et
1246 789 1421 855 Auditores
1444 808 1494 853 rc

311 912 425 999 liquos,
450 916 503 1000 qni
528 920 636 985 votum
660 914 752 981 ferre
775 913 902 980 debent.
926 913 1075 1001 Scriptus
1097 913 1318 982 informationi
1344 914 1495 981 advocati

311 1042 368 1102 aut
391 1039 623 1122 procuratoris,
639 1036 724 1103 alter
748 1035 925 1102 advocatus
939 1040 997 1102 aut
1010 1040 1216 1121 procurator,
1232 1039 1261 1103 si
1276 1058 1356 1125 opus
1370 1039 1422 1112 sit,
1440 1057 1494 1105 re·

311 1165 467 1251 spondet;
492 1169 525 1231 et
547 1162 729 1230 huiusmodi
752 1162 1051 1229 animadversiones
1067 1168 1100 1228 et
1113 1162 1155 1229 ad
1175 1162 1298 1231 obiecta
1314 1165 1497 1251 responsio-

311 1308 370 1355 nes
387 1289 525 1355 ulterius
541 1287 751 1353 declarantur
766 1306 827 1372 per
842 1286 1103 1352 informationem
1120 1288 1196 1353 viva
1209 1308 1291 1355 voce
1305 1288 1459 1357 habitam.
1473 1324 1494 1339 -

312 1412 377 1479 Hic
399 1412 563 1499 loquimur
585 1411 626 1477 de
648 1410 962 1494 informationibus.
986 1430 1069 1495 qnae
1098 1408 1179 1477 finnt
1208 1412 1392 1479 immediate
1414 1417 1495 1479 onte

313 1536 407 1605 diem
425 1535 685 1622 propositionis
705 1556 802 1620 quum
818 1554 898 1600 vero
919 1553 1017 1600 causa
1038 1534 1123 1620 apud
1147 1534 1327 1601 Ponentem
1342 1542 1496 1603 versatur

314 1660 349 1725 in
375 1660 510 1747 periodo
544 1660 775 1733 instructionis.
799 1658 932 1725 totidem
962 1658 1125 1725 habentur
1154 1659 1415 1743 informationes
1437 1660 1495 1727 vel

311 1857 420 1925 partes,
439 1854 479 1908 ita
501 1855 573 1908 torte
598 1852 658 1923 ipso
677 1851 790 1907 Christo
809 1850 928 1906 Domim
951 1851 1143 1923 disponente);
1161 1869 1243 1909 raras
1266 1852 1403 1925 siquidem
1421 1856 1496 1909 forts

311 1958 491 2015 invenientur
503 1976 622 2030 magnas
640 1976 673 2015 ac
691 1958 915 2029 metropoliticae
934 1959 1063 2023 civitates
1078 1975 1151 2031 quae
1168 1963 1213 2015 tot
1229 1964 1376 2030 magnates
1393 1976 1428 2014 ac
1445 1977 1496 2015 no·

311 2064 384 2119 biles
401 2068 430 2119 et
449 2068 579 2135 potentes
596 2064 672 2119 viros
690 2063 822 2131 habeant,
842 2063 870 2117 in
888 2062 990 2133 quibos
1006 2061 1087 2117 nulla
1105 2063 1234 2118 audiatur
1252 2065 1383 2135 pauperis
1400 2080 1434 2121 ac
1446 2078 1497 2135 po-

210 2164 216 2185 ''
312 2165 423 2238 pularis‘
445 2168 588 2237 oppressio
606 2166 654 2222 sed
676 2166 750 2238 quod
769 2163 927 2237 aequaliter
943 2164 1062 2221 cuilibet
1084 2166 1128 2220 ius
1149 2184 1231 2221 snum
1248 2168 1390 2223 tribuatur
1408 2172 1494 2240 atque

312 2293 330 2331 a
350 2276 472 2330 maximo
490 2277 526 2331 sd
544 2276 688 2332 minimum
716 2272 842 2347 aequalis
869 2275 907 2328 sit
933 2275 1059 2330 institiae
1077 2279 1107 2329 et
1123 2275 1300 2332 obedientiae
1327 2278 1493 2333 sarcina

313 2388 399 2456 atque
418 2402 468 2454 per
486 2386 645 2440 universum
668 2387 773 2438 statum
799 2380 1019 2437 ecclesiasticum
1041 2380 1122 2437 illum
1141 2384 1315 2453 praesertim,
1324 2384 1372 2456 qui
1396 2384 1496 2441 imme·

311 2490 386 2547 diats
414 2491 522 2562 regitur
542 2507 591 2561 per
610 2489 817 2547 Gubernatorss
837 2494 867 2544 st
892 2470 1036 2546 Praesides
1060 2490 1111 2544 snb
1135 2490 1289 2547 directione
1316 2490 1394 2546 illius
1412 2491 1494 2548 valde

312 2602 453 2671 proficuae
471 2599 704 2669 Congregationis
723 2613 795 2669 quae
817 2598 950 2653 Consulto
971 2597 1082 2665 dicitur,
1100 2601 1177 2654 recte
1194 2599 1356 2655 verificatur
1374 2598 1401 2653 id
1419 2600 1493 2671 quod

313 2718 395 2759 sacra
407 2704 545 2773 scriptura
558 2702 591 2758 da
604 2702 776 2771 temporibus
789 2700 946 2757 Salomonis
958 2703 1051 2769 refert,
1063 2703 1135 2774 quod
1150 2702 1259 2759 scilicet
1271 2702 1392 2774 quilibet
1403 2703 1495 2760 libare

309 2810 388 2867 rirat
412 2811 463 2891 sub
483 2812 537 2865 ficu
563 2827 613 2864 sua
638 2814 667 2865 et
691 2808 742 2863 sub
765 2808 822 2864 vite
848 2826 898 2863 sua
916 2808 1092 2866 stescard.
1113 2810 1153 2865 De
1176 2810 1252 2865 Luca
1274 2812 1417 2867 scribebat
1440 2813 1493 2868 sub

310 2934 385 2975 anno
412 2916 488 2973 loos.
508 2944 542 2959 ·-
562 2916 630 2971 ltem
655 2916 685 2970 in
710 2915 774 2971 aliis
799 2916 991 2987 perquirendis
1016 2916 1049 2972 de
1067 2914 1154 2971 (luris
1170 2933 1239 2972 rom.
1263 2918 1447 2985 tractatibus,
1465 2919 1493 2973 id

310 3023 442 3093 comperi,
462 3027 555 3078 rectae
581 3021 817 3078 administrationi
841 3023 967 3079 institiae
991 3022 1139 3078 admodum
1161 3023 1297 3093 profuisse
1319 3040 1375 3080 nou
1400 3024 1493 3081 solum

310 3126 588 3196 rerumpublicarum
603 3126 731 3197 peritiam
746 3130 776 3181 ct
788 3126 926 3180 assiduam
937 3126 1105 3181 Pontificum
1114 3126 1290 3197 vigilantiam
1303 3128 1401 3185 faciles
1413 3147 1495 3199 prae·

309 3230 436 3286 bentium
453 3246 535 3285 sures
548 3230 581 3283 sd
601 3230 773 3284 subditorum
791 3229 934 3301 querelas3
953 3228 1001 3284 sed
1020 3230 1109 3301 ipsam
1127 3229 1293 3301 qualitatem
1312 3247 1492 3302 personarum

311 3340 359 3412 qui
372 3340 470 3395 officiis
484 3342 687 3409 iungebantur;
706 3339 808 3410 quippe
827 3344 909 3395 erant
921 3338 1042 3406 viri,uel
1060 3339 1212 3395 nobiliores
1230 3339 1275 3396 vel
1294 3340 1394 3396 saltem
1414 3358 1494 3411 pras·
1519 3320 1525 3329 ⁴

313 3448 421 3501 stamas
434 3447 469 3500 ob
482 3446 607 3501 ordinem
620 3442 821 3501 sacerdotalem
834 3449 884 3499 aut
893 3444 1053 3499 clericalem
1064 3444 1109 3498 cui
1122 3448 1204 3499 eraut
1215 3444 1361 3515 adscripti;
1371 3445 1400 3500 ri
1412 3446 1494 3500 cuius

313 3552 400 3607 sacris
411 3552 601 3607 lucrationibus
615 3550 707 3622 Papae
720 3550 904 3607 inservientes
914 3542 1117 3607 alliciebantur
1123 3548 1305 3607 vehementer
1317 3551 1352 3605 sd
1367 3551 1493 3607 animum

311 3657 517 3713 informandum
529 3658 632 3713 divinis
643 3657 787 3731 mysteriis
798 3654 946 3711 charitatis
957 3660 987 3712 et
999 3655 1169 3713 christianas
1180 3656 1356 3712 humilitatis.
1369 3656 1493 3715 rantum

308 3764 442 3819 aberrant
459 3764 507 3836 qui
535 3764 646 3821 civilem
664 3765 832 3821 Pontificum
857 3764 1043 3820 condemnant
1066 3763 1262 3835 principatum,
1281 3769 1378 3836 utpote
1400 3766 1494 3822 Theo-

308 3875 461 3929 crcrs'cnm!
480 3874 516 3928 Et
535 3873 563 3927 in
584 3870 638 3927 hoc
656 3872 778 3928 maxims
796 3871 913 3943 antiqua
930 3868 1081 3927 hodiernae
1099 3877 1224 3942 praestat
1236 3874 1338 3939 aetati3
1356 3874 1492 3946 siquidem

307 3978 399 4049 magis
418 3979 536 4034 interest
556 3976 737 4047 Reipublicae
757 3976 859 4048 probos
876 3980 906 4032 st
924 3974 1064 4031 virtuosos
1081 3975 1185 4032 babere
1203 3978 1385 4046 magistratus
1402 3978 1434 4034 in
1451 3980 1494 4034 cf·

307 4084 380 4139 ficiis
398 4084 517 4155 simplici
543 4088 572 4139 et
597 4084 656 4140 tsrs
677 4082 869 4155 patriarchali
892 4081 1068 4137 ordinatione
1092 4082 1265 4148 constitutis3
1283 4100 1368 4154 quam
1393 4084 1493 4139 officiis

307 4191 412 4262 optime
425 4194 455 4244 st
467 4188 541 4243 omni
561 4204 624 4242 cnm
643 4187 782 4243 industria
794 4187 939 4254 ordinatis,
950 4187 1046 4243 deesse
1061 4187 1243 4257 magistratus
1255 4188 1302 4260 qui
1314 4192 1392 4245 recte
1404 4194 1494 4260 agant

307 4296 482 4370 potissimum
501 4297 537 4351 ob
556 4296 678 4351 studium
698 4294 827 4351 veritatis
845 4300 875 4350 et
892 4294 1035 4359 inscium
1052 4294 1133 4349 iuxta
1147 4294 1316 4350 secuntiam
1329 4295 1493 4352 Aristotelis

306 4404 428 4475 (Politia.
441 4400 473 4474 3)
486 4415 504 4459 <
517 4402 624 4457 uatus
636 4410 678 4457 est
690 4401 830 4456 anienem
841 4402 904 4471 αφ’
915 4418 934 4455 u
945 4402 1007 4456 ciro
1026 4403 1128 4471 optimc
1147 4418 1231 4473 quum
1241 4419 1261 4455 α
1273 4401 1336 4472 leue
1349 4402 1455 4473 optima
1463 4415 1491 4461 ›-
