3292 5109
274 278 339 343 170
798 295 887 345 mas
911 294 948 343 11.

361 422 433 489 Art.
457 420 493 488 4:
519 417 852 488 ‹Eminentissimus
875 417 1016 487 Retotor
1041 418 1112 487 sive
1138 419 1210 486 eius
1232 418 1381 486 Auditor
1401 419 1455 487 oet

267 546 484 629 propositum
498 545 551 613 oet
567 545 663 613 atiud
678 544 820 611 dubium
838 544 1025 613 concordet
1038 544 1082 611 de
1097 562 1263 625 consensu
1279 542 1454 628 portium5

271 671 326 735 sin
348 669 461 735 minus
484 668 628 736 mnndot
644 674 764 755 portes
785 668 859 735 suis
880 667 1014 735 iuribus
1035 667 1097 749 uti,
1108 685 1176 750 per
1191 665 1399 739 memoriale.
1415 665 1455 731 in

272 793 307 859 S.
335 790 602 881 Conprepntione
616 814 647 857 ›.
668 793 741 859 Art.
758 792 795 860 5:
815 811 834 856 ‹
851 792 891 859 Si
909 810 998 877 pars
1020 792 1124 859 citato
1146 788 1246 874 infru
1268 789 1454 857 terminum

265 915 488 1003 praefinitum
518 934 589 983 non
618 919 831 999 compareat.
856 913 983 983 citetur
999 933 1068 998 pro
1091 912 1244 981 secundo
1269 912 1340 979 vice
1363 920 1384 945 “
1404 912 1455 979 od

271 1039 550 1107 concordandum
561 1039 603 1107 de
618 1040 719 1107 dnbio
732 1059 795 1107 nec
806 1059 877 1107 non
888 1038 1054 1107 destinari
1070 1039 1368 1126 concrepationem
1381 1035 1401 1059 ’⁹
1415 1060 1446 1101 ›.

269 1166 342 1232 Art.
367 1164 405 1231 6:
432 1163 506 1232 «st
524 1184 612 1251 pars
627 1165 664 1233 in
681 1186 746 1233 suu
769 1163 986 1233 contumacia
1004 1164 1199 1249 perstiterit,
1215 1163 1449 1231 Eminentissi-

270 1308 346 1355 ntus
372 1288 512 1356 Retutor
534 1291 586 1356 vel
609 1290 681 1357 eius
704 1290 852 1357 Auditor
875 1290 1061 1358 concordet
1087 1288 1230 1373 dubium
1252 1292 1284 1355 et
1306 1308 1444 1375 conpre-

268 1414 439 1501 9otionem
456 1432 526 1497 pro
550 1433 674 1481 musae
692 1413 927 1499 propositione
949 1408 1105 1489 destinet,
1121 1412 1171 1479 ita
1190 1418 1306 1480 tomen
1320 1417 1358 1478 nt
1372 1432 1453 1497 spo·

270 1536 354 1602 tium
368 1536 488 1602 saltem
503 1535 643 1623 tripinto
659 1536 794 1603 dierum
811 1536 998 1603 intercedat
1005 1556 1019 1618 ;
1042 1542 1074 1603 et
1092 1536 1268 1603 decretum
1283 1535 1453 1603 meusne

263 1660 360 1745 porti
378 1679 445 1743 per
467 1678 641 1728 cursorem
663 1659 839 1727 intimetur
855 1683 885 1724 ›.
905 1660 940 1725 ln
958 1660 1098 1725 articulo
1114 1661 1135 1725 4
1150 1661 1262 1745 agitur
1285 1658 1325 1727 de
1348 1660 1452 1747 hypo·

267 1784 350 1849 thesi
374 1803 436 1869 qua
458 1789 567 1869 partes
591 1805 664 1851 cum
687 1786 810 1865 sistant,
835 1784 1050 1851 determinata
1072 1784 1135 1866 die,
1160 1782 1361 1851 concordant
1389 1784 1450 1851 du-

268 1907 363 1973 bium.
389 1908 420 1975 Si
445 1914 554 1995 partes
577 1916 684 1975 autem
708 1930 772 1974 non
797 1908 1003 1981 concordent,
1021 1908 1077 1975 sed
1097 1908 1227 1975 aliunde
1249 1908 1390 1995 probent
1413 1930 1451 1976 ee

268 2056 307 2102 ea
322 2035 373 2101 die
389 2034 588 2101 concordare
604 2054 668 2100 non
684 2054 777 2120 posse
800 2034 944 2122 legitimo
968 2035 1115 2101 detentae
1138 2034 1375 2122 impedimento,
1393 2036 1447 2101 vel

267 2164 414 2225 asserant
436 2160 542 2226 adhuc
564 2158 692 2247 aliquod
715 2159 892 2225 desiderari
907 2160 1133 2226 documentum
1150 2160 1202 2225 vel
1218 2164 1448 2246 argumentum

265 2286 331 2351 litis
346 2286 399 2351 vel
414 2284 500 2351 aliud
515 2285 706 2359 huiusmodi,
724 2305 786 2371 quo
804 2287 909 2353 minus
927 2288 1051 2372 possint
1066 2284 1269 2353 concordare
1292 2286 1447 2360 dubium,

267 2411 365 2478 iudex
387 2433 446 2498 pro
470 2431 528 2478 sua
551 2409 721 2499 prudentia
743 2412 796 2478 vel
819 2415 935 2480 annuit
956 2412 1164 2479 concedendo
1184 2414 1370 2480 dilationem
1393 2414 1447 2478 vel

270 2533 402 2599 ulterius
419 2552 488 2598 rem
508 2528 639 2597 differre
657 2534 789 2619 respuit.
809 2569 826 2581 -
845 2532 950 2609 Quum
965 2539 1074 2599 autem
1097 2535 1228 2601 venitur
1250 2534 1291 2600 ad
1313 2554 1448 2601 concor·

269 2655 373 2722 danda
395 2656 499 2732 dubia.
517 2656 614 2723 iudex
637 2656 689 2723 vel
713 2662 862 2743 acceptat
877 2662 910 2723 et
924 2657 1098 2726 subscribit
1121 2657 1251 2724 dubium
1266 2657 1450 2745 apartibus

266 2782 463 2868 propositum
486 2782 539 2847 vel
562 2782 647 2847 aliud
671 2782 846 2849 concinnat
874 2784 976 2868 magis
1007 2784 1205 2849 contentioni
1233 2782 1442 2868 respondens,

268 2905 548 2972 consentientibus
559 2904 728 2989 portibus.
747 2906 882 2990 lnquam
898 2906 1179 2972 consentientibus
1191 2905 1359 2991 portibus,
1372 2926 1446 2971 nam

156 3024 159 3029 ’
268 3030 426 3099 alterutra
442 3036 535 3117 parte
550 3030 602 3095 vel
618 3029 775 3095 ambabus·
788 3030 972 3096 nolentibus
994 3038 1167 3116 acceptare
1191 3027 1447 3097 emendationem

267 3155 319 3221 vel
343 3155 428 3221 dubii
445 3158 653 3222 mutationem
676 3176 696 3221 a
719 3156 824 3222 iudice
840 3158 1047 3242 propositam,
1064 3156 1129 3230 hic,
1145 3155 1272 3241 quando
1292 3155 1448 3241 expedire

266 3276 388 3351 videat,
413 3298 459 3345 em
480 3296 542 3345 suo
565 3278 672 3363 officio
696 3278 784 3343 valet
808 3279 892 3343 idem
917 3276 1047 3343 dubium
1071 3278 1309 3350 determinare,
1332 3275 1447 3343 iubens

267 3406 375 3486 partes
397 3399 482 3466 idern
505 3398 727 3475 subscribere;
751 3399 842 3465 salvo
865 3405 974 3465 tamen
1006 3401 1151 3486 ipsarum
1181 3400 1253 3465 iure
1283 3397 1446 3465 nnumi-

267 3524 359 3589 cendi
378 3544 444 3609 per
467 3524 674 3599 memoriale,
700 3524 825 3589 scilicet
839 3544 900 3609 per
914 3522 1059 3590 libellum
1082 3524 1281 3591 defensionis
1303 3522 1445 3591 oblatum

266 3650 300 3712 in
323 3648 418 3734 plena
436 3649 569 3713 Patrum
586 3646 680 3715 Card.
698 3650 954 3733 congregatione
977 3648 1018 3713 ad
1041 3648 1292 3735 impugnandum
1316 3646 1446 3713 dubium

267 3791 312 3838 eoo
334 3772 441 3856 officio
465 3774 701 3837 concinnatum.
728 3770 799 3847 Qua
822 3772 1042 3857 praeiudiciali
1067 3773 1254 3857 quaestione
1281 3772 1323 3838 ad
1348 3774 1446 3838 truti-

267 3916 342 3962 nam
366 3902 527 3979 revocata,
557 3898 627 3963 Emi
653 3898 720 3961 ΡΡ.
750 3898 777 3962 si
804 3897 1012 3963 annuendum
1042 3897 1247 3964 arbitrentur
1275 3896 1446 3964 intentioni

266 4024 521 4097 contradictoris,
546 4023 743 4110 respondent
769 4023 993 4106 ‹resormoto
1018 4024 1121 4091 dubio
1138 4047 1170 4089 ›.
1277 4048 1282 4058 ·

355 4150 437 4216 Casu
465 4170 526 4233 quo
556 4154 664 4236 partes
692 4169 753 4215 nec
786 4154 996 4235 compareant
1025 4168 1088 4215 nec
1118 4149 1227 4234 aliqua
1257 4150 1383 4238 ratione
1409 4168 1446 4213 se

266 4276 435 4345 excusent,
461 4276 531 4356 post
558 4274 682 4336 eertum
715 4276 842 4356 tempus
875 4268 1014 4337 habetur
1037 4270 1079 4337 tis
1106 4270 1251 4345 deserto,
1276 4271 1321 4338 ita
1348 4274 1393 4345 ut,
1417 4271 1446 4335 si

265 4394 422 4460 alteruter
445 4394 704 4460 contendentium
729 4414 860 4460 oausam
884 4414 1090 4461 reassumere
1110 4396 1197 4469 velit
1213 4394 1364 4461 iubeatur
1385 4414 1447 4481 per
