3292 5109
446 296 491 345 nn
514 296 654 347 mmmm
677 296 944 347 nccumrsamcrs
1216 278 1285 346 175

122 424 325 511 ltegularium.
340 458 359 473 -
374 422 515 491 Proinde
530 424 659 491 litterae
675 424 956 491 commendatitiae
972 422 1231 497 Ordinariorum
1248 422 1282 489 in

119 568 240 633 quorum
265 550 434 617 territorio
457 550 582 617 Novum
605 548 790 617 Institutum
821 549 997 637 propagari
1027 549 1143 633 coepit,
1166 546 1284 614 debent

121 674 233 741 referre
254 672 296 741 de
318 694 426 761 scopo,
449 674 490 741 de
513 676 634 762 regulis
657 680 690 741 et
714 673 891 762 disciplina,
908 673 949 741 de
965 672 1137 741 fundatore
1159 677 1193 739 et
1214 672 1284 741 fun·

119 796 232 863 «latone
253 798 404 869 Instituti.
422 796 462 863 de
486 816 621 863 numero
644 796 883 884 adscriptorum
905 802 939 865 et
960 795 1138 872 domorum,
1155 796 1196 863 de
1211 816 1283 883 pro-

120 940 228 1006 gressu,
251 921 388 989 utilitate
412 926 444 987 et
468 919 508 985 de
531 920 643 989 mediis
666 922 926 998 sustentationi„
949 941 1014 987 uno
1037 920 1138 987 verbo
1165 920 1284 988 debent

119 1044 223 1110 docere
245 1064 363 1109 novum
387 1046 570 1112 institutum
596 1064 666 1111 esse
691 1042 827 1119 bonum,
852 1044 943 1117 utile,
968 1049 1001 1111 et
1026 1044 1194 1129 possibile.
1219 1044 1282 1113 Sed

120 1170 193 1232 inter
214 1167 413 1236 Ordinarios.
439 1166 528 1233 illum
549 1168 581 1235 S.
599 1166 719 1253 Congu.
745 1187 818 1233 cum
842 1167 955 1253 primis
978 1167 1122 1239 attendit,
1140 1169 1172 1233 in
1192 1171 1283 1236 cuius

121 1294 244 1360 dioecesi
266 1294 378 1361 domus
405 1300 511 1361 mater
537 1314 596 1361 seu
627 1297 779 1381 princeps
811 1294 946 1360 fundata
977 1298 1036 1360 est.
1060 1295 1116 1360 Ait
1139 1294 1281 1360 Bizzarri

120 1417 138 1479 t.
157 1436 193 1481 a:
215 1436 231 1477 ι
253 1418 375 1483 Preces
405 1396 616 1483 remittuntur
641 1416 770 1503 (nempe
794 1418 906 1503 petitio
936 1415 1177 1503 approbationis
1207 1417 1278 1483 inm

119 1540 340 1607 commendata
355 1540 610 1609 abordtnanis
625 1561 763 1626 quornm
780 1541 927 1628 interest)
940 1542 1101 1628 Episcopo
1112 1541 1279 1614 dioecesis,

120 1665 145 1727 iu
166 1683 223 1749 qua
243 1665 349 1750 prima
381 1663 525 1730 fundatio
549 1664 601 1730 vel
627 1664 738 1731 domus
762 1666 914 1752 princeps
937 1665 1000 1731 sita
1022 1670 1082 1747 est,
1099 1672 1135 1731 ut
1156 1667 1282 1733 referat

118 1786 151 1851 de
170 1785 229 1851 fine
250 1808 308 1854 sen
332 1808 438 1875 scopo,
456 1788 496 1855 de
513 1789 711 1864 fundatione,
728 1788 768 1854 de
789 1810 924 1854 numero
947 1789 1124 1864 domorum,
1141 1790 1280 1856 fratrum

119 1911 162 1975 rel
175 1932 328 1985 sororum,
347 1912 387 1983 de
402 1913 513 1979 mediis
529 1915 801 1989 sustentationis,
819 1914 923 2000 deque
942 1915 1089 1989 utilitate,
1106 1935 1281 2001 progressu

117 2035 235 2121 aliisque
257 2039 422 2107 similibus.
446 2062 463 2103 >
489 2042 532 2107 Et
559 2043 590 2106 in
619 2048 696 2107 nota
719 2042 778 2106 ait:
805 2061 825 2102 ‹
847 2040 1028 2125 Aliquando
1055 2039 1280 2126 inquirendum

120 2164 160 2221 est
173 2157 210 2223 de
223 2158 382 2241 doctrina,
399 2180 493 2245 quam
509 2162 645 2227 alicuius
662 2163 796 2228 instituti
814 2162 935 2227 alumni
953 2159 1161 2248 profitentur;
1184 2167 1281 2246 atque

119 2282 204 2347 etiam
225 2285 403 2351 curandum
427 2291 462 2352 ut
485 2286 678 2368 directoria,
703 2287 831 2371 aliaque
854 2286 1035 2351 huiusmodi
1056 2286 1134 2352 licet
1155 2291 1279 2352 tantum

119 2410 320 2495 manuscripta
343 2410 375 2475 S.
401 2410 434 2477 G.
459 2410 687 2483 exhibeantur,
713 2431 755 2476 ex
779 2410 893 2495 quibus
916 2412 1067 2497 cognosci
1090 2416 1195 2497 potest
1217 2432 1280 2497 quo

118 2530 217 2613 spiritu
238 2532 430 2619 Superiores
453 2540 485 2599 et
508 2534 629 2600 alumni
652 2535 847 2602 ducantur>
874 2533 928 2621 (l).

196 2654 264 2720 148.
289 2656 323 2721 Si
346 2658 379 2721 iu
403 2675 438 2721 se
461 2656 579 2721 bonum
595 2676 665 2723 esse
682 2662 715 2721 et
730 2657 811 2723 utile
834 2663 960 2724 constet
982 2656 1039 2723 sed
1063 2656 1205 2722 nondum
1229 2658 1281 2721 ln·

119 2776 244 2843 stitutum
266 2780 418 2847 habuerit
439 2781 538 2847 latam
571 2779 772 2849 diffusionem
797 2803 858 2848 nec
882 2789 1095 2867 opportunae
1117 2781 1280 2849 Constitu-

119 2896 208 2965 tiones
222 2922 276 2967 seu
297 2900 354 2967 fini
378 2922 523 2990 congrue
540 2903 777 2970 satisfacientes
794 2902 901 2969 adhuc
917 2904 1129 2969 concinnatae
1147 2903 1277 2976 fuerint

122 3018 157 3083 ita
171 3028 202 3087 ut
216 3044 277 3089 non
294 3032 401 3111 pateat
418 3047 459 3092 an
476 3030 620 3113 practice
636 3048 692 3093 sno
715 3048 810 3112 scopo
837 3026 1032 3113 respondere
1055 3026 1177 3099 valeat,
1202 3031 1279 3091 tunc

121 3148 188 3213 solet
209 3152 346 3218 taenari·
369 3173 389 3219 a
413 3154 444 3221 S.
470 3154 727 3241 Congregatioue
758 3174 880 3237 scopus
909 3160 941 3219 et
970 3154 1048 3240 finis
1071 3154 1211 3218 Instituti
1238 3153 1279 3217 ad

121 3270 318 3343 roborandum
335 3276 517 3343 fundatoris
530 3276 647 3343 bonnm
663 3280 872 3365 propositum.
886 3280 953 3343 Nec
965 3280 1081 3343 mirum
1098 3298 1169 3343 esse
1185 3276 1280 3343 debet

121 3396 215 3463 haberi
242 3421 335 3486 posse
365 3404 548 3469 institutum
564 3404 645 3467 'iam
678 3402 857 3484 fundatum,
882 3405 972 3469 cuius
999 3402 1105 3467 adhuc
1129 3422 1193 3466 non
1216 3402 1279 3465 sint

119 3526 314 3590 concinnatae
349 3533 564 3611 opportunae
598 3528 864 3603 constitutiones,
896 3534 931 3592 ut
960 3529 1007 3593 ait
1037 3528 1179 3592 Bizzarri
1204 3528 1224 3592 t.
1249 3543 1277 3589 e.

121 3683 135 3695 ·
151 3650 323 3719 Institutum
349 3653 435 3718 enim
459 3655 584 3738 concipi
601 3674 666 3718 nou
684 3658 787 3738 potest
804 3655 873 3719 sine
894 3652 1053 3737 aliquibus
1076 3654 1278 3721 Constitutio-

191 3878 228 3949 (1)
247 3879 372 3950 Exempli
393 3882 485 3947 eausa,
505 3896 553 3951 pro
572 3880 717 3950 disciplina
745 3882 825 3935 hodie
851 3883 957 3952 vigenti
977 3883 1123 3937 dumtaxat
1143 3883 1278 3953 Episcopo

118 3980 241 4051 dioecesis,
259 3989 288 4041 in
307 4005 361 4059 qua
381 3988 458 4059 viget
480 3988 576 4041 domus
602 3990 712 4054 matris,
736 3991 871 4059 competit
896 3991 939 4042 ius
961 3990 1130 4059 approbandi
1156 3991 1279 4045 rationes

120 4086 357 4159 administrationis,
372 4092 435 4147 dein
448 4092 561 4159 singulo
573 4110 683 4164 quoque
696 4096 819 4149 triennio
834 4095 1063 4150 transmittendas
1076 4096 1110 4149 ed
1124 4095 1150 4148 S.
1164 4094 1275 4159 Sedem;

120 4196 177 4261 quod
194 4198 235 4252 ius
253 4200 317 4255 aliis
330 4200 482 4255 Ordinariis
500 4200 573 4255 haud
593 4204 733 4271 competit.
750 4234 763 4243 -
780 4205 854 4258 llaec
873 4205 965 4259 denuo
983 4207 1147 4259 confirmata
1165 4206 1279 4260 fuerunt

121 4296 140 4349 iu
157 4316 205 4356 nna
223 4305 381 4375 Nancepen.
402 4306 594 4377 diremptionis
619 4309 676 4362 diet
694 4310 737 4360 27
757 4312 854 4363 martii
873 4310 953 4363 1896
974 4310 1047 4380 apud
1065 4308 1092 4363 S.
1113 4310 1198 4380 Cong.
1220 4310 1278 4363 EE.

119 4408 142 4456 et
159 4404 219 4476 RR,
236 4428 306 4481 qnae
324 4430 408 4468 causa
427 4418 469 4467 est
488 4414 600 4468 maximi
621 4415 748 4485 ponderis
769 4434 817 4486 pro
838 4416 972 4473 hodierna
991 4417 1081 4488 praxi.
