3292 5109
819 296 904 345 Palts
927 296 963 343 ll.

750 544 930 613 TITULUS
957 544 1035 611 Vll.

508 742 551 789 DE
580 742 684 790 SAORA
707 742 990 791 concnaofflomt
1014 742 1277 790 chSlSTORlALI.

302 948 518 1007 summarium.
535 979 573 993 —
588 950 648 1005 203.
668 951 760 1013 Quare
772 950 807 1007 de
819 950 873 1005 bac
885 950 1110 1022 Congrsgatione
1123 950 1169 1006 bic
1180 968 1272 1007 sermo
1285 950 1435 1006 habeatur.
1446 980 1486 993 -

392 1058 452 1111 201.
475 1057 551 1113 Ηο00
574 1056 661 1127 eoug:
681 1074 735 1112 non
761 1062 872 1112 tantum
896 1058 1006 1113 ratione
1030 1058 1163 1129 originis,
1188 1058 1236 1114 sed
1262 1060 1349 1114 stiam
1373 1056 1484 1113 ratione

392 1163 515 1217 muueris
540 1168 617 1217 arcte
639 1164 815 1219 connectitur
832 1180 897 1218 cum
915 1162 1096 1219 Consistorio.
1115 1191 1153 1207 -
1171 1165 1232 1219 205.
1251 1164 1391 1219 Nimirum
1416 1182 1482 1219 cum

391 1266 561 1323 Consistorio
582 1268 702 1324 Secreto.
730 1268 802 1323 Nam
820 1268 1023 1345 consistorium
1047 1269 1123 1324 aliud
1142 1270 1302 1336 Secretum,
1323 1270 1400 1325 aliud
1419 1269 1480 1324 Pa·

392 1374 505 1440 blicum,
519 1372 594 1427 aliud
612 1375 840 1445 Semipublicuna
858 1402 895 1417 -
912 1375 974 1429 206.
993 1374 1136 1430 Institutio
1149 1380 1179 1430 et
1190 1375 1381 1445 competentia
1398 1374 1483 1429 huius

392 1478 478 1548 cong.
496 1506 534 1521 -
551 1480 611 1533 207.
637 1479 758 1549 Negotia
776 1495 844 1534 vero
870 1479 929 1533 alia
954 1480 1067 1549 expedit
1092 1481 1315 1535 administrativa
1339 1496 1390 1535 seu
1414 1497 1482 1536 010·

392 1589 490 1653 cutiae,
505 1586 561 1640 alia
573 1586 753 1641 iudicialiter.
770 1613 808 1627 —
826 1585 887 1639 208.
901 1586 1131 1642 Adrninirtratiae
1149 1586 1220 1641 haec
1232 1588 1319 1656 Cong.
1336 1587 1483 1657 cognoscit

394 1708 537 1761 processus
562 1692 689 1762 praevios
713 1691 844 1747 electioni
863 1696 914 1745 aut
931 1692 1136 1747 confirmationi
1159 1692 1358 1762 cpiscoporum
1377 1694 1408 1746 et
1426 1691 1484 1745 nb·

395 1801 491 1853 batum
509 1817 575 1854 vere
593 1799 712 1855 Nullius.
732 1829 767 1843 -
786 1800 847 1855 209.
861 1798 901 1855 00
914 1798 940 1853 S.
954 1800 1040 1870 cong.
1052 1816 1106 1870 pro
1126 1800 1264 1870 eligendis
1277 1800 1433 1870 Episcopus.
1445 1826 1484 1840 -

392 1904 453 1959 210.
476 1908 500 1959 Α
520 1921 640 1977 quonam
665 1905 850 1959 conficiantur
868 1921 1014 1975 processus
1037 1905 1203 1975 praescripti
1221 1921 1239 1958 a
1257 1903 1393 1973 Gregorio
1411 1902 1479 1959 XIV

394 2016 424 2065 et
441 2012 476 2065 ab
493 2010 607 2065 Urbano
621 2010 691 2064 Vlll.
711 2038 745 2053 -·
763 2011 825 2066 211.
845 2010 881 2065 lli
900 2028 1044 2082 processus
1062 2012 1184 2067 examini
1202 2012 1389 2067 subiiciuutur
1402 2010 1485 2065 huius

395 2115 634 2187 Congregetiouis.
655 2146 689 2160 -
709 2118 770 2172 212.
790 2118 830 2173 De
849 2117 875 2171 S.
895 2118 981 2189 Cong.
1001 2135 1052 2189 pro
1070 2118 1199 2175 examine
1218 2119 1427 2189 cpiscoporum.
1445 2145 1484 2159 -

394 2222 455 2277 213.
475 2224 514 2278 De
533 2224 653 2294 negotiis
671 2225 845 2279 iudicialiter
869 2224 998 2279 delinitis
1011 2224 1119 2279 -alt
1139 2225 1180 2278 Ex
1199 2226 1279 2295 foliis
1300 2225 1481 2279 consistoria·

395 2331 468 2385 tibus
487 2330 670 2399 expediuntur
684 2332 778 2386 bullae
792 2329 840 2385 vel
853 2332 956 2385 breuia
976 2358 1010 2371 -
1029 2329 1090 2384 215.
1105 2329 1144 2384 110
1157 2328 1244 2399 cong.
1258 2328 1285 2383 S.
1300 2328 1432 2399 Collegit.

395 2526 471 2592 203.
497 2525 612 2593 Ordini
635 2526 725 2591 nobis
748 2527 939 2613 praestituto
962 2527 1094 2592 minime
1117 2524 1277 2610 derogare
1304 2543 1484 2597 censemus,

304 2651 332 2715 si
355 2648 447 2715 modo
471 2648 511 2715 de
534 2650 597 2716 hac
620 2650 840 2717 Consistoriali
863 2650 1122 2737 congregatione
1153 2667 1254 2735 agere
1276 2648 1481 2713 instituimus.

304 2772 465 2857 Siquidem
489 2779 635 2839 nostrum
658 2778 707 2839 est
729 2773 891 2839 disserere
914 2772 955 2838 de
969 2771 1282 2858 congregationibus
1304 2772 1480 2858 praecipue

304 2896 345 2961 ad
362 2896 586 2981 explicandum
610 2896 755 2962 ordinem
777 2916 949 2982 processus
971 2896 1092 2962 servati
1115 2898 1150 2961 iu
1165 2894 1421 2961 administranda
1435 2895 1485 2959 iu·

306 3020 492 3086 risdictione
515 3026 583 3086 tum
605 3022 788 3088 voluntaria
815 3027 883 3087 tum
906 3021 1114 3087 contentiosa.
1144 3020 1243 3105 Atqui
1266 3018 1485 3105 congregatio

305 3143 544 3211 Consistorialis
577 3147 610 3210 in
645 3147 769 3212 ratione
803 3146 961 3211 historica
990 3151 1024 3212 et
1055 3145 1090 3209 in
1121 3144 1224 3231 gradu
1258 3142 1486 3225 hierarchico,

304 3274 423 3358 quippe
439 3274 541 3359 ipsum
558 3272 722 3339 Summum
738 3270 928 3337 Pontificem
948 3271 1108 3357 glorietur
1123 3270 1246 3335 habere
1263 3269 1485 3351 Praefectum,

304 3416 382 3461 saue
405 3398 556 3481 princeps
591 3396 725 3462 dicenda
750 3401 815 3471 est;
840 3400 874 3460 01
904 3395 938 3460 10
960 3396 1155 3461 tractatione
1186 3398 1298 3458 nostra
1320 3393 1478 3459 iudiciali

304 3521 377 3586 aliis
393 3519 702 3607 congregationibus
718 3522 781 3585 iam
805 3520 988 3605 explanatis
1006 3518 1243 3605 praemittenda
1266 3537 1332 3583 uon
1355 3522 1438 3583 erat.

395 3648 471 3713 201.
497 3649 549 3713 Ex
572 3649 640 3733 ipso
663 3648 792 3712 nomine
815 3647 910 3712 huius
934 3644 1202 3731 Congregatiouis
1225 3649 1315 3731 patet
1341 3646 1411 3711 eius
1433 3664 1489 3709 ar·

304 3770 389 3834 otior
412 3772 570 3835 connexio
591 3790 664 3835 cum
681 3769 877 3835 consistorio
892 3788 913 3832 a
929 3788 991 3853 quo
1015 3788 1106 3834 suum
1130 3787 1246 3833 munus
1269 3786 1380 3831 omues
1396 3765 1487 3833 con·

304 3896 510 3981 gregationes
526 3893 706 3960 immediate
722 3894 925 3980 participant,
940 3896 986 3959 uti
1001 3893 1218 3958 docuimusiu
1234 3891 1342 3957 Titulo
1354 3892 1381 3973 Ι,
1398 3890 1483 3957 uude

307 4023 339 4086 in
369 4023 500 4087 notione
524 4022 790 4107 Congregationis
821 4020 991 4106 generice,
1019 4018 1100 4085 nihil
1130 4019 1214 4083 haec
1244 4016 1483 4085 consistorialis

306 4146 404 4212 habet
426 4148 593 4234 proprium
610 4152 642 4213 et
657 4146 819 4214 diversum
835 4145 875 4212 ab
890 4147 972 4212 aliis.
998 4182 1016 4195 -
1041 4146 1163 4212 Tamen
1185 4144 1362 4230 specialem
1385 4142 1483 4209 habet

307 4291 427 4338 nexum
447 4292 520 4338 curn
537 4272 733 4338 0000101010
749 4272 882 4339 Secreto
898 4272 989 4337 cuius
1008 4275 1081 4336 acta
1103 4275 1288 4357 praeparat,
1311 4266 1482 4355 aliquando

303 4396 401 4461 ctiam
416 4396 628 4482 praemittens
647 4394 828 4461 iudicialem
843 4395 1047 4481 negotiorum
1062 4394 1289 4480 coguitionem.
1307 4392 1349 4460 Ut
1363 4394 1484 4479 pacat,
