<?xml version="1.0" encoding="UTF-8"?>
<!DOCTYPE html PUBLIC "-//W3C//DTD XHTML 1.0 Transitional//EN"
    "http://www.w3.org/TR/xhtml1/DTD/xhtml1-transitional.dtd">
<html xmlns="http://www.w3.org/1999/xhtml" xml:lang="en" lang="en">
 <head>
  <title>
</title>
<meta http-equiv="Content-Type" content="text/html;charset=utf-8" />
  <meta name='ocr-system' content='tesseract 3.04.00' />
  <meta name='ocr-capabilities' content='ocr_page ocr_carea ocr_par ocr_line ocrx_word'/>
</head>
<body>
  <div class='ocr_page' id='page_1' title='image "./praelectionesin03legagoog_0168.png"; bbox 0 0 3292 5109; ppageno 0'>
   <div class='ocr_carea' id='block_1_1' title="bbox 348 234 1122 340">
    <p class='ocr_par' dir='ltr' id='par_1_1' title="bbox 348 234 1122 340">
     <span class='ocr_line' id='line_1_1' title="bbox 348 234 1122 340; baseline -0.005 -22"><span class='ocrx_word' id='word_1_1' title='bbox 348 252 413 335; x_wconf 74' lang='lat'>164</span> <span class='ocrx_word' id='word_1_2' title='bbox 553 257 555 265; x_wconf 90' lang='lat'>&#39;</span> <span class='ocrx_word' id='word_1_3' title='bbox 656 234 661 243; x_wconf 75' lang='grc'><strong>’</strong></span> <span class='ocrx_word' id='word_1_4' title='bbox 877 266 961 315; x_wconf 76' lang='lat' dir='ltr'>runs</span> <span class='ocrx_word' id='word_1_5' title='bbox 986 268 1022 315; x_wconf 91' lang='lat' dir='ltr'>n.</span> <span class='ocrx_word' id='word_1_6' title='bbox 1119 332 1122 340; x_wconf 25' lang='lat'><em>¹</em></span> 
     </span>
    </p>
   </div>
   <div class='ocr_carea' id='block_1_2' title="bbox 346 390 1521 481">
    <p class='ocr_par' dir='ltr' id='par_1_2' title="bbox 346 390 1521 481">
     <span class='ocr_line' id='line_1_2' title="bbox 346 390 1521 481; baseline -0.003 -22"><span class='ocrx_word' id='word_1_7' title='bbox 346 394 482 481; x_wconf 83' lang='lat' dir='ltr'>negotia</span> <span class='ocrx_word' id='word_1_8' title='bbox 497 392 651 479; x_wconf 83' lang='lat' dir='ltr'>expedire</span> <span class='ocrx_word' id='word_1_9' title='bbox 670 392 877 477; x_wconf 82' lang='lat' dir='ltr'>respicientia</span> <span class='ocrx_word' id='word_1_10' title='bbox 892 390 1124 458; x_wconf 73' lang='lat' dir='ltr'>executionem</span> <span class='ocrx_word' id='word_1_11' title='bbox 1143 390 1521 477; x_wconf 80' lang='lat' dir='ltr'>leguml&#39;ridentinarum</span> 
     </span>
    </p>
   </div>
   <div class='ocr_carea' id='block_1_3' title="bbox 230 511 1523 613">
    <p class='ocr_par' dir='ltr' id='par_1_3' title="bbox 230 511 1523 613">
     <span class='ocr_line' id='line_1_3' title="bbox 230 511 1523 613; baseline -0.005 -30"><span class='ocrx_word' id='word_1_12' title='bbox 230 608 233 613; x_wconf 19' lang='grc' dir='ltr'><strong><em>Ι</em></strong></span> <span class='ocrx_word' id='word_1_13' title='bbox 348 515 453 601; x_wconf 89' lang='lat' dir='ltr'>quoad</span> <span class='ocrx_word' id='word_1_14' title='bbox 477 515 618 584; x_wconf 81' lang='lat' dir='ltr'>Ordines</span> <span class='ocrx_word' id='word_1_15' title='bbox 642 515 895 613; x_wconf 44' lang='lat' dir='ltr'>Regularesret</span> <span class='ocrx_word' id='word_1_16' title='bbox 917 512 1021 600; x_wconf 89' lang='lat' dir='ltr'>quoad</span> <span class='ocrx_word' id='word_1_17' title='bbox 1036 514 1109 579; x_wconf 90' lang='lat' dir='ltr'>iura</span> <span class='ocrx_word' id='word_1_18' title='bbox 1125 519 1158 579; x_wconf 89' lang='lat' dir='ltr'>et</span> <span class='ocrx_word' id='word_1_19' title='bbox 1173 511 1281 580; x_wconf 83' lang='lat' dir='ltr'>officia</span> <span class='ocrx_word' id='word_1_20' title='bbox 1296 514 1523 599; x_wconf 87' lang='lat' dir='ltr'>Episcoperum</span> 
     </span>
    </p>
   </div>
   <div class='ocr_carea' id='block_1_4' title="bbox 347 635 1594 1717">
    <p class='ocr_par' dir='ltr' id='par_1_4' title="bbox 347 635 1594 1079">
     <span class='ocr_line' id='line_1_4' title="bbox 347 635 1523 724; baseline -0.001 -23"><span class='ocrx_word' id='word_1_21' title='bbox 347 640 382 704; x_wconf 92' lang='lat' dir='ltr'>in</span> <span class='ocrx_word' id='word_1_22' title='bbox 409 639 497 703; x_wconf 89' lang='lat' dir='ltr'>viros</span> <span class='ocrx_word' id='word_1_23' title='bbox 523 638 705 724; x_wconf 82' lang='lat' dir='ltr'>Regularee</span> <span class='ocrx_word' id='word_1_24' title='bbox 729 644 761 703; x_wconf 89' lang='lat' dir='ltr'>et</span> <span class='ocrx_word' id='word_1_25' title='bbox 791 639 825 702; x_wconf 92' lang='lat' dir='ltr'>in</span> <span class='ocrx_word' id='word_1_26' title='bbox 855 638 1003 723; x_wconf 85' lang='lat' dir='ltr'>regimen</span> <span class='ocrx_word' id='word_1_27' title='bbox 1026 637 1225 703; x_wconf 85' lang='lat' dir='ltr'>Menialium.</span> <span class='ocrx_word' id='word_1_28' title='bbox 1251 672 1268 714; x_wconf 68' lang='grc'>,-</span> <span class='ocrx_word' id='word_1_29' title='bbox 1294 638 1429 721; x_wconf 89' lang='lat' dir='ltr'>Inquam</span> <span class='ocrx_word' id='word_1_30' title='bbox 1452 635 1523 701; x_wconf 87' lang='lat' dir='ltr'>huic</span> 
     </span>
     <span class='ocr_line' id='line_1_5' title="bbox 348 731 1594 848; baseline -0.006 -19"><span class='ocrx_word' id='word_1_31' title='bbox 348 762 447 848; x_wconf 83' lang='lat' dir='ltr'>Goug.</span> <span class='ocrx_word' id='word_1_32' title='bbox 469 766 656 848; x_wconf 80' lang='lat' dir='ltr'>competere</span> <span class='ocrx_word' id='word_1_33' title='bbox 680 761 913 828; x_wconf 76' lang='lat' dir='ltr'>eaeeaaonem</span> <span class='ocrx_word' id='word_1_34' title='bbox 937 761 1050 847; x_wconf 75' lang='lat' dir='ltr'>tapam</span> <span class='ocrx_word' id='word_1_35' title='bbox 1073 760 1366 833; x_wconf 66' lang='lat' dir='ltr'>Trideatiaamm</span> <span class='ocrx_word' id='word_1_36' title='bbox 1383 778 1458 824; x_wconf 87' lang='lat' dir='ltr'>nam</span> <span class='ocrx_word' id='word_1_37' title='bbox 1480 758 1524 822; x_wconf 86' lang='lat' dir='ltr'>in·</span> <span class='ocrx_word' id='word_1_38' title='bbox 1593 731 1594 734; x_wconf 8' lang='grc' dir='ltr'><strong>Ἴ</strong></span> 
     </span>
     <span class='ocr_line' id='line_1_6' title="bbox 347 883 1524 975; baseline -0.006 -21"><span class='ocrx_word' id='word_1_39' title='bbox 347 888 544 975; x_wconf 74' lang='lat' dir='ltr'>terpretatio</span> <span class='ocrx_word' id='word_1_40' title='bbox 561 888 678 953; x_wconf 89' lang='lat' dir='ltr'>harum</span> <span class='ocrx_word' id='word_1_41' title='bbox 695 906 970 972; x_wconf 87' lang='lat' dir='ltr'>quarumcumque</span> <span class='ocrx_word' id='word_1_42' title='bbox 984 886 1091 973; x_wconf 81' lang='lat' dir='ltr'>legum</span> <span class='ocrx_word' id='word_1_43' title='bbox 1112 886 1265 971; x_wconf 90' lang='lat' dir='ltr'>competit</span> <span class='ocrx_word' id='word_1_44' title='bbox 1278 883 1524 970; x_wconf 77' lang='lat' dir='ltr'>congregationi</span> 
     </span>
     <span class='ocr_line' id='line_1_7' title="bbox 348 1011 494 1079; baseline -0.014 0"><span class='ocrx_word' id='word_1_45' title='bbox 348 1011 494 1079; x_wconf 80' lang='lat' dir='ltr'>Consilii.</span> 
     </span>
    </p>

    <p class='ocr_par' dir='ltr' id='par_1_5' title="bbox 349 1102 1594 1717">
     <span class='ocr_line' id='line_1_8' title="bbox 437 1102 1524 1221; baseline -0.006 -18"><span class='ocrx_word' id='word_1_46' title='bbox 437 1138 542 1203; x_wconf 85' lang='lat' dir='ltr'>Vasta</span> <span class='ocrx_word' id='word_1_47' title='bbox 557 1136 727 1201; x_wconf 86' lang='lat' dir='ltr'>admodum</span> <span class='ocrx_word' id='word_1_48' title='bbox 744 1102 793 1201; x_wconf 71' lang='lat' dir='ltr'>est</span> <span class='ocrx_word' id='word_1_49' title='bbox 808 1135 1034 1221; x_wconf 69' lang='lat' dir='ltr'>competentia</span> <span class='ocrx_word' id='word_1_50' title='bbox 1053 1134 1271 1208; x_wconf 71' lang='lat' dir='ltr'>camalerica,</span> <span class='ocrx_word' id='word_1_51' title='bbox 1296 1134 1413 1219; x_wconf 92' lang='lat' dir='ltr'>quippe</span> <span class='ocrx_word' id='word_1_52' title='bbox 1437 1152 1524 1198; x_wconf 79' lang='lat' dir='ltr'>erce</span> 
     </span>
     <span class='ocr_line' id='line_1_9' title="bbox 349 1257 1523 1348; baseline -0.005 -21"><span class='ocrx_word' id='word_1_53' title='bbox 349 1264 412 1348; x_wconf 90' lang='lat' dir='ltr'>ptis</span> <span class='ocrx_word' id='word_1_54' title='bbox 437 1261 605 1328; x_wconf 82' lang='lat' dir='ltr'>dumtaxat</span> <span class='ocrx_word' id='word_1_55' title='bbox 628 1259 833 1347; x_wconf 73' lang='lat' dir='ltr'>paucioribus</span> <span class='ocrx_word' id='word_1_56' title='bbox 855 1260 992 1346; x_wconf 84' lang='lat' dir='ltr'>negotiis</span> <span class='ocrx_word' id='word_1_57' title='bbox 1010 1259 1181 1342; x_wconf 76' lang='lat' dir='ltr'>privativa</span> <span class='ocrx_word' id='word_1_58' title='bbox 1204 1259 1275 1323; x_wconf 84' lang='lat' dir='ltr'>aliis</span> <span class='ocrx_word' id='word_1_59' title='bbox 1299 1257 1523 1344; x_wconf 81' lang='lat' dir='ltr'>Congregatio-</span> 
     </span>
     <span class='ocr_line' id='line_1_10' title="bbox 349 1378 1523 1467; baseline -0.005 -18"><span class='ocrx_word' id='word_1_60' title='bbox 349 1382 443 1449; x_wconf 91' lang='lat' dir='ltr'>uibus</span> <span class='ocrx_word' id='word_1_61' title='bbox 468 1382 640 1455; x_wconf 87' lang='lat' dir='ltr'>attributis,</span> <span class='ocrx_word' id='word_1_62' title='bbox 657 1401 697 1447; x_wconf 92' lang='lat' dir='ltr'>ea</span> <span class='ocrx_word' id='word_1_63' title='bbox 715 1383 823 1447; x_wconf 91' lang='lat' dir='ltr'>omnia</span> <span class='ocrx_word' id='word_1_64' title='bbox 847 1381 1062 1467; x_wconf 85' lang='lat' dir='ltr'>amplectitur,</span> <span class='ocrx_word' id='word_1_65' title='bbox 1087 1400 1169 1465; x_wconf 86' lang='lat' dir='ltr'>quae</span> <span class='ocrx_word' id='word_1_66' title='bbox 1191 1382 1358 1466; x_wconf 88' lang='lat' dir='ltr'>pertinent</span> <span class='ocrx_word' id='word_1_67' title='bbox 1379 1378 1420 1444; x_wconf 91' lang='lat' dir='ltr'>ad</span> <span class='ocrx_word' id='word_1_68' title='bbox 1443 1379 1523 1465; x_wconf 82' lang='lat' dir='ltr'>regi·</span> 
     </span>
     <span class='ocr_line' id='line_1_11' title="bbox 350 1504 1594 1595; baseline -0.005 -20"><span class='ocrx_word' id='word_1_69' title='bbox 350 1528 425 1575; x_wconf 88' lang='lat' dir='ltr'>men</span> <span class='ocrx_word' id='word_1_70' title='bbox 457 1508 624 1595; x_wconf 87' lang='lat' dir='ltr'>spirituale</span> <span class='ocrx_word' id='word_1_71' title='bbox 648 1505 788 1571; x_wconf 88' lang='lat' dir='ltr'>fidelium</span> <span class='ocrx_word' id='word_1_72' title='bbox 813 1506 1041 1589; x_wconf 87' lang='lat' dir='ltr'>cuiuscumque</span> <span class='ocrx_word' id='word_1_73' title='bbox 1071 1509 1192 1571; x_wconf 86' lang='lat' dir='ltr'>coetus.</span> <span class='ocrx_word' id='word_1_74' title='bbox 1218 1506 1290 1570; x_wconf 88' lang='lat' dir='ltr'>Hoc</span> <span class='ocrx_word' id='word_1_75' title='bbox 1320 1524 1417 1576; x_wconf 84' lang='lat' dir='ltr'>sensu</span> <span class='ocrx_word' id='word_1_76' title='bbox 1447 1504 1524 1569; x_wconf 87' lang='lat' dir='ltr'>haec</span> <span class='ocrx_word' id='word_1_77' title='bbox 1593 1579 1594 1582; x_wconf 8' lang='grc' dir='ltr'><strong>Ἴ</strong></span> 
     </span>
     <span class='ocr_line' id='line_1_12' title="bbox 350 1626 1525 1717; baseline -0.004 -20"><span class='ocrx_word' id='word_1_78' title='bbox 350 1632 567 1717; x_wconf 83' lang='lat' dir='ltr'>Oongregatio</span> <span class='ocrx_word' id='word_1_79' title='bbox 590 1630 747 1716; x_wconf 88' lang='lat' dir='ltr'>appellari</span> <span class='ocrx_word' id='word_1_80' title='bbox 771 1626 899 1695; x_wconf 90' lang='lat' dir='ltr'>solebat</span> <span class='ocrx_word' id='word_1_81' title='bbox 919 1628 1132 1710; x_wconf 77' lang='lat' dir='ltr'>universatis,</span> <span class='ocrx_word' id='word_1_82' title='bbox 1157 1646 1218 1694; x_wconf 92' lang='lat' dir='ltr'>ceu</span> <span class='ocrx_word' id='word_1_83' title='bbox 1241 1628 1348 1694; x_wconf 83' lang='lat' dir='ltr'>refert</span> <span class='ocrx_word' id='word_1_84' title='bbox 1371 1629 1417 1693; x_wconf 82' lang='lat' dir='ltr'>lle</span> <span class='ocrx_word' id='word_1_85' title='bbox 1440 1626 1525 1692; x_wconf 87' lang='lat' dir='ltr'>Luca</span> 
     </span>
    </p>
   </div>
   <div class='ocr_carea' id='block_1_5' title="bbox 349 1754 809 1841">
    <p class='ocr_par' dir='ltr' id='par_1_6' title="bbox 349 1754 809 1841">
     <span class='ocr_line' id='line_1_13' title="bbox 349 1754 809 1841; baseline -0.009 -18"><span class='ocrx_word' id='word_1_86' title='bbox 349 1754 809 1841; x_wconf 55' lang='lat' dir='ltr'>mamam.</span> 
     </span>
    </p>
   </div>
   <div class='ocr_carea' id='block_1_6' title="bbox 373 2014 1594 2228">
    <p class='ocr_par' dir='ltr' id='par_1_7' title="bbox 373 2014 1594 2228">
     <span class='ocr_line' id='line_1_14' title="bbox 373 2014 1594 2103; baseline -0.002 -20"><span class='ocrx_word' id='word_1_87' title='bbox 373 2018 396 2101; x_wconf 62' lang='grc' dir='ltr'>ξ</span> <span class='ocrx_word' id='word_1_88' title='bbox 421 2016 450 2083; x_wconf 93' lang='lat' dir='ltr'>l.</span> <span class='ocrx_word' id='word_1_89' title='bbox 475 2016 525 2081; x_wconf 86' lang='lat' dir='ltr'>De</span> <span class='ocrx_word' id='word_1_90' title='bbox 548 2016 682 2082; x_wconf 79' lang='lat' dir='ltr'>ratione</span> <span class='ocrx_word' id='word_1_91' title='bbox 700 2014 913 2098; x_wconf 76' lang='lat' dir='ltr'>procedendi</span> <span class='ocrx_word' id='word_1_92' title='bbox 934 2015 1030 2098; x_wconf 82' lang='lat' dir='ltr'>apad</span> <span class='ocrx_word' id='word_1_93' title='bbox 1046 2016 1136 2082; x_wconf 78' lang='lat' dir='ltr'>acac</span> <span class='ocrx_word' id='word_1_94' title='bbox 1151 2014 1185 2082; x_wconf 86' lang='lat' dir='ltr'>S.</span> <span class='ocrx_word' id='word_1_95' title='bbox 1206 2015 1506 2103; x_wconf 74' lang='lat' dir='ltr'>Conpreqatioaam</span> <span class='ocrx_word' id='word_1_96' title='bbox 1593 2067 1594 2070; x_wconf 63' lang='lat'>,</span> 
     </span>
     <span class='ocr_line' id='line_1_15' title="bbox 452 2131 1407 2228; baseline -0.003 -22"><span class='ocrx_word' id='word_1_97' title='bbox 452 2141 489 2206; x_wconf 84' lang='lat' dir='ltr'>in</span> <span class='ocrx_word' id='word_1_98' title='bbox 511 2140 654 2228; x_wconf 76' lang='lat' dir='ltr'>capeliis</span> <span class='ocrx_word' id='word_1_99' title='bbox 678 2144 750 2205; x_wconf 85' lang='lat' dir='ltr'>tam</span> <span class='ocrx_word' id='word_1_100' title='bbox 773 2131 995 2215; x_wconf 58' lang='lat' dir='ltr'>annuntiaris,</span> <span class='ocrx_word' id='word_1_101' title='bbox 1021 2146 1092 2206; x_wconf 85' lang='lat' dir='ltr'>tam</span> <span class='ocrx_word' id='word_1_102' title='bbox 1115 2140 1407 2208; x_wconf 77' lang='lat' dir='ltr'>administrativis.</span> 
     </span>
    </p>
   </div>
   <div class='ocr_carea' id='block_1_7' title="bbox 351 2325 1594 2422">
    <p class='ocr_par' dir='ltr' id='par_1_8' title="bbox 351 2325 1594 2422">
     <span class='ocr_line' id='line_1_16' title="bbox 351 2325 1594 2422; baseline -0.004 -13"><span class='ocrx_word' id='word_1_103' title='bbox 351 2350 568 2409; x_wconf 73' lang='lat' dir='ltr'>summarium.</span> <span class='ocrx_word' id='word_1_104' title='bbox 581 2380 615 2393; x_wconf 94' lang='lat'><em>-</em></span> <span class='ocrx_word' id='word_1_105' title='bbox 631 2350 689 2405; x_wconf 86' lang='grc'><strong>137.</strong></span> <span class='ocrx_word' id='word_1_106' title='bbox 703 2350 780 2406; x_wconf 85' lang='lat' dir='ltr'>Haec</span> <span class='ocrx_word' id='word_1_107' title='bbox 793 2350 879 2421; x_wconf 79' lang='lat' dir='ltr'>(long.</span> <span class='ocrx_word' id='word_1_108' title='bbox 894 2351 1006 2421; x_wconf 79' lang='lat' dir='ltr'>expedit</span> <span class='ocrx_word' id='word_1_109' title='bbox 1018 2366 1127 2422; x_wconf 90' lang='lat' dir='ltr'>quoque</span> <span class='ocrx_word' id='word_1_110' title='bbox 1146 2354 1260 2421; x_wconf 83' lang='lat' dir='ltr'>negotia</span> <span class='ocrx_word' id='word_1_111' title='bbox 1278 2352 1454 2407; x_wconf 70' lang='lat' dir='ltr'>conmutiosa</span> <span class='ocrx_word' id='word_1_112' title='bbox 1471 2356 1524 2406; x_wconf 91' lang='lat' dir='ltr'>tum</span> <span class='ocrx_word' id='word_1_113' title='bbox 1593 2325 1594 2394; x_wconf 25' lang='lat' dir='ltr'>i</span> 
     </span>
    </p>
   </div>
   <div class='ocr_carea' id='block_1_8' title="bbox 442 2454 1594 2515">
    <p class='ocr_par' dir='ltr' id='par_1_9' title="bbox 442 2454 1594 2515">
     <span class='ocr_line' id='line_1_17' title="bbox 442 2454 1594 2515; baseline -0.001 -4"><span class='ocrx_word' id='word_1_114' title='bbox 442 2456 538 2511; x_wconf 82' lang='lat' dir='ltr'>civilia</span> <span class='ocrx_word' id='word_1_115' title='bbox 557 2462 617 2515; x_wconf 84' lang='lat' dir='ltr'>tum</span> <span class='ocrx_word' id='word_1_116' title='bbox 636 2454 794 2511; x_wconf 82' lang='lat' dir='ltr'>criminalia</span> <span class='ocrx_word' id='word_1_117' title='bbox 813 2455 861 2510; x_wconf 83' lang='lat' dir='ltr'>sed</span> <span class='ocrx_word' id='word_1_118' title='bbox 880 2456 936 2509; x_wconf 88' lang='lat' dir='ltr'>ritu</span> <span class='ocrx_word' id='word_1_119' title='bbox 961 2456 1106 2511; x_wconf 84' lang='lat' dir='ltr'>admodum</span> <span class='ocrx_word' id='word_1_120' title='bbox 1131 2457 1316 2511; x_wconf 90' lang='lat' dir='ltr'>oeconomico.</span> <span class='ocrx_word' id='word_1_121' title='bbox 1335 2485 1370 2498; x_wconf 95' lang='lat'><em>-</em></span> <span class='ocrx_word' id='word_1_122' title='bbox 1391 2456 1450 2511; x_wconf 90' lang='grc'><strong>138.</strong></span> <span class='ocrx_word' id='word_1_123' title='bbox 1468 2456 1526 2510; x_wconf 85' lang='grc'><strong>0111-</strong></span> <span class='ocrx_word' id='word_1_124' title='bbox 1593 2457 1594 2496; x_wconf 56' lang='lat' dir='ltr'>t</span> 
     </span>
    </p>
   </div>
   <div class='ocr_carea' id='block_1_9' title="bbox 429 2562 1594 3485">
    <p class='ocr_par' dir='ltr' id='par_1_10' title="bbox 429 2562 1594 3485">
     <span class='ocr_line' id='line_1_18' title="bbox 442 2562 1594 2638; baseline -0.001 -18"><span class='ocrx_word' id='word_1_125' title='bbox 442 2566 529 2622; x_wconf 85' lang='lat' dir='ltr'>cialee</span> <span class='ocrx_word' id='word_1_126' title='bbox 553 2564 635 2620; x_wconf 88' lang='lat' dir='ltr'>huius</span> <span class='ocrx_word' id='word_1_127' title='bbox 660 2564 746 2634; x_wconf 77' lang='lat' dir='ltr'>(long.</span> <span class='ocrx_word' id='word_1_128' title='bbox 765 2593 800 2606; x_wconf 95' lang='lat'><em>-</em></span> <span class='ocrx_word' id='word_1_129' title='bbox 821 2562 880 2619; x_wconf 88' lang='grc'><strong>139.</strong></span> <span class='ocrx_word' id='word_1_130' title='bbox 900 2563 1021 2635; x_wconf 78' lang='lat' dir='ltr'>Negotia</span> <span class='ocrx_word' id='word_1_131' title='bbox 1045 2580 1101 2621; x_wconf 89' lang='lat' dir='ltr'>non</span> <span class='ocrx_word' id='word_1_132' title='bbox 1126 2567 1301 2621; x_wconf 79' lang='lat' dir='ltr'>contentiosa</span> <span class='ocrx_word' id='word_1_133' title='bbox 1324 2567 1526 2637; x_wconf 71' lang='lat' dir='ltr'>expeditioris</span> <span class='ocrx_word' id='word_1_134' title='bbox 1593 2589 1594 2638; x_wconf 64' lang='lat'><em>3</em></span> 
     </span>
     <span class='ocr_line' id='line_1_19' title="bbox 443 2670 1594 2744; baseline -0.003 -15"><span class='ocrx_word' id='word_1_135' title='bbox 443 2677 542 2729; x_wconf 80' lang='lat' dir='ltr'>ordine</span> <span class='ocrx_word' id='word_1_136' title='bbox 561 2690 617 2727; x_wconf 82' lang='lat' dir='ltr'>non</span> <span class='ocrx_word' id='word_1_137' title='bbox 635 2681 752 2727; x_wconf 76' lang='lat' dir='ltr'>servato.</span> <span class='ocrx_word' id='word_1_138' title='bbox 773 2670 915 2733; x_wconf 89' lang='lat' dir='ltr'>Quomodo</span> <span class='ocrx_word' id='word_1_139' title='bbox 934 2673 985 2726; x_wconf 87' lang='lat' dir='ltr'>fiat</span> <span class='ocrx_word' id='word_1_140' title='bbox 1004 2671 1161 2727; x_wconf 82' lang='lat' dir='ltr'>huiusmodi</span> <span class='ocrx_word' id='word_1_141' title='bbox 1180 2690 1332 2744; x_wconf 79' lang='lat' dir='ltr'>processus.</span> <span class='ocrx_word' id='word_1_142' title='bbox 1350 2700 1386 2714; x_wconf 92' lang='lat'>—</span> <span class='ocrx_word' id='word_1_143' title='bbox 1407 2672 1525 2728; x_wconf 65' lang='grc'><strong>110111-</strong></span> <span class='ocrx_word' id='word_1_144' title='bbox 1593 2703 1594 2738; x_wconf 44' lang='lat'>4</span> 
     </span>
     <span class='ocr_line' id='line_1_20' title="bbox 442 2775 1594 2850; baseline -0.003 -15"><span class='ocrx_word' id='word_1_145' title='bbox 442 2780 520 2850; x_wconf 78' lang='lat' dir='ltr'>gotia</span> <span class='ocrx_word' id='word_1_146' title='bbox 540 2777 720 2848; x_wconf 83' lang='lat' dir='ltr'>Regularium</span> <span class='ocrx_word' id='word_1_147' title='bbox 746 2778 798 2833; x_wconf 78' lang='lat' dir='ltr'>etsi</span> <span class='ocrx_word' id='word_1_148' title='bbox 825 2782 924 2847; x_wconf 77' lang='lat' dir='ltr'>suapte</span> <span class='ocrx_word' id='word_1_149' title='bbox 948 2782 1049 2832; x_wconf 87' lang='lat' dir='ltr'>natura</span> <span class='ocrx_word' id='word_1_150' title='bbox 1068 2778 1251 2845; x_wconf 83' lang='lat' dir='ltr'>contentiosa,</span> <span class='ocrx_word' id='word_1_151' title='bbox 1269 2780 1341 2834; x_wconf 68' lang='lat' dir='ltr'>iaris</span> <span class='ocrx_word' id='word_1_152' title='bbox 1359 2780 1458 2833; x_wconf 82' lang='lat' dir='ltr'>ordina</span> <span class='ocrx_word' id='word_1_153' title='bbox 1474 2794 1524 2832; x_wconf 81' lang='lat' dir='ltr'>aaa</span> <span class='ocrx_word' id='word_1_154' title='bbox 1593 2775 1594 2842; x_wconf 55' lang='grc' dir='ltr'>ζ</span> 
     </span>
     <span class='ocr_line' id='line_1_21' title="bbox 441 2881 1525 2954; baseline -0.003 -17"><span class='ocrx_word' id='word_1_155' title='bbox 441 2892 551 2939; x_wconf 82' lang='lat' dir='ltr'>servato</span> <span class='ocrx_word' id='word_1_156' title='bbox 565 2883 673 2939; x_wconf 87' lang='lat' dir='ltr'>definiri</span> <span class='ocrx_word' id='word_1_157' title='bbox 685 2882 784 2937; x_wconf 82' lang='lat' dir='ltr'>solent.</span> <span class='ocrx_word' id='word_1_158' title='bbox 798 2910 835 2923; x_wconf 92' lang='lat'>-</span> <span class='ocrx_word' id='word_1_159' title='bbox 849 2881 908 2936; x_wconf 81' lang='lat'>141.</span> <span class='ocrx_word' id='word_1_160' title='bbox 923 2881 962 2938; x_wconf 91' lang='lat' dir='ltr'>De</span> <span class='ocrx_word' id='word_1_161' title='bbox 975 2882 1056 2935; x_wconf 89' lang='lat' dir='ltr'>modo</span> <span class='ocrx_word' id='word_1_162' title='bbox 1070 2882 1222 2953; x_wconf 83' lang='lat' dir='ltr'>exequendi</span> <span class='ocrx_word' id='word_1_163' title='bbox 1236 2883 1380 2952; x_wconf 83' lang='lat' dir='ltr'>rescripte,</span> <span class='ocrx_word' id='word_1_164' title='bbox 1393 2899 1463 2954; x_wconf 90' lang='lat' dir='ltr'>quae</span> <span class='ocrx_word' id='word_1_165' title='bbox 1477 2881 1525 2935; x_wconf 86' lang='lat' dir='ltr'>boc</span> 
     </span>
     <span class='ocr_line' id='line_1_22' title="bbox 444 2957 1594 3059; baseline -0.004 -17"><span class='ocrx_word' id='word_1_166' title='bbox 444 3004 572 3059; x_wconf 85' lang='lat' dir='ltr'>processu</span> <span class='ocrx_word' id='word_1_167' title='bbox 593 2992 765 3057; x_wconf 83' lang='lat' dir='ltr'>promanant.</span> <span class='ocrx_word' id='word_1_168' title='bbox 778 3016 812 3029; x_wconf 94' lang='lat'><em>-</em></span> <span class='ocrx_word' id='word_1_169' title='bbox 835 2957 1067 3042; x_wconf 72' lang='lat' dir='ltr'>trabeatione</span> <span class='ocrx_word' id='word_1_170' title='bbox 1082 2986 1246 3057; x_wconf 87' lang='lat' dir='ltr'>procedendi</span> <span class='ocrx_word' id='word_1_171' title='bbox 1265 2988 1339 3041; x_wconf 83' lang='lat' dir='ltr'>iaris</span> <span class='ocrx_word' id='word_1_172' title='bbox 1357 2991 1455 3042; x_wconf 80' lang='lat' dir='ltr'>ordine</span> <span class='ocrx_word' id='word_1_173' title='bbox 1472 3002 1525 3040; x_wconf 83' lang='lat' dir='ltr'>ser·</span> <span class='ocrx_word' id='word_1_174' title='bbox 1593 2973 1594 2976; x_wconf 28' lang='lat'>¹</span> 
     </span>
     <span class='ocr_line' id='line_1_23' title="bbox 429 3081 1594 3175; baseline -0.001 -28"><span class='ocrx_word' id='word_1_175' title='bbox 429 3106 505 3151; x_wconf 74' lang='lat' dir='ltr'>eata</span> <span class='ocrx_word' id='word_1_176' title='bbox 522 3096 550 3149; x_wconf 82' lang='lat' dir='ltr'>vi</span> <span class='ocrx_word' id='word_1_177' title='bbox 570 3094 673 3150; x_wconf 86' lang='lat' dir='ltr'>decreti</span> <span class='ocrx_word' id='word_1_178' title='bbox 693 3094 751 3149; x_wconf 81' lang='lat' dir='ltr'>dici</span> <span class='ocrx_word' id='word_1_179' title='bbox 763 3096 808 3175; x_wconf 82' lang='grc' dir='ltr'>Ι15</span> <span class='ocrx_word' id='word_1_180' title='bbox 826 3097 881 3147; x_wconf 83' lang='lat' dir='ltr'>ian.</span> <span class='ocrx_word' id='word_1_181' title='bbox 902 3094 993 3160; x_wconf 81' lang='lat'><em>1835,</em></span> <span class='ocrx_word' id='word_1_182' title='bbox 1009 3093 1083 3164; x_wconf 91' lang='lat' dir='ltr'>quod</span> <span class='ocrx_word' id='word_1_183' title='bbox 1107 3093 1264 3163; x_wconf 87' lang='lat' dir='ltr'>exponitur.</span> <span class='ocrx_word' id='word_1_184' title='bbox 1284 3123 1300 3133; x_wconf 97' lang='lat'>-</span> <span class='ocrx_word' id='word_1_185' title='bbox 1319 3092 1350 3146; x_wconf 89' lang='lat' dir='ltr'>ln</span> <span class='ocrx_word' id='word_1_186' title='bbox 1375 3093 1478 3163; x_wconf 79' lang='lat' dir='ltr'>primia,</span> <span class='ocrx_word' id='word_1_187' title='bbox 1495 3092 1524 3146; x_wconf 92' lang='lat' dir='ltr'>de</span> <span class='ocrx_word' id='word_1_188' title='bbox 1593 3081 1594 3106; x_wconf 76' lang='lat'>³</span> 
     </span>
     <span class='ocr_line' id='line_1_24' title="bbox 443 3200 1524 3260; baseline 0 -2"><span class='ocrx_word' id='word_1_189' title='bbox 443 3203 590 3259; x_wconf 87' lang='lat' dir='ltr'>Cardinale</span> <span class='ocrx_word' id='word_1_190' title='bbox 610 3204 731 3259; x_wconf 76' lang='lat' dir='ltr'>Poeante</span> <span class='ocrx_word' id='word_1_191' title='bbox 750 3218 799 3257; x_wconf 83' lang='lat' dir='ltr'>sau</span> <span class='ocrx_word' id='word_1_192' title='bbox 817 3202 960 3257; x_wconf 76' lang='lat' dir='ltr'>Ratatera.</span> <span class='ocrx_word' id='word_1_193' title='bbox 979 3230 1015 3243; x_wconf 92' lang='lat'><em>-</em></span> <span class='ocrx_word' id='word_1_194' title='bbox 1035 3200 1094 3256; x_wconf 81' lang='grc'><strong>143.</strong></span> <span class='ocrx_word' id='word_1_195' title='bbox 1114 3202 1153 3257; x_wconf 88' lang='lat' dir='ltr'>De</span> <span class='ocrx_word' id='word_1_196' title='bbox 1172 3202 1364 3257; x_wconf 85' lang='lat' dir='ltr'>concordando</span> <span class='ocrx_word' id='word_1_197' title='bbox 1386 3204 1476 3260; x_wconf 80' lang='lat' dir='ltr'>dabie.</span> <span class='ocrx_word' id='word_1_198' title='bbox 1495 3230 1524 3242; x_wconf 98' lang='lat'>-</span> 
     </span>
     <span class='ocr_line' id='line_1_25' title="bbox 446 3306 1526 3378; baseline 0.001 -16"><span class='ocrx_word' id='word_1_199' title='bbox 446 3308 504 3363; x_wconf 79' lang='lat'>144.</span> <span class='ocrx_word' id='word_1_200' title='bbox 515 3307 554 3362; x_wconf 90' lang='lat' dir='ltr'>De</span> <span class='ocrx_word' id='word_1_201' title='bbox 567 3324 651 3362; x_wconf 81' lang='lat' dir='ltr'>causa</span> <span class='ocrx_word' id='word_1_202' title='bbox 663 3307 825 3362; x_wconf 81' lang='lat' dir='ltr'>instruenda</span> <span class='ocrx_word' id='word_1_203' title='bbox 837 3307 989 3378; x_wconf 85' lang='lat' dir='ltr'>eademque</span> <span class='ocrx_word' id='word_1_204' title='bbox 1001 3306 1156 3361; x_wconf 89' lang='lat' dir='ltr'>definitioni</span> <span class='ocrx_word' id='word_1_205' title='bbox 1170 3308 1367 3377; x_wconf 81' lang='lat' dir='ltr'>praeparanda.</span> <span class='ocrx_word' id='word_1_206' title='bbox 1377 3338 1411 3351; x_wconf 95' lang='lat'><em>-</em></span> <span class='ocrx_word' id='word_1_207' title='bbox 1423 3309 1481 3363; x_wconf 78' lang='lat'>145.</span> <span class='ocrx_word' id='word_1_208' title='bbox 1490 3308 1526 3363; x_wconf 81' lang='lat' dir='ltr'>ile</span> 
     </span>
     <span class='ocr_line' id='line_1_26' title="bbox 443 3413 1191 3485; baseline -0.004 -15"><span class='ocrx_word' id='word_1_209' title='bbox 443 3416 504 3470; x_wconf 89' lang='lat' dir='ltr'>eius</span> <span class='ocrx_word' id='word_1_210' title='bbox 523 3414 693 3481; x_wconf 85' lang='lat' dir='ltr'>definitione,</span> <span class='ocrx_word' id='word_1_211' title='bbox 711 3414 745 3470; x_wconf 92' lang='lat' dir='ltr'>de</span> <span class='ocrx_word' id='word_1_212' title='bbox 763 3413 951 3485; x_wconf 84' lang='lat' dir='ltr'>appellatione</span> <span class='ocrx_word' id='word_1_213' title='bbox 969 3417 1000 3468; x_wconf 87' lang='lat' dir='ltr'>et</span> <span class='ocrx_word' id='word_1_214' title='bbox 1018 3414 1191 3473; x_wconf 83' lang='lat' dir='ltr'>executione.</span> 
     </span>
    </p>
   </div>
   <div class='ocr_carea' id='block_1_10' title="bbox 354 3630 1526 4208">
    <p class='ocr_par' dir='ltr' id='par_1_11' title="bbox 354 3630 1526 4208">
     <span class='ocr_line' id='line_1_27' title="bbox 447 3630 1526 3719; baseline -0.002 -24"><span class='ocrx_word' id='word_1_215' title='bbox 447 3632 520 3697; x_wconf 82' lang='lat'><strong>137.</strong></span> <span class='ocrx_word' id='word_1_216' title='bbox 545 3630 609 3698; x_wconf 91' lang='lat' dir='ltr'>Sub</span> <span class='ocrx_word' id='word_1_217' title='bbox 632 3630 758 3695; x_wconf 87' lang='lat' dir='ltr'>initium</span> <span class='ocrx_word' id='word_1_218' title='bbox 781 3651 858 3696; x_wconf 88' lang='lat' dir='ltr'>suae</span> <span class='ocrx_word' id='word_1_219' title='bbox 881 3631 1088 3706; x_wconf 81' lang='lat' dir='ltr'>institutionis</span> <span class='ocrx_word' id='word_1_220' title='bbox 1111 3631 1194 3697; x_wconf 88' lang='lat' dir='ltr'>haec</span> <span class='ocrx_word' id='word_1_221' title='bbox 1210 3630 1309 3719; x_wconf 83' lang='lat' dir='ltr'>Cong.</span> <span class='ocrx_word' id='word_1_222' title='bbox 1328 3633 1526 3717; x_wconf 84' lang='lat' dir='ltr'>quaestiones</span> 
     </span>
     <span class='ocr_line' id='line_1_28' title="bbox 355 3750 1523 3837; baseline -0.002 -19"><span class='ocrx_word' id='word_1_223' title='bbox 355 3751 527 3819; x_wconf 87' lang='lat' dir='ltr'>definiebat</span> <span class='ocrx_word' id='word_1_224' title='bbox 542 3750 715 3818; x_wconf 90' lang='lat' dir='ltr'>nullimode</span> <span class='ocrx_word' id='word_1_225' title='bbox 731 3753 939 3836; x_wconf 83' lang='lat' dir='ltr'>exquirentes</span> <span class='ocrx_word' id='word_1_226' title='bbox 954 3753 1171 3837; x_wconf 85' lang='lat' dir='ltr'>cognitionem</span> <span class='ocrx_word' id='word_1_227' title='bbox 1186 3753 1386 3830; x_wconf 65' lang='lat' dir='ltr'>iudicialem</span> <span class='ocrx_word' id='word_1_228' title='bbox 1406 3760 1439 3821; x_wconf 88' lang='lat' dir='ltr'>at</span> <span class='ocrx_word' id='word_1_229' title='bbox 1460 3772 1523 3817; x_wconf 86' lang='lat' dir='ltr'>seu·</span> 
     </span>
     <span class='ocr_line' id='line_1_29' title="bbox 354 3873 1523 3959; baseline -0.005 -18"><span class='ocrx_word' id='word_1_230' title='bbox 354 3877 429 3949; x_wconf 81' lang='lat' dir='ltr'>sim,</span> <span class='ocrx_word' id='word_1_231' title='bbox 454 3877 530 3950; x_wconf 86' lang='lat' dir='ltr'>ista,</span> <span class='ocrx_word' id='word_1_232' title='bbox 555 3893 620 3939; x_wconf 92' lang='lat' dir='ltr'>non</span> <span class='ocrx_word' id='word_1_233' title='bbox 643 3892 737 3939; x_wconf 87' lang='lat' dir='ltr'>secus</span> <span class='ocrx_word' id='word_1_234' title='bbox 766 3892 806 3939; x_wconf 90' lang='lat' dir='ltr'>ac</span> <span class='ocrx_word' id='word_1_235' title='bbox 836 3878 968 3939; x_wconf 89' lang='lat' dir='ltr'>ceterae</span> <span class='ocrx_word' id='word_1_236' title='bbox 999 3874 1290 3959; x_wconf 83' lang='lat' dir='ltr'>Congregationee,</span> <span class='ocrx_word' id='word_1_237' title='bbox 1313 3894 1404 3941; x_wconf 87' lang='lat' dir='ltr'>suam</span> <span class='ocrx_word' id='word_1_238' title='bbox 1427 3873 1523 3959; x_wconf 85' lang='lat' dir='ltr'>expli-</span> 
     </span>
     <span class='ocr_line' id='line_1_30' title="bbox 355 3997 1523 4084; baseline -0.005 -20"><span class='ocrx_word' id='word_1_239' title='bbox 355 4001 442 4066; x_wconf 88' lang='lat' dir='ltr'>cavit</span> <span class='ocrx_word' id='word_1_240' title='bbox 465 3999 710 4084; x_wconf 80' lang='lat' dir='ltr'>competentiam</span> <span class='ocrx_word' id='word_1_241' title='bbox 739 4000 835 4063; x_wconf 90' lang='lat' dir='ltr'>etiam</span> <span class='ocrx_word' id='word_1_242' title='bbox 866 3999 899 4063; x_wconf 91' lang='lat' dir='ltr'>in</span> <span class='ocrx_word' id='word_1_243' title='bbox 926 4018 981 4063; x_wconf 89' lang='lat' dir='ltr'>res</span> <span class='ocrx_word' id='word_1_244' title='bbox 1013 3998 1230 4070; x_wconf 85' lang='lat' dir='ltr'>contentiosas</span> <span class='ocrx_word' id='word_1_245' title='bbox 1258 3998 1380 4065; x_wconf 89' lang='lat' dir='ltr'>ordinis</span> <span class='ocrx_word' id='word_1_246' title='bbox 1402 3997 1523 4064; x_wconf 89' lang='lat' dir='ltr'>admini-</span> 
     </span>
     <span class='ocr_line' id='line_1_31' title="bbox 355 4120 1524 4208; baseline -0.004 -20"><span class='ocrx_word' id='word_1_247' title='bbox 355 4124 491 4205; x_wconf 80' lang='lat' dir='ltr'>stratiri,</span> <span class='ocrx_word' id='word_1_248' title='bbox 514 4122 570 4188; x_wconf 91' lang='lat' dir='ltr'>sed</span> <span class='ocrx_word' id='word_1_249' title='bbox 593 4122 656 4187; x_wconf 90' lang='lat' dir='ltr'>hoc</span> <span class='ocrx_word' id='word_1_250' title='bbox 678 4120 791 4187; x_wconf 89' lang='lat' dir='ltr'>habuit</span> <span class='ocrx_word' id='word_1_251' title='bbox 820 4121 963 4187; x_wconf 89' lang='lat' dir='ltr'>solemne</span> <span class='ocrx_word' id='word_1_252' title='bbox 995 4126 1028 4186; x_wconf 89' lang='lat' dir='ltr'>et</span> <span class='ocrx_word' id='word_1_253' title='bbox 1058 4120 1117 4186; x_wconf 90' lang='lat' dir='ltr'>sibi</span> <span class='ocrx_word' id='word_1_254' title='bbox 1145 4124 1312 4208; x_wconf 87' lang='lat' dir='ltr'>proprium</span> <span class='ocrx_word' id='word_1_255' title='bbox 1343 4124 1376 4188; x_wconf 88' lang='lat' dir='ltr'>in</span> <span class='ocrx_word' id='word_1_256' title='bbox 1408 4123 1524 4189; x_wconf 87' lang='lat' dir='ltr'>ratione</span> 
     </span>
    </p>
   </div>
   <div class='ocr_carea' id='block_1_11' title="bbox 355 4242 1525 4457">
    <p class='ocr_par' dir='ltr' id='par_1_12' title="bbox 355 4242 1525 4457">
     <span class='ocr_line' id='line_1_32' title="bbox 355 4242 1524 4333; baseline -0.004 -21"><span class='ocrx_word' id='word_1_257' title='bbox 355 4245 561 4333; x_wconf 86' lang='lat' dir='ltr'>procedendi,</span> <span class='ocrx_word' id='word_1_258' title='bbox 578 4251 613 4311; x_wconf 89' lang='lat' dir='ltr'>ut</span> <span class='ocrx_word' id='word_1_259' title='bbox 628 4242 781 4329; x_wconf 90' lang='lat' dir='ltr'>quantum</span> <span class='ocrx_word' id='word_1_260' title='bbox 796 4243 868 4310; x_wconf 89' lang='lat' dir='ltr'>fieri</span> <span class='ocrx_word' id='word_1_261' title='bbox 884 4250 991 4330; x_wconf 88' lang='lat' dir='ltr'>posset</span> <span class='ocrx_word' id='word_1_262' title='bbox 1006 4246 1177 4312; x_wconf 89' lang='lat' dir='ltr'>recederet</span> <span class='ocrx_word' id='word_1_263' title='bbox 1193 4266 1212 4311; x_wconf 90' lang='lat' dir='ltr'>a</span> <span class='ocrx_word' id='word_1_264' title='bbox 1228 4267 1382 4333; x_wconf 87' lang='lat' dir='ltr'>processu</span> <span class='ocrx_word' id='word_1_265' title='bbox 1404 4246 1524 4315; x_wconf 81' lang='lat' dir='ltr'>formali</span> 
     </span>
     <span class='ocr_line' id='line_1_33' title="bbox 356 4368 1525 4457; baseline -0.004 -20"><span class='ocrx_word' id='word_1_266' title='bbox 356 4377 389 4437; x_wconf 88' lang='lat' dir='ltr'>et</span> <span class='ocrx_word' id='word_1_267' title='bbox 411 4372 551 4435; x_wconf 84' lang='lat' dir='ltr'>maxime</span> <span class='ocrx_word' id='word_1_268' title='bbox 574 4368 763 4435; x_wconf 88' lang='lat' dir='ltr'>inhaereret</span> <span class='ocrx_word' id='word_1_269' title='bbox 793 4369 906 4435; x_wconf 85' lang='lat' dir='ltr'>formis</span> <span class='ocrx_word' id='word_1_270' title='bbox 929 4368 1124 4456; x_wconf 87' lang='lat' dir='ltr'>procedendi</span> <span class='ocrx_word' id='word_1_271' title='bbox 1149 4372 1372 4439; x_wconf 82' lang='lat' dir='ltr'>oeconomicis</span> <span class='ocrx_word' id='word_1_272' title='bbox 1396 4377 1429 4437; x_wconf 90' lang='lat' dir='ltr'>et</span> <span class='ocrx_word' id='word_1_273' title='bbox 1449 4386 1525 4457; x_wconf 91' lang='lat' dir='ltr'>pene</span> 
     </span>
    </p>
   </div>
   <div class='ocr_carea' id='block_1_12' title="bbox 0 0 1654 5109">
    <p class='ocr_par' dir='ltr' id='par_1_13' title="bbox 0 0 1654 5109">
     <span class='ocr_line' id='line_1_34' title="bbox 0 0 1654 5109; baseline 0 0"><span class='ocrx_word' id='word_1_274' title='bbox 0 0 1654 5109; x_wconf 95' lang='lat' dir='ltr'> </span> 
     </span>
    </p>
   </div>
  </div>
 </body>
</html>
