3292 5109
475 309 521 356 DE
549 309 688 359 lUchllS
719 310 985 359 EchESlASTIclS
1253 292 1321 360 253

142 432 268 519 quando
285 438 318 501 ot
333 436 490 520 quomodo
514 436 596 502 haec
620 435 836 523 congregatio
859 441 935 524 agat
955 437 997 502 ad
1019 437 1244 524 praeparanda
1262 457 1320 502 ne-

141 558 228 641 gotia
251 577 311 644 pro
335 558 524 625 consistorii
547 546 776 634 celebratione,
801 561 982 628 incidenter
1002 566 1034 628 et
1057 581 1154 646 quam
1176 560 1322 627 breviter

143 683 182 750 de
206 686 308 750 variis
331 685 520 752 consistorii
543 687 711 773 speciebus
734 688 854 772 aliquid
878 688 1104 774 explicandum
1127 695 1186 754 est
1287 750 1292 761 .

231 808 309 875 205.
334 808 532 890 Hodiefere
556 831 685 898 semper
708 812 815 877 forma
837 812 1057 879 coerimoniali
1080 811 1219 878 habetur
1241 811 1320 879 con·

142 933 303 998 sistcrium
335 935 433 999 etlam
461 934 646 1001 cerretum.
677 936 759 1001 Nam
788 934 892 1002 tribus
922 936 1023 1002 modis
1055 936 1216 1004 celebrari
1239 936 1324 1001 solet

142 1056 383 1129 Consistorium
408 1076 466 1123 seu
488 1057 707 1144 distinguitur:

279 1180 311 1267 1)
336 1180 567 1248 consistorium
594 1183 768 1249 Semelam
791 1203 850 1249 seu
871 1183 1085 1258 ordinarium;

278 1303 313 1389 2)
336 1304 519 1373 Publicum
542 1327 599 1373 seu
623 1307 918 1374 extraordinarium
940 1314 996 1374 aut
1018 1308 1176 1384 solemne;

276 1430 310 1515 3)
334 1435 367 1497 et
389 1430 477 1497 aliud
500 1402 776 1515 Semipubtioum.

235 1554 467 1623 consistorium
493 1556 666 1625 cerretum
693 1565 742 1624 est
774 1560 985 1646 praecipuum
1007 1559 1178 1644 vestigium
1209 1559 1323 1625 consi-

147 1682 237 1747 storii
262 1681 338 1747 olim
362 1681 472 1756 habiti,
491 1685 524 1748 in
544 1703 606 1768 quo
629 1686 759 1771 negotia
781 1687 905 1750 maiora
928 1685 1041 1750 discuti
1065 1690 1097 1750 et
1120 1682 1247 1751 definiri
1269 1705 1321 1750 so·

145 1808 265 1877 lebant.
298 1811 391 1877 Nunc
416 1812 501 1877 enim
532 1812 661 1897 negotia
684 1810 874 1878 referuntur
896 1812 930 1875 in
953 1812 1016 1876 hoc
1040 1811 1235 1876 Consistorio
1257 1812 1321 1876 iam

149 1931 294 2011 definitam
319 1937 352 1999 in
376 1935 483 2001 debita
504 1956 584 2002 vero
607 1936 713 2001 forma
736 1940 960 2022 proponuntur
980 1935 1047 2000 aS.
1064 1935 1325 2020 Congregatione

149 2057 380 2123 Consistoriali.
417 2058 526 2133 Quare
551 2060 585 2124 in
610 2060 805 2126 Consistorio
839 2058 935 2123 hodie
968 2059 1090 2144 agitur,
1114 2058 1173 2123 sub
1195 2059 1325 2123 ratione

148 2182 254 2266 potius
280 2182 571 2268 promulgationis
585 2148 627 2248 ¹ot
650 2182 933 2269 confirmationis,
959 2182 998 2249 de
1021 2184 1186 2248 creatione
1209 2181 1322 2250 Cardi-

144 2305 275 2387 nalium,
292 2306 332 2371 de
347 2306 535 2372 Dioecesum
559 2308 733 2388 erectione,
753 2308 883 2388 unione,
902 2306 1186 2373 dismembratione
1201 2309 1234 2372 et
1249 2325 1322 2372 con·

143 2430 312 2495 troversiis
334 2429 410 2494 inde
433 2432 567 2511 exortis,
591 2451 631 2496 ac
653 2430 692 2495 de
717 2430 928 2517 electionibus
950 2435 984 2497 et
1005 2430 1258 2516 promotionibus
1282 2429 1323 2495 ad

147 2550 306 2619 beneficia
327 2554 466 2635 maiora,
491 2556 535 2620 ita
550 2560 585 2620 ut
604 2555 723 2621 Bened.
740 2556 825 2622 XIV
840 2557 873 2620 in
889 2554 998 2621 const.
1016 2556 1104 2621 Cum
1120 2574 1142 2620 a
1156 2553 1262 2630 nobis,
1279 2553 1323 2618 di·

144 2678 246 2743 serit:
269 2678 454 2744 ‹Provisio
480 2679 717 2746 consistorialis
740 2678 788 2765 (ut
814 2680 918 2763 inquit
944 2679 1117 2765 Fagnanus
1141 2698 1209 2762 cap.
1235 2677 1322 2742 Nihil

147 2819 178 2863 n.
194 2798 250 2881 29,
275 2801 322 2865 De
337 2800 518 2889 Electione)
543 2800 641 2866 habet
655 2801 720 2866 vim
736 2801 903 2866 electionis
918 2804 950 2865 et
965 2780 1218 2864 confirmationis
1233 2797 1321 2882 »(1).

145 2924 226 2989 Item
256 2931 330 3010 post
358 2926 510 2991 iudicium
541 2925 722 2991 absolutum
745 2945 765 2990 a
788 2926 820 2992 S.
844 2924 1103 3010 congregatione
1127 2923 1260 2989 Rituum
1283 2920 1326 2985 de

146 3050 239 3116 novis
262 3050 427 3117 miraculis
445 3047 549 3117 aDeo
572 3053 707 3138 patratis
729 3072 790 3138 per
812 3052 1078 3119 intercessionem
1101 3050 1237 3116 alicuius
1259 3050 1323 3114 iam

146 3175 231 3240 inter
256 3176 374 3241 Beatos
397 3176 549 3242 recensiti
566 3181 598 3241 et
612 3180 781 3263 postquam
805 3178 869 3242 iarn
891 3177 1140 3263 pronunciatum
1158 3180 1208 3243 est
1229 3194 1325 3261 posse

146 3305 214 3367 tuto
237 3300 370 3386 procedi
393 3300 434 3366 ad
457 3305 564 3367 actum
587 3303 763 3369 solemnem
786 3302 1052 3377 canonizationis,
1076 3306 1250 3388 praeterea
1263 3319 1323 3367 ex·

146 3428 289 3512 quiritur¹
318 3429 486 3494 consilium
510 3428 550 3494 ab
574 3428 719 3495 omnibus
744 3429 966 3495 cardinalibus
988 3431 1023 3495 in
1051 3427 1247 3494 consistorio
1269 3421 1325 3492 Se·

147 3556 255 3626 creto,
279 3556 388 3618 utrum
413 3552 618 3619 Canonizatio
642 3551 715 3618 dato
738 3558 884 3638 tempore
907 3553 949 3617 ait
970 3549 1166 3638 peragenda.
1191 3548 1241 3616 Ob
1265 3567 1323 3613 ne-

146 3677 233 3762 gotia
256 3676 290 3740 in
313 3676 377 3741 hoc
399 3675 597 3743 consistorio
626 3677 744 3759 relata,
769 3695 905 3760 quorum
935 3674 1092 3740 nonnulla
1114 3677 1189 3738 sunt
1211 3675 1327 3757 suapte

236 3907 276 3975 (l)
296 3905 385 3961 Hodie
404 3907 478 3961 enim
496 3906 556 3962 fera
574 3904 675 3959 nullibi
698 3905 789 3960 locum
807 3904 914 3959 habent
931 3902 1084 3959 electiones
1102 3902 1247 3957 ordinatae
1263 3902 1326 3956 iure

150 4008 338 4065 Decretalium
357 4011 505 4081 praecipue
524 4027 573 4081 per
591 4014 675 4081 capnt
696 4011 765 4071 Quia
779 4020 901 4082 propter
919 4009 954 4063 la
968 4038 981 4050 ·
998 4010 1040 4064 De
1059 4011 1195 4065 electione
1206 4007 1235 4061 X
1250 4007 1281 4078 (I,
1293 4006 1327 4077 6)

148 4116 194 4170 sed
213 4116 315 4173 electio
333 4118 367 4171 fit
380 4135 396 4171 a
409 4117 534 4172 Romano
554 4117 698 4185 pontifice,
716 4118 744 4172 vi
763 4116 984 4171 reservationum
1002 4116 1138 4172 editarum
1158 4116 1187 4168 in
1205 4112 1326 4183 Regulis

149 4220 355 4290 cancellariae;
380 4227 424 4278 ast
450 4224 601 4294 provisioni
620 4222 812 4279 Consistcriali
838 4240 982 4294 processus
1000 4223 1189 4295 inquisitionis
1208 4219 1325 4291 praeha-

149 4327 228 4383 batur
242 4334 271 4385 at
290 4330 319 4385 in
333 4330 484 4402 qualitates
502 4332 680 4401 promovendi
694 4336 723 4385 et
741 4332 768 4384 in
783 4335 886 4386 statum
907 4331 1048 4386 Ecclesiae
1061 4330 1105 4383 cui
1121 4326 1326 4399 promovendus

149 4434 310 4492 destinatur.
