3292 5109
277 290 344 357 352
796 310 881 359 raas
905 310 942 358 11.

277 451 388 497 omnes
418 432 509 499 iuxta
539 432 840 518 interpretationem
867 453 889 497 a
914 432 1072 499 iudicibus
1097 452 1296 519 expressam.
1322 467 1340 480 -
1366 431 1459 506 Quae

277 556 396 643 duplex
412 558 460 622 rei
476 557 635 623 iudicatae
650 558 710 629 vis.
726 558 790 622 alia
813 577 896 642 quae
912 556 1094 623 immediate
1109 558 1239 643 attingit
1256 554 1456 621 contenden-

275 685 335 763 tes,
351 700 408 746 seu
431 688 575 747 actorem
600 686 633 746 et
655 701 747 745 reum
771 682 804 745 iu
828 701 935 756 causa,
953 681 1064 747 etalia
1079 700 1212 765 quaese
1230 678 1394 765 protendit
1415 678 1456 743 ad

277 824 388 871 ornnes
403 803 545 873 subditos
561 806 643 892 legis
655 805 694 871 ob
707 806 931 870 auctoritatem
944 826 1056 871 rerum
1071 805 1221 872 similiter
1232 804 1458 885 iudicatarum,

276 927 372 1013 plane
396 933 614 994 consentanea
637 934 687 996 est
709 948 782 994 cum
806 927 925 1013 duplici
948 928 1108 995 elemento
1124 947 1186 1013 quo
1208 933 1357 993 constant
1380 926 1457 991 iudi·

277 1054 376 1119 ciales
396 1057 608 1138 quaestiones,
625 1076 741 1142 nempe
757 1060 789 1121 et
804 1055 900 1121 dubio
914 1054 998 1138 facti
1013 1062 1047 1124 et
1058 1055 1154 1122 dnbio
1169 1054 1266 1121 iaris.
1280 1090 1298 1102 -
1311 1055 1456 1119 Factam

277 1184 523 1246 controversum
554 1182 716 1249 sententia
737 1179 903 1248 definitum
927 1202 993 1247 non
1015 1186 1140 1268 spectat
1162 1182 1223 1247 nisi
1247 1182 1288 1246 ad
1310 1187 1456 1247 actorem

278 1309 311 1367 et
326 1323 433 1379 reum;
449 1305 502 1369 ias
514 1323 594 1368 vero
606 1302 736 1369 dubium
749 1304 911 1369 sententia
926 1306 1184 1388 interpretatum.
1197 1304 1338 1369 maxime
1351 1304 1377 1368 si
1389 1300 1459 1388 plu·

278 1424 367 1491 ribus
390 1427 558 1491 sententiis
574 1426 686 1491 eadem
702 1428 829 1491 ratione
844 1428 886 1491 sit
902 1427 1108 1511 explicatum,
1124 1427 1267 1512 pertinet
1289 1424 1330 1490 ad
1345 1445 1456 1489 omnes

278 1548 377 1629 cives,
393 1547 508 1632 quibus
523 1548 641 1614 exinde
665 1548 849 1615 declaratus
871 1549 932 1615 fuit
955 1568 1069 1615 sensus
1083 1548 1240 1615 obscurus
1254 1549 1346 1634 legis.
1362 1547 1456 1613 -Sed

278 1673 397 1758 aliquid
413 1674 543 1738 omuino
558 1673 723 1759 singulare
740 1677 837 1740 estin
853 1675 1020 1740 sententiis
1032 1674 1125 1739 editis
1139 1695 1160 1739 a
1175 1674 1206 1740 S.
1224 1674 1458 1760 congregatio·

278 1800 371 1865 nibus
395 1819 433 1865 eo
457 1801 532 1883 quia
554 1799 617 1865 hae
648 1802 842 1866 auctoritate
870 1800 994 1885 pollent
1016 1797 1251 1884 interpretandi
1281 1799 1370 1883 leges
1393 1816 1458 1862 aa·

279 1926 410 2003 aenaea
435 1932 632 2011 quapropter
662 1927 689 1991 si
720 1928 768 1992 ius
798 1925 928 1992 edicant
958 1928 992 1991 in
1019 1947 1097 1992 casu
1127 1926 1303 2012 perculiari
1331 1924 1366 1988 iu
1393 1944 1459 2008 quo

279 2049 363 2115 inest
386 2048 528 2114 clabiam
551 2048 639 2113 iuris
655 2048 930 2134 Congregationes
948 2048 982 2112 iu
1005 2049 1071 2112 suis
1086 2048 1263 2121 sententiis,
1280 2045 1455 2118 autentica,

279 2195 336 2241 seu
359 2194 423 2237 non
447 2172 665 2247 tantummodo
688 2172 894 2238 iudicialiter
917 2172 1175 2257 interpretantur
1204 2191 1333 2236 sensum
1363 2171 1459 2255 legis.

280 2300 398 2383 Utputa
422 2297 452 2362 S.
470 2297 604 2363 Concilii
621 2296 719 2382 (long.
736 2296 915 2380 explanans
931 2296 977 2383 (l)
1000 2297 1048 2360 uti
1071 2295 1193 2381 pluries
1212 2295 1299 2367 fecit,
1316 2301 1457 2360 mentem

280 2422 414 2488 Concilii
438 2421 525 2487 Trid.
550 2424 584 2485 in
608 2421 730 2487 celebri
755 2420 865 2506 Capite
888 2422 1035 2487 Tametsi
1058 2420 1098 2486 de
1120 2420 1347 2507 impedimento
1370 2418 1456 2484 deri-

279 2552 387 2612 mente
408 2547 670 2619 claudestiaatia
688 2548 857 2612 occasione
881 2547 1045 2611 cuiusdam
1068 2545 1242 2631 peculiaris
1265 2550 1456 2611 controver-

280 2672 346 2735 siae
362 2669 402 2734 de
426 2670 538 2734 valore
563 2672 643 2736 certi
667 2672 735 2734 initi
752 2672 903 2757 coniugii,
919 2668 1048 2735 videtur
1070 2688 1129 2734 sua
1146 2670 1305 2735 sententia
1320 2674 1461 2751 tangere

280 2814 391 2859 omnes
404 2792 523 2865 fideles,
538 2800 693 2877 quatenus
706 2796 841 2881 posthac
856 2796 911 2860 lex
927 2793 1130 2859 observanda
1141 2798 1191 2859 est
1205 2813 1244 2857 ac
1259 2794 1285 2859 si
1301 2811 1461 2876 expresse

280 2917 395 2999 edicat,
412 2916 442 2980 id
467 2916 549 3000 quod
567 2918 761 3001 explicatum
777 2917 840 2981 fuit
854 2917 887 2981 in
904 2918 1065 2981 sententia
1082 2915 1232 2980 iudiciali.
1250 2915 1380 2978 Revera
1395 2914 1455 2977 Be-

280 3039 426 3105 nedictus
442 3039 525 3105 XIV
549 3039 586 3103 ia
602 3040 684 3105 last.
703 3037 755 3105 80
770 3060 803 3104 a.
821 3040 864 3103 17
879 3039 961 3104 haec
977 3038 1075 3103 habet
1091 3038 1130 3103 de
1144 3038 1313 3103 sententiis
1329 3037 1458 3103 iudicia·

280 3162 363 3228 libus
379 3164 410 3229 S.
428 3162 527 3247 Cong.
545 3160 695 3228 Concilii:
716 3180 734 3225 a
751 3162 832 3226 Nam
848 3161 918 3226 illas
936 3162 1000 3227 Nos
1014 3161 1073 3245 ipsi
1090 3162 1322 3246 perspeximus,
1338 3164 1371 3225 at
1384 3159 1464 3226 ticet

279 3306 344 3371 pro
368 3294 488 3354 cacata
519 3289 633 3372 atiquo
655 3287 862 3370 particulari
885 3287 1134 3370 pronunciaiaa
1159 3283 1299 3367 fuerint,
1328 3283 1458 3369 plurimi
1551 3343 1557 3350 .

280 3418 387 3477 tamen
408 3410 575 3475 faciendae
592 3415 675 3481 sunt,
693 3410 768 3475 dum
784 3414 931 3475 ruentem
954 3408 1088 3474 Concilii
1108 3410 1365 3493 interpretantur
1389 3428 1419 3471 r.
1438 3444 1456 3455 -

281 3536 343 3601 Sed
366 3535 471 3601 obstat
493 3534 606 3600 eadem
621 3532 803 3606 difficultas,
828 3553 944 3618 nempe
966 3536 1032 3597 nou
1054 3538 1205 3597 constare
1227 3533 1268 3597 de
1291 3531 1463 3597 voluntate

371 3778 410 3849 (l)
429 3778 485 3832 lam
498 3776 699 3847 explicavimus
712 3778 854 3848 proprium
868 3794 921 3831 non
935 3795 995 3833 esse
1009 3778 1035 3831 S.
1049 3777 1304 3848 Congregationum
1314 3776 1463 3831 iudiciales

281 3885 457 3954 quaestiones
470 3882 503 3937 de
515 3900 593 3937 utero
606 3888 680 3953 sucta
694 3882 842 3946 resolvere,
853 3882 900 3937 sed
909 3885 995 3938 dubia
1007 3884 1078 3937 iuris
1091 3882 1247 3946 enucleare,
1259 3882 1299 3936 uti
1313 3882 1397 3936 habet
1407 3881 1459 3934 Fa-

284 4008 390 4060 gnanus
410 3993 438 4043 in
457 4008 515 4060 cap.
532 3990 675 4048 Quoniam.
690 4018 705 4029 -
721 3990 761 4043 Da
780 4000 863 4043 const.
883 4008 910 4043 ra
925 3990 976 4042 65.
995 3993 1065 4044 «nt
1082 3988 1109 4041 S.
1124 3988 1209 4057 Cong.
1222 3988 1277 4043 fuit
1289 3986 1460 4057 generaliter

283 4100 423 4165 assumpta
442 4112 459 4148 a
478 4094 503 4147 S.
517 4094 700 4147 Pontificibus
718 4093 752 4146 ad
770 4093 883 4148 decreta
901 4092 1006 4148 Concil.
1024 4092 1098 4146 Trid.
1117 4092 1335 4162 interpretanda,
1352 4096 1382 4146 et
1397 4106 1462 4160 pro·

283 4206 379 4269 pterea
397 4200 499 4255 decidit
517 4216 571 4253 non
591 4198 681 4253 solum
700 4216 780 4253 casus
799 4200 983 4267 particulares
1001 4203 1031 4253 et
1049 4200 1079 4253 in
1097 4203 1237 4266 concreto,
1255 4198 1303 4252 sed
1324 4202 1356 4251 ut
1373 4196 1463 4266 pluri—

284 4320 358 4357 mum
378 4306 468 4373 aperit
486 4321 582 4357 sensus
601 4306 629 4356 et
652 4306 772 4357 mentem
791 4301 817 4355 S.
837 4302 941 4373 Synodi
960 4302 1131 4372 generaliter
1149 4307 1178 4357 et
1196 4302 1226 4355 iu
1244 4302 1394 4356 abstracto.
1416 4301 1463 4355 Ea

283 4426 351 4464 aero
370 4426 440 4480 quae
460 4411 489 4462 ta
502 4414 575 4481 sacto
594 4410 750 4464 consistunt
769 4408 851 4463 reicit
868 4408 903 4461 ad
921 4408 1027 4463 ludices
1046 4407 1206 4462 Ordinarios
1225 4423 1250 4466 rr.
