3292 5109
495 258 539 305 on
563 258 702 306 ruurcns
730 260 995 310 nconnsmsrrors
1268 245 1335 312 465

245 384 320 450 361.
339 384 443 449 Hodie
458 386 641 471 praecipue,
655 386 694 451 ob
711 391 896 472 temporum
912 390 1110 457 conditiones
1126 390 1198 457 fere
1215 390 1331 477 ubique

154 512 324 578 Ecclesiae
348 514 498 598 potestati
513 512 656 586 infestas,
673 516 707 579 in
727 517 866 601 negotiis
881 518 1109 602 cuiuscumque
1126 521 1256 605 generis
1280 540 1335 587 ex-

155 641 330 728 pediendis,
354 640 549 707 adhibentur
579 642 704 708 formae
727 663 898 730 processus
930 648 1095 711 summarii
1127 648 1217 713 ouius
1249 649 1332 713 ratio

156 771 206 831 est
221 767 382 853 exigenda
403 766 444 832 ad
467 787 598 833 normas
613 770 693 835 iuris
707 770 866 837 naturalis
890 776 922 837 et
945 765 1125 856 aequitatis.
1143 773 1253 848 Quare
1277 772 1333 837 de-

154 895 300 959 vitantur
328 914 439 959 omnes
468 895 685 960 solemnitates
713 896 821 961 iudicii
845 897 1001 973 formalis,
1026 918 1107 981 quae
1131 898 1157 963 si
1181 898 1245 965 rite
1267 918 1332 963 non

155 1020 379 1093 observentur,
404 1020 560 1085 inducunt
587 1021 765 1088 nullitatem
796 1026 897 1089 actus.
925 1060 942 1071 -
969 1024 1128 1098 Quantum
1152 1044 1232 1089 vero
1257 1044 1332 1090 con·

155 1146 382 1214 venientium
405 1148 623 1214 ecclesiastico
647 1148 772 1214 formae
792 1150 991 1235 procedendi
1015 1132 1330 1227 summariaesdocet

153 1274 266 1361 praxis
289 1275 401 1339 curiae
417 1293 570 1339 romanae
593 1276 627 1339 in
648 1266 714 1358 tque
737 1276 926 1359 iampridem
944 1270 1120 1343 Pontifices
1135 1282 1328 1359 statuerunt,

154 1423 325 1489 processus
348 1400 564 1469 conficiendos
587 1422 659 1468 esse
674 1402 780 1467 forme
794 1404 978 1477 summarie,
996 1404 1128 1473 adeunt
1146 1424 1212 1469 non
1227 1408 1327 1470 atten-

155 1528 312 1595 derentur
327 1531 534 1615 exceptiones
550 1529 714 1602 nuditatis,
730 1531 790 1594 nisi
807 1522 1000 1613 en'defectu
1016 1531 1191 1605 citationis,
1210 1550 1255 1597 esc
1270 1530 1330 1597 de-

153 1651 245 1734 fectu
267 1653 518 1737 iurisdictionis,
543 1672 589 1720 en
612 1653 745 1737 defectu
767 1652 933 1719 mandati.
953 1690 970 1702 -
989 1656 1055 1721 Ista
1076 1655 1160 1719 enim
1177 1658 1330 1739 expostu-

153 1780 265 1845 lentur
287 1801 329 1845 ex
352 1782 423 1845 iure
441 1783 591 1853 naturae,
616 1779 771 1863 siquidem
788 1780 858 1847 sine
875 1781 1027 1845 citatione
1043 1800 1109 1843 non
1129 1781 1331 1846 instauratur

154 1904 321 1980 contentio
345 1904 533 1987 iudicialis5
555 1904 625 1969 sine
649 1904 870 1969 iurisdictione
886 1924 951 1969 non
967 1904 1105 1971 habetur
1127 1906 1235 1971 indere
1241 1926 1255 1989 ;
1279 1906 1330 1971 de·

153 2029 283 2096 ficiente
300 2031 458 2104 mandato,
477 2033 738 2115 quotiescumque
761 2033 831 2115 quis
852 2034 919 2118 agit
934 2033 1063 2098 nemine
1079 2033 1222 2107 alterius,
1241 2032 1329 2098 deest

153 2157 206 2220 vel
229 2162 325 2225 actor
347 2156 399 2221 vel
422 2176 512 2223 reus.
539 2192 556 2205 ·
582 2157 731 2223 Clemens
753 2158 839 2222 VllI
864 2156 1058 2223 confirmans
1082 2178 1213 2223 suorum
1237 2178 1329 2244 prae·

154 2283 358 2349 decessorum
373 2283 626 2357 constitutiones,
643 2284 727 2350 haec
742 2284 903 2351 stutuebat
919 2304 977 2369 pro
994 2285 1086 2349 curia
1102 2302 1245 2364 romena,
1264 2284 1326 2348 Lit-

153 2410 232 2473 teris
256 2447 273 2456 -
289 2409 417 2475 Litium
432 2410 619 2493 dispendiis
636 2445 653 2459 -
679 2409 734 2475 die
751 2410 773 2475 9
789 2410 866 2476 Feb.
884 2408 996 2475 1593:
1017 2429 1035 2473 e
1053 2408 1180 2474 Litium
1196 2408 1329 2492 dispen-

154 2531 220 2596 diis
241 2537 272 2597 et
294 2532 494 2618 ambaqibus
514 2534 717 2617 praesertim
740 2533 830 2599 inter
848 2552 1017 2616 personas
1045 2550 1149 2597 curae
1172 2536 1203 2597 et
1225 2531 1326 2597 iuris-

154 2656 292 2724 dictioni
320 2663 458 2724 nostrae
487 2657 590 2723 etiam
617 2658 654 2722 in
678 2656 922 2740 temporalibus
943 2656 1108 2723 subiectas
1138 2675 1325 2729 occurrere,

153 2786 379 2869 quantumin
401 2785 498 2852 nobis
521 2791 577 2866 est,
602 2786 793 2869 eripientes:
847 2835 851 2849 .

239 2912 261 2993 ἓ
286 2913 315 2976 l.
342 2910 512 2977 Statutum
534 2912 589 2996 fel.
607 2933 672 2978 reo.
690 2912 746 2978 Pii
760 2914 881 2995 Papae
896 2912 950 2977 IV
968 2911 1243 2995 praedecessoris
1263 2930 1326 2978 no·

151 3038 222 3109 stri,
239 3058 282 3104 ne
304 3036 438 3105 Radices
454 3038 575 3106 Aleuae
597 3039 694 3106 Urbis
716 3040 889 3105 multitales
908 3039 1085 3104 attendant
1106 3038 1173 3104 nisi
1196 3056 1241 3103 em
1265 3038 1327 3103 de-

151 3165 240 3247 fectu
271 3164 446 3237 citationis,
470 3164 713 3230 iurisdictionis
740 3168 771 3228 et
792 3163 959 3238 mandati,
983 3163 1044 3229 sed
1074 3163 1140 3229 illis
1170 3180 1240 3227 non
1264 3162 1325 3228 ab·

151 3286 315 3353 stantibus
338 3288 385 3352 ad
399 3288 650 3369 empeditionem
666 3306 851 3354 causarum
872 3288 1072 3369 procedant,
1091 3287 1137 3351 ad
1160 3304 1277 3351 omnes
1293 3290 1325 3350 et

152 3434 379 3499 quosdamque
409 3413 537 3479 iudices
567 3414 762 3480 ordinarios
785 3420 817 3479 et
840 3414 1019 3499 detepatos,
1043 3412 1265 3499 maqistratus
1293 3418 1324 3477 et

152 3537 308 3621 officiales
324 3538 361 3601 in
376 3536 700 3621 quibusvis,rlitianis
715 3541 853 3602 nostrae
869 3536 1066 3617 temporalis
1082 3535 1326 3603 ecclesiastieae

149 3664 333 3748 prouinciis
356 3669 387 3728 et
409 3662 607 3743 ciuitatibus,
626 3662 735 3736 terris,
753 3660 897 3744 oppidis,
919 3664 951 3725 et
974 3659 1054 3725 lacis
1074 3680 1325 3745 quamcumque

151 3789 415 3888 iurisdietionem
439 3794 633 3854 exercentes
655 3794 686 3853 et
709 3788 873 3873 diqnitate
894 3787 1086 3873 sunqentes,
1113 3786 1176 3853 trac
1204 3793 1324 3854 nostra

149 3919 310 3996 perpetuo
345 3912 495 3978 valitura
525 3912 758 3978 constitutione
789 3910 1003 3977 entendimus
1018 3919 1020 3925 ’
1035 3916 1065 3975 et
1098 3910 1321 3993 ampliamus,

151 4043 250 4123 atque
271 4038 310 4103 in
332 4054 544 4121 quorumque
567 4034 731 4101 tribunali
758 4039 817 4099 aut
848 4036 945 4101 maria
971 4034 1143 4101 saeculari
1166 4042 1197 4101 et
1220 4038 1322 4103 ecele-

150 4159 284 4226 siastica
306 4159 451 4245 firmiter
473 4163 504 4223 et
526 4158 686 4224 inviolate
708 4158 851 4233 seruari,

236 4282 312 4365 §2
338 4282 460 4366 Sisque
483 4287 606 4347 elnon
629 4281 729 4347 aliter
743 4278 820 4367 (per
843 4301 1073 4367 quoscumque
1098 4302 1142 4349 en
1165 4282 1249 4365 ipsis
1265 4281 1322 4348 Iu-

150 4406 276 4473 dinibus
303 4404 405 4497 etiam
435 4424 619 4472 causarum
643 4405 771 4471 Palatii
793 4405 978 4489 Apostolici
1001 4406 1194 4483 Auditum,
1220 4407 1322 4473 etium

291 4531 351 4584 Suc.
370 4530 448 4600 Leqa
1146 4530 1181 4586 30
