3292 5109
325 230 392 296 544
749 249 858 298 mosa
880 249 1084 298 sruorrrous

323 371 366 424 57.
387 371 427 426 Ex
446 369 490 424 his
509 370 635 426 nonnulli
654 370 805 442 collegium
824 372 979 427 efformaut.
999 370 1210 426 Nobilissimum
1228 370 1379 442 collegium

431 477 636 530 Advocatorum
663 475 912 532 consistorialium.
940 475 980 532 De
1008 475 1130 546 collegio
1158 474 1379 531 Sollicitatorum

431 584 560 638 Datarlaa
579 587 609 640 et
627 583 819 640 cancellariae
839 583 927 654 vulgo
949 584 1155 654 Spedizionieri
1190 624 1198 637 .
1234 623 1243 636 .
1279 623 1287 637 .
1322 621 1332 638 .
1366 599 1432 655 pap.
1468 584 1507 638 53

322 691 365 745 58.
386 689 519 746 Nonnulli
539 691 672 746 eiusmodi
692 707 807 746 munera
826 691 959 747 exercent
976 691 1006 744 in
1025 691 1167 761 publicum
1185 690 1333 748 officium.
1371 731 1378 744 .
1415 706 1434 748 »
1468 693 1507 746 54

322 796 365 850 59.
386 795 425 851 De
445 795 527 850 Modo
546 811 600 868 quo
613 795 740 851 advocati
754 800 783 851 et
796 796 906 866 patroni
919 813 969 852 seu
982 798 1176 867 procuratores
1193 813 1274 850 suum
1292 796 1379 850 inter·

333 947 336 954 .
430 906 537 970 ponunt
555 900 688 968 officium;
707 905 736 956 et
755 902 903 971 praecipue
916 899 951 956 de
964 900 1073 956 ratione
1089 901 1228 956 scribendi
1241 900 1317 958 etde
1333 902 1378 955 in·

346 979 350 988 ι
430 1007 596 1062 formatione
615 1010 746 1062 oretenus
763 1008 840 1062 lacta
876 1042 1373 1064 ............
1411 1023 1428 1061 r
1463 1007 1503 1062 55

571 1205 589 1265 ἓ
608 1199 634 1254 3.
654 1201 696 1254 De
715 1204 899 1271 competentia
922 1200 1085 1254 Tribunatu
1103 1200 1131 1254 S.
1150 1201 1247 1254 Rotae.
1323 1245 1331 1277 ,

322 1378 365 1432 60.
385 1377 517 1439 Quamvis
535 1377 661 1446 singulas
682 1395 779 1431 causas
803 1377 857 1431 hoc
881 1376 1006 1430 tribunal
1030 1393 1066 1432 ex
1089 1377 1283 1432 commissione
1308 1377 1378 1430 indi·

429 1491 512 1552 caret,
542 1490 636 1539 tamen
665 1487 804 1556 propriam
831 1485 954 1540 obtinuit
982 1485 1198 1555 competentiam
1226 1485 1261 1539 ab
1289 1439 1377 1558 ballue

1332 1567 1339 1598 l

429 1611 529 1648 causae
548 1592 706 1646 criminales
725 1592 856 1647 exclusae
874 1598 939 1646 sunt
967 1631 1329 1646 .........
1361 1611 1430 1663 pap.
1466 1593 1505 1647 58

320 1700 364 1754 61.
385 1699 530 1754 Ordinario
549 1705 592 1754 est
610 1700 733 1754 tribuual
752 1699 950 1770 appellationis
968 1700 1015 1754 sed
1034 1699 1184 1770 aliquando
1208 1699 1293 1753 etiam
1318 1676 1376 1789 ppl-

428 1778 491 1864 ulae
510 1810 662 1864 instantiae
699 1847 1376 1864 ................
1412 1823 1431 1865 »
1460 1808 1500 1863 ibi

321 1914 364 1968 62.
385 1915 551 1971 Benedictus
571 1915 644 1984 XIV,
663 1916 756 1970 Consi.
775 1917 901 1972 Iustitiae
920 1927 946 1971 et
961 1919 1050 1988 pacis,
1074 1915 1273 1970 determinavit
1289 1932 1377 1986 quae·

427 2041 492 2077 nam
512 2029 604 2080 essent
623 2042 722 2080 causae
748 2025 861 2093 roteles,
885 2025 1017 2078 nimirum
1041 2024 1108 2079 lruic
1130 2023 1276 2078 'l'ribunali
1302 2040 1376 2078 com·

428 2131 580 2188 mittendae
611 2169 1374 2186 ..................
1411 2144 1429 2186 a
1465 2131 1504 2185 59

320 2235 364 2290 63.
383 2237 413 2291 ln
433 2237 485 2291 hac
504 2241 665 2294 recensione
683 2258 829 2295 causarum
848 2221 988 2307 rotellum,
1007 2220 1162 2294 attenditur
1173 2254 1284 2310 quoque
1296 2237 1376 2292 valor

428 2361 573 2398 causarum
597 2347 780 2414 pecuniarina,
800 2347 840 2401 uti
863 2346 936 2400 ratio
959 2345 1208 2400 determinationis.
1234 2344 1308 2399 llaec
1331 2347 1375 2398 ist

427 2449 532 2519 species
551 2450 790 2506 determinationis
808 2453 917 2506 ratione
936 2453 1035 2506 obiecti
1053 2489 1372 2505 ........
1409 2464 1427 2506 a
1462 2449 1497 2504 61

320 2555 363 2606 64.
383 2553 474 2608 Codex
494 2554 575 2622 Greg.
589 2555 664 2620 XVI,
683 2559 740 2608 iam
759 2561 812 2621 cit,
831 2555 921 2626 quoad
940 2560 1031 2610 certas
1049 2571 1148 2609 causas
1166 2554 1219 2609 hoc
1238 2523 1372 2609 Tribunh

427 2659 521 2712 effecit
539 2659 677 2714 ordinarie
697 2665 864 2730 competens,
883 2661 951 2732 quin
969 2661 1170 2714 commissionis
1188 2642 1373 2715 intercederdt

428 2765 590 2832 rescriptum
610 2805 1372 2820 ..................
1410 2781 1429 2825 a
1464 2767 1503 2821 62

321 2873 363 2926 65.
384 2872 454 2933 Quia
472 2871 622 2943 aliquando
642 2873 730 2927 Rotae
756 2875 942 2928 committitur
967 2892 1051 2928 carisa
1076 2891 1131 2929 uon
1153 2874 1187 2928 ad
1211 2878 1375 2931 sententiam

426 2980 568 3035 terendam
587 2979 635 3032 sed
654 2979 687 3032 ad
706 2979 826 3033 dandum
848 2991 948 3047 cotum,
967 2981 1112 3052 quaeritur
1129 2997 1267 3052 quaenam
1282 2983 1375 3036 sitris

427 3085 509 3140 huius
528 3086 585 3138 voti
608 3123 1373 3142 ..................
1409 3103 1428 3144 »
1463 3086 1504 3143 63

528 3283 545 3344 5
565 3277 589 3332 4.
611 3281 652 3334 Dc
670 3283 752 3335 modo
770 3282 943 3350 procedendi
969 3279 1130 3334 Tribunclis
1150 3280 1178 3334 S.
1197 3279 1293 3348 Rotae.

321 3455 365 3508 66.
386 3454 465 3510 Unus
484 3473 518 3509 ex
538 3455 726 3523 Auditoribus,
745 3457 792 3528 qui
811 3456 913 3510 dicitur
926 3457 1044 3523 Peneus,
1057 3455 1128 3526 apud
1140 3471 1224 3526 quem
1239 3455 1374 3509 instantia

427 3561 620 3628 introducitur,
640 3567 682 3617 est
701 3579 800 3616 causae
819 3563 971 3616 instructor
1006 3600 1325 3615 ........
1372 3579 1427 3630 req.
1463 3561 1501 3614 64

319 3665 361 3718 67.
382 3665 524 3726 Quomodo
543 3666 690 3719 instructio
709 3667 759 3720 liat
786 3703 1372 3719 ..............
1409 3678 1427 3722 ›
1463 3663 1504 3718 65

319 3773 362 3826 66.
383 3772 453 3826 Litis
472 3774 639 3827 contestatio
652 3775 683 3826 fit
698 3789 745 3843 per
758 3773 841 3827 dubia
853 3773 926 3842 apud
939 3773 1094 3827 Ponentem
1106 3771 1280 3835 concordatm
1300 3771 1373 3842 quod

427 3875 449 3928 si
469 3885 562 3944 partes
581 3891 634 3930 non
648 3876 815 3930 conveniant
829 3875 858 3929 in
876 3875 1060 3944 proponendis
1079 3874 1177 3944 dubiis,
1197 3872 1375 3929 concordatio

427 3978 579 4036 remittitur
597 3983 632 4036 ad
650 3983 879 4038 deliberationem
898 3984 1037 4038 Auditorii
1054 4022 1372 4037 ........
1411 3998 1428 4040 »
1464 3982 1505 4036 66

318 4091 361 4146 69.
384 4089 421 4145 lle
441 4087 567 4142 formulis
585 4088 740 4155 dubiorum,
761 4089 909 4158 praecipue
927 4104 962 4142 ex
981 4087 1045 4143 Cod.
1064 4087 1146 4158 Greg.
1167 4087 1232 4142 XVI
1275 4126 1282 4140 .
1320 4128 1326 4140 .
1364 4126 1371 4140 .
1411 4102 1429 4145 >
1464 4087 1500 4140 67

318 4196 361 4248 70.
383 4195 421 4249 De
447 4195 657 4248 determinanda
680 4195 724 4249 die
750 4194 945 4265 propositionis
969 4211 1077 4260 causae,
1096 4195 1130 4250 de
1154 4195 1251 4249 diebus
1274 4194 1374 4264 quibus

427 4300 500 4354 Rota
519 4299 638 4354 babetur
656 4305 685 4355 et
703 4301 736 4355 de
755 4300 948 4355 vacationibus
967 4299 1149 4355 Auditoribus
1167 4299 1328 4355 concessis.
1365 4337 1375 4354 .
1410 4313 1429 4357 >
1464 4299 1502 4352 68
