3292 5109
513 324 558 372 nr
581 323 720 373 ronrcns
744 320 1011 370 sconssmsmcrs
1304 301 1353 369 53

174 450 230 518 alii
258 451 395 525 similes;
419 469 459 515 ac
487 450 582 514 etiam
605 449 775 533 Principes
799 452 832 513 et
854 448 1023 534 Magnetes
1044 451 1142 531 atque
1166 447 1352 513 Communi·

173 579 269 651 tates,
293 577 490 657 istarumque
512 590 595 657 pene
617 568 760 637 infinitus
783 576 833 636 est
854 590 1025 648 numerus;
1049 576 1145 655 atque
1160 570 1202 636 ab
1217 572 1264 637 eis
1280 590 1354 657 per·

171 703 279 788 agitur
301 701 405 765 maior
427 718 504 784 pars
526 700 730 783 negotiorum
754 697 886 781 quaein
904 696 1009 762 forma
1032 695 1268 762 extraiudiciali
1289 716 1350 781 pro

171 828 285 895 maiori
308 830 401 912 parte
425 843 485 909 per
507 822 594 887 viam
616 822 796 907 supplicum
818 820 1002 887 libellorum
1032 840 1090 887 seu
1116 821 1352 886 memorialium

171 956 374 1039 peraguntur
388 950 421 1015 iu
438 948 547 1015 Sacris
568 946 879 1033 Congregationibus
902 944 1119 1012 cardinalitiis
1141 952 1239 1012 etc.»
1259 946 1349 1012 Haeo

168 1076 364 1142 adamussim
380 1073 475 1139 hodie
492 1073 588 1139 etiam
605 1072 790 1159 Apeatibus
814 1073 1028 1149 conveniunt3
1049 1074 1102 1157 qui
1125 1074 1262 1160 proinde
1277 1078 1353 1139 sunt

128 1174 133 1185 ⁴
167 1203 295 1289 species
316 1204 563 1287 procuratorum
580 1198 621 1265 ad
637 1200 765 1285 negotia
781 1200 908 1265 minora
923 1194 1182 1266 eximiudicialia
1198 1204 1231 1265 et
1245 1198 1350 1284 quoad

170 1327 295 1389 maiora
318 1325 387 1389 sive
410 1320 571 1387 iudicialis
586 1322 654 1385 sive
671 1320 938 1402 extraiudicialia,
951 1312 1135 1385 mandatum
1158 1321 1281 1388 habent
1302 1322 1350 1387 iu·

169 1446 326 1535 vigilandi
349 1451 385 1513 ut
408 1444 543 1511 meliore
565 1443 657 1510 modo
681 1445 895 1531 expediantur
910 1444 967 1531 (l).

260 1568 313 1634 57.
340 1568 409 1631 Iam
432 1564 592 1629 innuimus
615 1564 648 1644 ip
673 1565 764 1631 curia
793 1585 813 1629 a
844 1570 969 1631 remota
1002 1570 1109 1630 aetate
1143 1566 1351 1631 constitutum

167 1691 271 1758 fuisse
293 1691 465 1776 collegium
490 1688 704 1762 Notariorum,
722 1696 754 1756 et
776 1690 863 1756 aliud
886 1690 1138 1757 Sollicitatorum
1160 1710 1219 1756 seu
1242 1690 1349 1775 Expe-

165 1814 311 1881 ditorum
328 1815 480 1881 Datariae
494 1825 527 1881 et
543 1814 781 1891 Cancellariae;
805 1815 987 1881 huiusmodi
1010 1815 1156 1901 collegiis
1170 1834 1250 1879 vero
1273 1816 1348 1881 iura

166 1947 202 2007 et
223 1943 399 2028 privilegia
421 1947 618 2028 competunt.

261 2068 373 2153 Longe
403 2065 632 2133 nobilissimum
656 2072 705 2133 est
731 2066 903 2151 collegium
927 2066 1251 2133 Protbonotariorum
1274 2086 1350 2133 con·

166 2192 315 2257 stitutum
331 2210 375 2257 ex
391 2190 556 2257 duodecim
574 2192 744 2264 Praelatis,
762 2192 815 2275 qui
840 2192 998 2277 originem
1022 2198 1173 2277 repetunt
1187 2212 1208 2255 a
1222 2197 1347 2278 septem

167 2316 317 2398 notariis,
333 2335 412 2401 quos
440 2317 589 2383 Clemens
612 2318 626 2381 I
651 2316 684 2378 in
709 2314 795 2381 Urbe
819 2315 983 2380 constituit
1005 2319 1041 2379 ut
1063 2320 1137 2381 acta
1166 2320 1348 2403 martyrum

164 2437 364 2503 scriberent.
402 2438 542 2503 Proinde
566 2440 699 2504 istorum
727 2439 935 2525 praecipuum
959 2459 1074 2503 munus
1097 2444 1147 2506 est
1169 2439 1203 2504 in
1225 2458 1354 2525 proces·

165 2562 259 2629 sibus
282 2559 489 2629 conficiendis
511 2582 610 2647 super
632 2564 874 2628 canonizatione
898 2564 1072 2630 Beatorom
1094 2571 1150 2630 aut
1173 2564 1349 2631 Servorum

167 2686 229 2753 Dei
254 2685 499 2752 beatificatione.
530 2686 708 2773 Collegium
733 2688 1059 2755 Prothonotariorum
1086 2691 1255 2776 privilegio
1277 2691 1351 2757 iru-

165 2814 236 2881 itur
267 2812 456 2879 conferendi
491 2812 612 2899 gradm
646 2814 832 2879 doctoratus
855 2820 888 2882 et
910 2815 1030 2881 incedit
1060 2818 1092 2881 in
1116 2817 1252 2902 publicis
1275 2816 1351 2883 fuu-

166 2934 333 3001 ctionibus
355 2940 432 2999 ante
455 2934 626 3022 collegium
643 2936 673 3003 S.
695 2938 797 3002 Rotae
820 2942 854 3003 et
877 2937 1076 3003 Glerioorum
1095 2937 1262 3004 Gamerae.

262 3062 354 3125 Inter
376 3059 550 3127 advocatos
573 3061 618 3125 illi
644 3062 908 3147 praestantissimi
932 3061 1093 3127 habentur
1116 3064 1169 3145 qui
1188 3060 1351 3128 concisto-

128 3170 132 3177 ’
168 3186 271 3251 riales
295 3184 500 3271 appellantur
523 3190 555 3251 et
578 3186 745 3251 duodecim
768 3193 844 3252 sunt
867 3189 898 3251 in
923 3188 1094 3272 collegium
1116 3187 1350 3262 coalescentes;

166 3328 308 3393 quorum
334 3329 451 3374 nomen
473 3316 585 3395 aperte
608 3310 767 3395 originem
784 3314 816 3374 et
831 3312 971 3396 speciale
986 3309 1170 3378 mandatum
1187 3311 1351 3397 exprimit,

169 3434 324 3498 nimirum
357 3454 470 3500 causas
500 3434 674 3520 perorandi
709 3454 819 3501 coram
856 3433 1033 3517 Pontifice‚
1061 3442 1095 3502 et
1131 3437 1355 3504 cardinalibus

166 3556 204 3619 in
230 3556 461 3622 consistorium
491 3557 631 3623 adscitis.
666 3556 768 3624 Hodie
803 3564 919 3646 quippe
943 3562 1143 3627 contentiosa
1165 3562 1295 3646 negotia
1317 3561 1352 3627 in

166 3679 371 3747 Consistoiio
394 3700 457 3745 non
485 3686 677 3753 tractantur.
703 3683 793 3747 hisce
818 3684 993 3749 Advocatis
1017 3690 1221 3749 reservatum
1244 3689 1294 3749 est
1316 3686 1350 3750 iu

167 3802 286 3868 eodem
309 3822 424 3868 causas
446 3822 602 3887 perorare
619 3804 794 3871 Servorum
811 3807 867 3871 Dei
886 3808 992 3872 Beatis
1009 3814 1064 3873 aut
1088 3807 1215 3873 Sanctis
1234 3806 1354 3873 adscri-

167 3925 352 3993 bendorum
364 3932 420 3993 aut
431 3927 528 4014 pallia
539 3930 711 4014 postulare.
720 3966 736 3977 -
748 3931 814 3994 Pro
827 3934 988 4017 gravitate
1000 3931 1181 3998 huiusmodi
1195 3932 1353 4006 muneris.

199 4176 202 4181 ,
267 4120 308 4193 (l)
327 4120 415 4176 Nemo
428 4139 481 4176 nou
494 4122 571 4177 videt
582 4122 678 4193 quanti
692 4123 803 4178 intersit
819 4124 1025 4193 Episcoporum,
1038 4124 1213 4196 aliorumque
1233 4126 1356 4180 omnium

167 4223 221 4294 qui
233 4226 348 4295 negotia
361 4225 464 4281 babent
476 4228 546 4297 apud
567 4230 673 4281 citriam
689 4228 868 4295 expedienda,
878 4230 1008 4284 solertem
1022 4230 1193 4285 constituere
1207 4234 1353 4303 Apamam,

169 4346 191 4382 a
211 4331 289 4385 cuins
307 4330 454 4402 diligentia
472 4336 500 4389 in
519 4335 692 4390 declarandis
717 4338 874 4408 praecipue
892 4339 1029 4391 factorum
1054 4337 1193 4392 adiunctis
1211 4342 1290 4394 recta
1308 4355 1360 4395 ns·
1378 4338 1381 4340 ’

170 4436 244 4505 gotii
262 4436 389 4492 definitio
407 4442 437 4493 ct
457 4440 587 4495 tractatio
606 4434 755 4511 aliquando
778 4446 821 4495 est
840 4413 999 4510 repetenda
