3292 5109
269 256 337 322 322
787 269 874 319 rans
898 271 935 317 ιι.

268 397 378 463 hibitis
402 416 458 461 seu
482 397 656 462 reservatis
679 400 712 459 et
735 396 880 480 exceptis
896 416 926 460 ›.
947 396 991 462 Et
1011 394 1075 460 hoc
1098 414 1178 480 prae
1202 394 1305 459 oculis
1326 392 1453 458 habere

269 520 388 587 debent
409 519 450 585 ad
475 520 759 585 Poenitentiariam
787 525 997 585 recurrentes
1024 520 1132 604 quisi
1160 538 1270 585 casum
1298 520 1331 583 in
1356 518 1454 583 Bulla

269 644 393 711 Pastor
412 644 530 711 Bonus
554 653 617 707 non
633 641 765 707 videant
780 662 980 727 expressum,
997 647 1106 708 tamen
1121 662 1299 708 recurrere
1315 646 1452 728 possunt

269 766 309 831 ad
334 766 623 869 poenitentiarium
646 766 698 849 qui
723 784 743 829 a
767 762 924 829 Pontifice
944 764 1139 852 impetrabit,
1156 767 1184 830 si
1209 764 1368 850 expediat,
1393 782 1453 827 ne·

270 894 428 958 cessarias
452 894 486 956 in
510 912 586 957 casu
610 890 789 955 facultates.
808 890 907 955 Nemo
926 910 991 955 non
1014 890 1102 955 videt
1125 910 1221 975 quam
1244 889 1308 955 hoc
1332 910 1453 976 oppor-

268 1021 380 1083 tunum
406 1019 455 1089 sit,
480 1016 644 1081 nonnullis
666 1016 700 1078 in
724 1013 851 1080 casibus
880 1013 994 1097 quibus
1021 1013 1061 1079 ad
1092 1015 1157 1079 alia
1182 1012 1299 1081 Officia
1322 1016 1375 1081 vel
1405 1014 1450 1081 ad

270 1141 545 1228 Congregationes
569 1140 697 1203 recurri
720 1137 864 1211 deberet,
892 1158 1028 1223 quorum
1050 1144 1161 1203 tamen
1183 1138 1290 1223 stylus
1316 1139 1454 1223 gravior

270 1272 302 1331 et
326 1263 490 1331 difficilior
512 1270 589 1329 tunc
612 1263 778 1331 euaderet.

403 1391 436 1475 2)
461 1392 500 1456 In
519 1391 607 1455 bulla
629 1390 843 1456 diversimode
866 1390 962 1456 datur
985 1388 1192 1474 dispensandi
1208 1396 1240 1454 et
1259 1389 1450 1455 absolvendi

268 1514 415 1581 facultas.
450 1516 612 1601 Siquidem
635 1516 698 1580 hoc
721 1516 861 1580 maxime
885 1516 1021 1582 interest
1050 1518 1138 1580 inter
1160 1514 1394 1609 absolutionem
1416 1522 1454 1579 et

270 1636 549 1722 dispensationem,
574 1636 657 1721 quod
681 1636 853 1703 absolvere
878 1641 936 1709 est,
954 1638 1045 1701 iuxta
1066 1635 1148 1722 legis
1171 1635 1379 1709 voluntatem,
1397 1656 1453 1701 au·

268 1762 360 1829 ferre
383 1781 402 1827 a
426 1760 571 1827 fidelibus
594 1761 722 1845 aliquod
745 1761 910 1827 vinculum
941 1760 1086 1845 poenale,
1111 1766 1144 1825 et
1166 1759 1368 1842 dispensare
1391 1765 1452 1834 est,

270 1895 384 1955 contra
407 1889 512 1974 legem
537 1906 747 1968 communem,
764 1887 897 1951 irritare
918 1887 951 1950 in
967 1906 1044 1951 casu
1068 1886 1269 1971 particulari,
1287 1885 1352 1951 vim
1367 1886 1453 1971 legis

270 2014 495 2101 prohibentem
517 2010 644 2079 fidelem
668 2013 708 2078 ab
732 2013 839 2096 aliquo
863 2018 948 2078 actu.

404 2136 438 2222 3)
470 2134 611 2200 Proinde
645 2136 796 2219 competit
834 2134 1108 2217 Boenitentiariae
1142 2135 1344 2217 dispensare
1377 2139 1453 2199 tan-

269 2238 437 2321 tummodo
454 2276 513 2341 pro
537 2255 662 2323 casibus
685 2255 818 2321 occultis
842 2276 900 2321 seu
915 2254 956 2320 ad
979 2256 1087 2321 forum
1110 2260 1284 2321 externum
1299 2255 1353 2321 vel
1377 2276 1453 2321 con·

269 2382 441 2447 tentiosum
457 2400 522 2445 non
537 2381 682 2447 deductis
704 2401 766 2446 nec
789 2380 993 2446 deducendis.
1013 2416 1031 2429 -
1049 2382 1176 2447 Verum
1197 2380 1250 2446 fas
1273 2386 1322 2445 est
1345 2380 1454 2447 absol·

269 2523 349 2571 vere
372 2506 405 2570 in
429 2506 576 2570 omnibus
599 2505 725 2570 casibus
748 2506 817 2570 sive
841 2505 977 2570 occultis
999 2506 1069 2569 sive
1091 2504 1237 2590 publicis,
1263 2507 1339 2589 quia
1361 2476 1469 2570 31)οοῖ

268 2632 349 2699 lutio
371 2635 490 2729 natura
513 2634 571 2697 sua
593 2632 735 2717 pertinet
757 2632 790 2696 in
813 2632 928 2715 primis
950 2630 992 2695 ad
1014 2630 1122 2696 forum
1146 2633 1373 2706 conscientiae,
1394 2630 1455 2698 sed

270 2778 344 2824 cum
373 2757 437 2823 hoo
467 2758 651 2823 discrimine
682 2757 785 2841 quoad
810 2756 1053 2830 absolutionem,
1079 2760 1115 2821 ut
1145 2754 1302 2823 absolutio
1333 2758 1368 2821 in
1396 2776 1453 2821 ca·

270 2881 357 2948 sibus
379 2882 514 2948 occultis
536 2880 733 2947 concedatur
755 2900 815 2967 per
839 2880 1066 2955 confessarios,
1090 2881 1126 2945 in
1150 2880 1287 2965 publicis
1308 2900 1369 2967 per
1390 2879 1454 2946 Or·

270 3004 422 3071 dinarios.
447 3004 548 3072 Gavet
570 3026 649 3071 vero
666 3005 822 3071 Pontifex
845 3004 941 3088 §6‹
960 3054 1059 3068 ......
1075 3002 1247 3069 absolvere
1272 3010 1304 3070 et
1326 3004 1452 3070 absolui

269 3129 426 3195 mandare
449 3132 547 3215 possit
570 3137 603 3195 et
624 3130 749 3196 valeat:
774 3130 957 3216 Regulares
980 3129 1134 3194 nimirum
1157 3150 1177 3192 a
1196 3129 1300 3214 culpis
1323 3134 1356 3194 et
1378 3150 1454 3194 cen·

270 3256 355 3320 suris
382 3256 415 3318 in
442 3254 514 3319 foro
537 3255 754 3320 conscientiae
776 3260 920 3330 tantum;
943 3252 1072 3319 eosdem
1095 3273 1176 3317 vero
1204 3254 1452 3319 Ecclesiasticus

270 3377 456 3443 saeculares
482 3396 544 3441 nec
571 3396 636 3441 non
666 3377 766 3442 laicos
788 3382 867 3443 tuuc
890 3377 924 3441 in
952 3381 1090 3460 utroque
1121 3376 1193 3440 soro
1224 3376 1396 3441 absolvere
1419 3380 1453 3441 et

270 3500 393 3565 absolvi
424 3500 579 3565 mandare
611 3501 727 3585 possit;
758 3499 886 3586 quando
915 3501 1025 3585 agitur
1058 3499 1098 3565 de
1133 3500 1280 3565 censuris
1314 3498 1452 3585 publicis

270 3626 345 3692 latis
367 3644 390 3691 a
411 3626 488 3691 iure
511 3625 703 3710 praesertim
727 3624 803 3690 Sedi
825 3624 1032 3708 Apostolicae
1055 3626 1245 3704 reservatis,
1271 3625 1369 3689 etiam
1391 3644 1453 3688 no-

270 3753 414 3817 minatim
438 3752 629 3823 declaratis.
656 3750 710 3816 vel
737 3750 763 3814 si
791 3750 900 3835 agitur
926 3749 966 3814 de
991 3749 1066 3816 latis
1093 3751 1298 3816 nominatim
1324 3750 1368 3818 ab
1392 3751 1452 3817 bo·

268 3877 377 3951 mine,
408 3881 487 3941 tunc
510 3873 636 3960 quando
667 3872 806 3958 delegati
836 3871 891 3936 vel
921 3872 1056 3937 alterius
1085 3871 1199 3939 iudicis
1227 3892 1248 3937 a
1279 3894 1343 3959 quo
1365 3874 1452 3939 latae

269 3996 419 4089 fuerunt,
435 3996 614 4063 iurisdictio
634 3994 812 4081 expiravit;
833 4014 891 4059 seu
914 3992 1042 4076 quando
1057 3992 1217 4061 absolutio
1239 4016 1300 4081 per
1323 3996 1453 4061 eosdem

269 4122 390 4188 iudices
412 4128 466 4188 aut
490 4123 571 4189 alios
586 4120 626 4187 ad
651 4122 834 4185 Romanum
850 4117 1053 4195 Pontificem,
1070 4120 1183 4186 autad
1207 4120 1325 4188 dictam
1349 4121 1382 4189 S.
1399 4120 1454 4189 Se·

271 4244 343 4313 dem
367 4241 502 4313 remissa
523 4246 641 4322 fuerit;
665 4264 722 4311 seu
743 4244 870 4330 quaudo
885 4246 933 4311 sic
947 4265 1088 4311 censura
1110 4246 1202 4334 ligati
1224 4248 1369 4333 legitime
1391 4248 1453 4313 im·

269 4368 450 4455 pediuntur,
476 4391 538 4457 quo
560 4370 665 4436 minus
688 4368 906 4454 praesentiam
934 4366 1048 4436 iudicis
1078 4370 1132 4437 vel
1164 4370 1294 4437 illorum
1319 4369 1374 4456 qui
1396 4390 1454 4437 eos
