3292 5109
724 1005 1035 1097 Anuaoanru
1066 1005 1129 1096 Π.

397 1309 415 1370 ἓ
434 1307 459 1359 7.
481 1305 629 1360 instructio
650 1306 675 1360 S.
699 1307 781 1376 Cony.
801 1311 837 1362 de
857 1306 1045 1376 Propopando
1063 1307 1136 1360 Fide
1155 1307 1181 1359 d.
1201 1307 1227 1359 u
1248 1305 1268 1358 9
1286 1305 1462 1359 Mar51877

636 1416 672 1468 tle
690 1416 942 1485 dispensationibus
961 1415 1219 1468 rrmtrimoniolibm.

426 1625 495 1679 Cum
515 1625 683 1695 dispensatio
702 1628 739 1680 sit
757 1627 826 1680 iuris
844 1626 998 1680 communis
1016 1626 1153 1680 relaxatio
1166 1641 1228 1679 enm
1242 1641 1342 1680 causae
1355 1625 1524 1695 cognitione

339 1735 374 1786 ab
387 1749 421 1788 eo
435 1736 517 1800 sacta,
536 1735 687 1804 qui'hebet
707 1738 883 1803 potestatem,
902 1733 1077 1802 exploratum
1091 1734 1219 1786 omnibus
1230 1737 1282 1798 ast,
1294 1733 1521 1801 dispensationes

335 1841 370 1892 ab
377 1838 595 1908 ,impedimentis
621 1840 873 1894 matrimonialibus
891 1855 946 1893 non
965 1855 1025 1894 esse
1050 1837 1247 1907 indulgendas,
1265 1838 1318 1892 nisi
1337 1837 1468 1907 legitima
1487 1841 1520 1891 et

334 1945 429 2013 gravis
442 1961 526 1998 causa
538 1945 716 1999 interveniat.
730 1946 801 2006 Quin
815 1945 871 1999 imo
883 1946 966 2000 facile
979 1945 1095 2016 quisque
1109 1945 1253 2014 intelligit,
1266 1949 1345 1998 tanto
1355 1945 1515 2013 grauiorem

335 2068 447 2104 causam
461 2051 573 2120 requiri,
588 2057 691 2122 quanto
705 2051 817 2119 gravius
831 2056 872 2105 est
886 2052 1121 2120 impedimentum,
1134 2051 1207 2122 quod
1220 2050 1324 2120 nuptiis
1340 2049 1521 2104 celebrandis

337 2159 494 2228 opponitur.
506 2157 609 2212 Verum
623 2158 696 2212 hand
715 2175 778 2212 raro
797 2159 831 2216 ad
850 2159 876 2212 S.
896 2158 994 2214 Sedem
1014 2159 1181 2229 perveniunt
1198 2159 1338 2228 supplices
1349 2157 1450 2212 literae
1464 2175 1516 2226 pro

333 2267 508 2335 impetranda
533 2266 627 2336 aliqua
652 2265 805 2321 huiusmodi
833 2267 1052 2337 dispensatione,
1072 2284 1127 2339 qua
1145 2267 1223 2322 nulla
1247 2266 1381 2320 canonica
1403 2265 1518 2319 ratione

333 2374 494 2428 fulciuntur.
514 2374 623 2428 Accidit
642 2375 726 2429 etiam
745 2374 918 2445 quandoque,
937 2375 1014 2428 utin
1035 2374 1191 2428 huiusmodi
1210 2372 1460 2442 supplicationibus
1479 2389 1515 2426 ea

332 2478 507 2543 omittantur,
526 2495 597 2548 quae
617 2479 772 2532 necessario
791 2479 909 2547 exprimi
922 2478 1031 2545 debent,
1044 2493 1079 2532 ne
1098 2477 1268 2546 dispensatio
1285 2474 1427 2530 nullitatis
1439 2475 1518 2528 uitio

332 2581 450 2638 laboret.
477 2583 581 2636 ldcirco
607 2588 790 2652 opportunum
816 2584 905 2637 visum
931 2584 1020 2637 estin
1040 2583 1179 2651 praesenti
1205 2582 1390 2636 [astructione
1415 2582 1513 2650 paucis

335 2692 524 2761 perstringere
544 2693 706 2762 praecipuas
719 2692 783 2746 illas
795 2709 901 2758 causas,
914 2709 985 2763 quae
1004 2692 1038 2746 ad
1057 2692 1275 2746 matrimoniales
1291 2690 1518 2760 dispensationes

331 2795 498 2848 obtinendas
512 2795 589 2848 iuxta
603 2796 749 2849 canonicas
762 2796 928 2861 sanctiones,
942 2801 970 2849 et
983 2795 1101 2864 prudens
1120 2795 1325 2850 ecclesiasticae
1344 2794 1516 2863 provisionis

332 2901 489 2968 arbitrium,
509 2918 558 2970 pro
577 2903 777 2956 sufficientibus
796 2901 892 2956 haberi
905 2906 1123 2969 consueverunt5
1136 2902 1234 2956 deinde
1246 2919 1280 2956 ea
1291 2901 1423 2966 indicare,
1437 2917 1517 2971 quao

329 3005 358 3057 in
378 3005 439 3074 ipsa
458 3005 662 3074 dispensatione
681 3005 799 3074 petenda
817 3006 973 3074 exprimere
991 3010 1109 3074 oportet.

369 3105 374 3112 “
420 3110 513 3178 Atque
534 3114 564 3162 ut
583 3126 599 3162 a
618 3111 707 3161 causis
727 3109 962 3178 dispensationum
977 3110 1118 3162 exordium
1132 3109 1256 3173 (lucatur,
1270 3125 1372 3176 operae
1388 3111 1513 3178 pretium

329 3213 384 3266 erit
402 3213 538 3281 imprimis
562 3213 796 3280 animadvertere,
821 3231 904 3266 utram
926 3214 1075 3284 aliquando
1094 3230 1206 3266 causam
1224 3214 1340 3267 seorsim
1364 3222 1513 3284 acceptam

330 3322 544 3376 insufficientem
557 3338 625 3388 esse,
640 3321 686 3374 sed
707 3321 787 3375 alteri
807 3320 967 3374 adiunctam
981 3320 1162 3374 sufficientem
1176 3321 1344 3384 existimari3
1358 3339 1424 3374 riam
1436 3339 1514 3391 quoe

329 3445 383 3482 non
405 3435 519 3498 prosunt
538 3429 657 3497 singula,
677 3428 766 3482 multa
785 3429 889 3482 iurant.
909 3430 989 3498 (Arp.
1005 3431 1023 3480 i.
1038 3431 1068 3496 5,
1088 3430 1121 3481 D.
1141 3432 1176 3484 tte
1194 3432 1323 3499 probat).
1344 3429 1509 3483 Huiusmodi
1577 3443 1582 3458 ¹

329 3541 422 3590 aulem
442 3551 541 3590 carisae
560 3540 633 3602 suut,
652 3552 723 3606 quae
741 3540 906 3606 sequuntur:

421 3641 442 3695 l.
463 3644 599 3712 Anpustin
614 3643 669 3696 loci
681 3643 739 3695 sive
753 3640 880 3694 absoluta
893 3641 951 3695 sive
964 3641 1084 3695 relativa
1097 3642 1216 3709 (ratione
1230 3645 1338 3694 tautum
1352 3639 1512 3711 Oratricisl,

328 3765 392 3801 cum
420 3748 528 3803 scilicet
546 3749 574 3802 in
595 3749 656 3802 loco
681 3749 811 3817 originis,
831 3748 875 3802 vel
894 3749 980 3803 etiam
998 3748 1133 3803 domicilii
1160 3749 1290 3818 cognatio
1309 3738 1448 3802 foeminae
1467 3750 1509 3801 ita

327 3855 365 3907 sit
384 3867 546 3922 propagata,
567 3858 597 3906 nt
616 3853 702 3907 alium
716 3855 790 3923 paris
803 3854 977 3920 conditionis,
991 3854 1036 3907 cui
1049 3856 1146 3919 nubat,
1159 3853 1285 3907 invenire
1303 3856 1433 3922 nequeat,
1453 3852 1507 3905 nisi

327 3959 563 4026 consanguineum
583 3957 627 4012 vel
647 3959 765 4022 affinem,
785 3959 904 4028 patriam
923 3975 989 4014 vero
1008 3959 1135 4014 deserere
1155 3959 1191 4011 sit
1209 3959 1235 4012 ei
1255 3958 1362 4011 durum.

415 4067 440 4120 2.
460 4066 545 4120 Aetne
571 4067 710 4136 foeminae
735 4067 933 4135 superadulta,
958 4067 981 4118 si
1005 4066 1113 4120 scilicet
1132 4067 1166 4118 24
1191 4066 1293 4118 aetatis
1317 4081 1421 4118 annum
1450 4065 1509 4118 iam

327 4189 439 4241 egressa
457 4170 593 4226 hactenus
612 4174 701 4225 virum
721 4173 795 4241 paris
818 4172 992 4237 conditionis
1012 4172 1057 4225 cui
1076 4173 1181 4225 nubere
1200 4171 1295 4240 possit,
1313 4185 1368 4223 nou
1388 4170 1506 4224 invenit

326 4277 401 4332 Haeo
420 4295 487 4332 vero
507 4295 590 4332 causa
609 4277 681 4331 hand
701 4279 869 4348 suffragatur
888 4278 995 4346 viduae,
1015 4295 1086 4349 quae
1102 4279 1136 4332 ad
1150 4279 1220 4333 alias
1232 4279 1343 4348 nuptias
1355 4277 1510 4332 convolare

323 4384 427 4452 cupiat.
