3292 5109
491 302 536 349 nn
560 300 699 351 morans
722 300 989 351 nccunsmsrmrs
1275 281 1344 349 203

161 420 247 487 num
263 441 307 488 ex
321 442 357 489 se
372 432 547 511 cognoscat
569 427 638 493 sire
661 426 725 493 hoc
748 425 888 513 probent
908 432 1029 513 partes.
1054 425 1118 493 Sed
1142 424 1239 492 iudex
1259 446 1344 493 com·

160 546 278 628 petens
299 544 376 611 huic
398 549 621 635 prorogationi
644 546 872 615 concedendae
895 549 960 616 erit
982 548 1200 622 Secretarius,
1223 549 1251 613 si
1274 548 1344 633 ipse

160 669 337 737 terminum
359 674 527 749 notuerit,
551 673 614 741 erit
637 672 859 741 cardinalium
881 675 1102 762 congregatio,
1129 674 1156 739 si
1185 673 1345 739 terminus

161 790 204 857 ab
226 795 297 880 ipsa
319 800 530 882 praestitutus
552 799 663 867 fuerit.

256 920 330 987 171.
354 923 428 987 Art.
451 922 504 989 17.
531 924 686 990 ‹Decem
710 923 822 990 diebus
844 929 921 989 ante
943 926 1230 1011 congregationem
1245 922 1344 989 desti·

160 1046 281 1117 natam
298 1042 485 1114 Restrictue
499 1045 587 1113 iuris
600 1044 732 1129 etfacit
747 1066 827 1113 cam
839 1046 1037 1113 Summano
1054 1049 1087 1111 in
1103 1045 1222 1132 duplici
1237 1064 1344 1111 exem·

159 1169 247 1255 plari
272 1170 424 1238 Patribus
448 1172 717 1239 Eminentissimis
749 1171 988 1240 distribuendus
1011 1174 1084 1239 erit.
1117 1173 1200 1238 Item
1231 1190 1344 1237 exem·

159 1292 268 1377 plania
290 1294 323 1359 in
348 1299 503 1360 consueta
532 1296 712 1380 quantitate
735 1294 974 1363 ‘distribuentur
996 1295 1181 1363 Secretano
1211 1284 1345 1379 eiusque

159 1416 267 1484 studio
282 1440 345 1485 nec
360 1438 425 1485 non
442 1419 697 1487 Subsecretario.
721 1420 786 1487 Hic
800 1420 960 1487 terminus
975 1420 1154 1487 serrandus
1169 1420 1233 1487 erit
1247 1421 1345 1486 etiam

160 1560 223 1627 pro
245 1540 467 1627 permutandis
491 1544 662 1629 scripturis
685 1545 771 1611 inter
793 1550 916 1630 partes,
932 1564 994 1610 nec
1017 1564 1083 1609 non
1106 1564 1166 1630 pro
1182 1544 1275 1609 noris
1291 1541 1344 1607 do

159 1668 323 1731 cnmentis
338 1667 563 1753 producendis,
577 1672 684 1755 pronti
696 1671 719 1755 5
731 1671 751 1735 4
763 1692 795 1736 ».
810 1672 928 1739 Decem
945 1671 1057 1737 diebus
1071 1675 1148 1736 ante
1162 1670 1344 1756 plenarium

161 1794 358 1855 conventum
375 1792 442 1857 ΡΡ.
460 1767 690 1867 Cardinalium,
707 1797 848 1881 partium
871 1800 1102 1882 procuratores
1124 1794 1203 1861 dant
1224 1793 1344 1860 eisdem

162 1915 387 1983 Gardinalibus
403 1916 608 1985 Recta-ictum
623 1918 712 1985 iuris
726 1924 757 1987 et
778 1918 864 2004 sacti
886 1940 965 1987 cam
990 1918 1209 2003 Sammart03
1233 1917 1344 1984 Secre-

160 2039 266 2103 tan'us
280 2058 361 2104 vero
378 2036 539 2105 distribuit
553 2039 677 2123 folium
696 2060 743 2108 erc
765 2040 885 2126 officio.
911 2042 1030 2108 Partes
1044 2040 1209 2125 litigantes
1224 2037 1285 2104 sibi
1299 2041 1345 2104 in·

161 2162 268 2228 ricem
283 2168 469 2249 permutant
483 2163 641 2250 allegatas
656 2166 846 2252 scripturas;
859 2164 985 2249 sotium
1001 2185 1046 2233 cor
1061 2165 1170 2250 officio
1186 2165 1244 2231 sibi
1261 2184 1345 2230 com·

161 2295 279 2375 parant
301 2288 458 2357 adeuntes
481 2290 628 2358 Studium
652 2290 685 2357 S.
703 2292 812 2379 cong..
831 2291 915 2378 apud
934 2292 1019 2377 quod
1042 2292 1120 2358 illud
1143 2291 1346 2357 distribuitur

162 2418 196 2479 et
218 2412 365 2499 partibus
387 2413 671 2489 contendentibus,
696 2419 730 2481 et
760 2415 929 2481 iuvenibus
952 2414 1062 2482 Studio
1093 2414 1238 2482 addictis.
1263 2414 1348 2490 Quia

159 2536 285 2619 folium
308 2536 479 2623 aliquando
502 2537 610 2605 editur
632 2538 691 2605 sub
706 2544 845 2612 eecrelo,
861 2544 940 2606 tuuc
963 2538 1134 2605 iuvenibus
1158 2558 1222 2603 uon
1239 2537 1343 2613 datum

161 2680 269 2746 neque
283 2662 360 2748 ipsis
375 2662 529 2748 partibus,
546 2664 573 2729 si
588 2681 628 2728 ea
642 2664 777 2749 infolio
793 2665 1032 2736 contineantur,
1049 2684 1132 2749 quae
1151 2664 1344 2730 alterutrum

107 2852 111 2859 ,
160 2792 218 2853 ant
239 2793 413 2873 utrumque
435 2787 615 2876 litigantem
640 2789 745 2855 latere
776 2790 924 2856 debeant.
948 2790 1119 2877 congruae
1152 2789 1343 2863 defensioni,

160 2914 225 2981 hoc
249 2916 282 2980 in
306 2934 395 2998 casu,
419 2917 558 2983 consulit
581 2917 650 3003 ipse
673 2917 878 2985 Secretarius
900 2936 942 2984 ec
964 2916 1083 3003 offimo.

251 3037 326 3105 Art.
346 3038 397 3105 18.
426 3039 704 3125 ‹Responsiones
730 3035 855 3104 differri
883 3042 1017 3124 possunt
1042 3056 1143 3122 usque
1173 3034 1214 3101 ad
1244 3039 1344 3101 totam

161 3158 248 3226 diem
268 3160 426 3227 Mercurii
444 3159 694 3247 Congregationi
710 3158 966 3233 antecedentem,
992 3178 1114 3242 eaeque
1136 3158 1200 3223 nisi
1222 3156 1346 3222 inerint

161 3284 365 3371 subscriptae
387 3306 426 3351 eo
451 3286 553 3360 modo,
578 3304 641 3371 quo
664 3288 818 3353 statuitur
840 3306 900 3371 pro
924 3284 1172 3357 defensionibus,
1198 3284 1288 3349 nullo
1312 3284 1345 3349 in

160 3408 267 3494 pretio
290 3406 547 3475 habebuntur».

251 3530 327 3597 Art.
352 3532 404 3599 19.
431 3533 665 3597 ‹Documenta
689 3536 723 3597 et
743 3529 1042 3606 animadversiones
1063 3530 1175 3596 inscia
1198 3528 1347 3595 adversa

159 3660 262 3738 parte
277 3660 349 3741 post
365 3657 591 3743 responsiones
613 3656 741 3722 oblatae
766 3655 857 3721 nihili
881 3654 1132 3721 habebuntur».
1158 3654 1200 3718 Hi
1217 3652 1279 3718 duo
1295 3673 1346 3718 ar-

159 3778 252 3845 ticuli
276 3779 512 3865 sapientissime
542 3778 742 3865 prospiciunt
777 3778 942 3865 legitimae
976 3779 1118 3864 partium
1152 3776 1343 3842 defensioni.

162 3902 325 3980 Quocirca
351 3910 475 3990 septem
503 3904 571 3971 dies
598 3904 785 3971 tribuuntur
815 3903 962 3991 partibus
985 3904 1027 3969 ad
1050 3902 1269 3970 conficiendas
1291 3922 1345 3969 re·

161 4028 351 4113 sponsiones
371 4026 617 4114 allegationibus
632 4026 790 4093 adversae
806 4027 918 4113 partis,
936 4030 970 4091 et
984 4026 1062 4092 huic
1077 4027 1205 4091 muneri
1219 4030 1348 4112 tempus

163 4157 214 4219 est
235 4152 332 4239 plane
355 4150 529 4219 sufficiens.
564 4154 604 4220 In
626 4152 691 4219 alio
714 4152 854 4219 articulo
877 4152 983 4219 aditus
1005 4152 1229 4240 praecluditur
1251 4154 1346 4218 innu-

164 4278 263 4344 meris
285 4277 445 4353 abusibus,
464 4279 517 4363 qui
537 4278 686 4364 irrepere
701 4281 847 4365 possunt,
864 4276 923 4343 sub
940 4282 1112 4362 praetextu
1136 4275 1345 4349 defensionis,

163 4402 192 4467 si
213 4400 323 4469 inscia
353 4402 603 4485 alimentaria,
627 4419 714 4467 nova
742 4398 937 4466 documenta
965 4399 1123 4466 iudicibus
1146 4395 1344 4474 afferantur,
