3292 5109
512 312 556 360 aa
580 314 720 361 rumoris
742 315 1007 363 accnnsrnsrrors
1295 300 1357 365 461

690 627 803 695 Garun
828 631 853 694 I.

335 838 380 891 DE
400 838 593 892 CITATIONE
612 838 682 893 SEU
703 806 1213 894 t10N1T10NEPRAttMlTTENDA
1288 832 1293 841 ⁵

435 962 609 1015 DECRETIS
637 962 859 1017 EXECUTIVIS
886 962 922 1015 IN
947 962 1109 1027 GENERE3

185 1083 242 1149 ET,
256 1081 292 1136 ΙΝ
311 1082 445 1149 SPEClE,
458 1082 609 1144 ALIQUlD
627 1082 811 1137 INNUITUR
826 1082 871 1135 DE
885 1082 1160 1138 BENEFlClORUM
1180 1084 1360 1139 DIVISIONE

469 1206 515 1259 ET
531 1204 575 1258 DE
589 1204 785 1259 CONCURSU
798 1206 848 1259 AD
862 1205 1072 1260 PAROECIAS.

184 1432 402 1490 summarium.
420 1463 454 1476 -
473 1434 534 1488 358.
554 1433 651 1504 Magni
669 1434 799 1504 ponderis
825 1434 922 1504 regula
947 1440 1004 1500 est,
1023 1434 1113 1505 quoad
1131 1435 1246 1505 'praxim
1271 1441 1299 1491 et
1325 1437 1358 1489 ad

271 1543 475 1614 praevenienda
487 1542 580 1597 litium
591 1544 740 1613 dispendia,
754 1560 854 1613 nempe
867 1560 1004 1613 congruas
1017 1544 1196 1614 praemittere
1210 1546 1358 1601 citationes

270 1668 320 1706 seu
338 1652 505 1706 monitiones
523 1651 643 1706 decretis
659 1651 822 1706 executiris.
835 1680 871 1692 -
883 1650 943 1705 359.
959 1651 997 1706 De
1011 1652 1118 1707 ratione
1132 1670 1187 1725 qua
1199 1654 1360 1723 proceditur

270 1762 300 1815 iu
323 1762 522 1815 beneficiorum
545 1760 681 1813 divisione
706 1776 755 1814 seu
781 1759 1035 1814 dismembratione.
1060 1789 1094 1801 -
1119 1759 1179 1814 360.
1205 1760 1244 1815 De
1269 1763 1359 1815 forma

270 1884 478 1921 concursera-
490 1865 552 1919 361.
571 1865 601 1918 ln
620 1866 841 1935 quibuscumque
860 1865 981 1934 negotiis
999 1864 1168 1920 iudicialiter
1187 1865 1359 1932 definiendis,

270 1973 395 2042 suppetit
413 1976 508 2042 formo
525 1972 689 2037 summario,
701 1988 773 2042 quae
791 1969 896 2040 triplici
916 1975 1026 2025 tantum
1045 1987 1079 2025 ex
1098 1972 1199 2041 capite,
1218 1971 1359 2025 nullitatis

269 2080 340 2135 vitio
357 2080 489 2133 inficitur.
509 2108 543 2120 -
562 2078 625 2132 362.
644 2078 716 2131 Hinc
734 2095 876 2149 nunquam
896 2078 1039 2132 adeundus
1056 2083 1098 2132 est
1117 2078 1199 2133 iudex
1221 2078 1309 2133 laicus
1328 2080 1357 2132 in

270 2188 361 2241 causis
379 2186 433 2240 fori
451 2185 634 2240 ecclesiastici
653 2186 704 2239 sub
724 2188 871 2254 praetextu
891 2183 1025 2255 prohibiti
1049 2186 1176 2239 exercitii
1195 2190 1357 2255 competen-

270 2296 327 2351 tiae
346 2294 492 2348 iudicialis.

268 2528 344 2593 358.
369 2528 490 2591 Norma
512 2544 595 2609 quae
618 2521 789 2607 aliquando
813 2528 862 2587 est
885 2526 1070 2589 necessaria
1094 2543 1136 2587 ex
1159 2524 1239 2589 iuris
1265 2544 1356 2607 prae·

180 2654 365 2737 scriptione,
389 2651 445 2717 sed
468 2671 597 2735 semper
624 2655 673 2715 est
694 2650 831 2715 utillima
863 2670 958 2733 quum
990 2650 1175 2735 proceditur
1206 2650 1247 2715 ad
1278 2671 1356 2717 exe-

179 2776 322 2860 quendas
344 2777 397 2841 vel
419 2777 508 2861 leges
533 2794 718 2841 communes
742 2774 795 2838 vel
817 2774 999 2859 peculiares
1027 2776 1281 2858 praeceptiones,
1307 2782 1356 2841 est

178 2921 217 2965 ea
240 2920 322 2985 quae
345 2905 495 2966 versatur
518 2901 607 2965 circa
629 2898 822 2964 monitiones
838 2919 895 2963 seu
912 2898 1081 2964 citationes
1105 2899 1356 2983 praemittendas

176 3026 358 3092 huiusmodi
382 3025 586 3091 decretorum
610 3024 802 3089 executioni.

267 3151 444 3234 Episcopus
460 3168 512 3213 ex.
527 3169 568 3233 g.,
583 3168 679 3233 quum
691 3153 861 3232 patronum
875 3147 1044 3213 declarare
1060 3147 1182 3229 debeat,
1198 3148 1356 3215 decidisse

178 3270 285 3333 aiore
307 3275 496 3354 patronatus
519 3288 557 3333 eo
578 3269 652 3351 quia
674 3288 739 3332 non
763 3268 921 3332 satisfacit
943 3268 1083 3333 eiusdem
1109 3268 1353 3346 conditionibus,

178 3401 275 3462 antea
298 3401 428 3461 moneat
450 3400 578 3480 oportet
600 3396 703 3479 ipsum
726 3375 907 3480 patronum,
928 3414 966 3459 eo
990 3394 1124 3460 consilio
1149 3404 1184 3461 ut
1208 3398 1268 3463 nisi
1293 3400 1355 3463 rite

178 3520 351 3606 adimpleat
366 3542 476 3594 onera,
490 3522 576 3589 intra
589 3526 713 3586 certum
726 3520 972 3585 determinatum
987 3526 1125 3605 tempus,
1136 3521 1355 3589 declarabitur

179 3664 379 3730 quocumque
402 3648 473 3710 iure
490 3646 668 3711 destitutus.
686 3646 753 3709 Nisi
769 3646 901 3709 monitio
925 3646 1161 3729 praemittatur,
1178 3652 1288 3712 secuta
1304 3647 1354 3713 de·

178 3768 357 3834 claratione
380 3769 488 3833 amissi
516 3769 596 3833 iuris
618 3748 816 3853 patronatus,
841 3771 996 3852 patronus
1024 3770 1172 3853 excipiet,
1197 3770 1286 3833 litem
1309 3772 1353 3834 in-

177 3897 327 3956 staurans
354 3892 421 3956 sive
452 3893 485 3955 in
515 3894 726 3977 possessorio
742 3891 810 3955 sive
838 3892 870 3955 in
901 3892 1058 3975 petitorio
1086 3926 1103 3938 -
1130 3893 1210 3956 Item
1238 3892 1289 3957 dic
1313 3892 1354 3957 de

176 4014 334 4100 legatario
351 4016 404 4098 qui
419 4014 634 4080 declarandus
649 4020 697 4081 est
709 4014 868 4080 excidisse
883 4034 925 4078 ex
941 4013 1063 4079 iuribus
1079 4015 1208 4100 legatis;
1226 4017 1300 4080 item
1313 4015 1354 4081 de

177 4142 299 4206 clerico
316 4143 369 4226 qui
386 4162 459 4206 cum
475 4162 538 4206 non
552 4140 726 4226 adimpleat
741 4160 843 4205 onera
859 4140 1024 4205 clericalia
1040 4138 1278 4205 renunciandas
1295 4146 1353 4214 est,

175 4268 320 4331 amisisse
340 4267 447 4330 omnia
469 4266 639 4351 privilegia
654 4265 832 4339 clericalia;
857 4265 932 4328 item
949 4263 987 4329 de
1002 4262 1211 4330 beneficiario
1226 4266 1280 4349 qui
1296 4265 1352 4329 be-

175 4391 292 4457 neficio
305 4392 478 4477 privandus
490 4396 547 4466 est,
560 4392 635 4475 quia
646 4410 712 4456 non
724 4391 897 4475 exequitur
908 4392 1125 4475 praescriptas
1142 4390 1350 4456 conditiones
