3292 5109
438 301 526 358 QUAE
552 303 586 350 ΙΝ
611 302 718 352 PRIMO
741 301 921 350 voLtJtssrta
944 300 1184 348 courtrtttttrott

216 432 451 486 turocausarum,
465 439 526 490 pag.
541 422 632 484 5783-
646 421 780 476 aliasunt

216 494 367 546 summaria
385 502 442 546 tum
463 493 552 562 quoad
577 493 780 559 solemnitates,

215 572 275 618 tum
288 565 378 634 quoad
392 565 577 633 probationes:
588 564 645 618 alia
660 571 780 618 tantum·

216 635 297 688 modo
324 636 454 706 quoads
442 636 647 701 solemnitates,
672 637 779 690 tttct-

215 705 308 768 Quare
327 707 441 761 inducta
454 707 529 760 sint
523 723 583 761 ture
597 723 663 760 rom.
678 713 706 761 at
719 723 780 760 can.

216 778 319 831 iudicia
337 781 499 844 cuminaria,
519 780 618 832 ttin—
637 778 780 839 Quaenam

215 866 316 903 causae
336 852 376 904 ita
395 849 583 916 absolvantur,
605 865 666 918 pag.
685 850 778 904 579.-

216 919 358 981 Quaenam
378 921 470 974 omitti
489 921 610 975 debeant
623 921 666 975 rel
683 937 737 974 non
750 921 779 973 in

217 992 272 1045 iud.
291 996 455 1058 summario,
474 1009 537 1059 pag.
552 991 665 1046 579-81.
680 991 781 1052 -Quo-

216 1063 298 1116 modo
317 1069 410 1132 partes
428 1063 517 1129 ordini
538 1080 681 1130 processus
706 1081 781 1116 sum·

215 1137 301 1188 marii
319 1137 453 1202 derogare
472 1135 593 1198 valeant,
614 1152 674 1204 pag.
688 1135 779 1188 581.-

216 1205 308 1267 Quare
334 1205 413 1260 hodie
441 1206 496 1258 late
522 1206 550 1258 in
577 1224 627 1259 usu
650 1207 706 1258 siut
725 1205 779 1259 ind.

215 1279 375 1340 summaria,
395 1293 457 1344 pag.
476 1276 537 1330 583.
557 1306 572 1316 -
592 1277 687 1330 ludicii
713 1277 780 1332 defi·

217 1349 288 1402 nitio
306 1365 353 1401 sen
374 1348 523 1412 conclusio,
544 1365 604 1416 pag.
623 1349 684 1402 584.
703 1377 717 1388 ·
739 1348 780 1401 lu·

215 1419 289 1473 dicia
314 1418 438 1486 publicu,
465 1435 526 1486 pag.
552 1420 612 1471 421.
633 1447 648 1460 -
668 1424 711 1472 An
738 1421 780 1472 ius

216 1491 283 1544 Can.
298 1491 429 1544 admittat
442 1489 511 1544 haec
524 1489 635 1554 iudicia,
646 1507 707 1560 pag.
718 1493 779 1544 422.

270 1632 439 1686 iurisdictio.
458 1661 495 1674 —
515 1632 645 1686 Definitio
670 1631 781 1686 iurisdi-

217 1704 319 1757 ctionis
338 1705 416 1757 iuxta
442 1704 485 1756 ius
508 1704 599 1768 civile,
619 1721 681 1772 pag.
700 1705 778 1757 65.-

218 1775 299 1830 luxta
312 1776 355 1828 ius
373 1776 545 1840 canonicum,
560 1792 621 1844 pag.
636 1777 679 1828 65.
693 1804 709 1814 ·
724 1773 781 1828 Dif-

215 1848 335 1900 ferentia
348 1848 422 1901 inter
439 1852 595 1916 utrumque,
610 1863 670 1915 pag.
684 1846 779 1900 06-67.

216 1947 232 1957 -
253 1917 409 1972 lui-isdictio
435 1917 492 1972 alia
516 1919 698 1982 contentiosa,
724 1917 781 1971 alia

216 1988 383 2050 voluntaria,
402 2007 464 2058 pag.
484 1989 578 2050 67·68;
598 2019 613 2028 -
631 1988 690 2048 alia
708 1989 781 2042 ordi·

216 2061 305 2122 naria,
331 2060 387 2114 alia
411 2060 549 2128 delegata,
569 2077 630 2129 pag.
649 2059 743 2113 68-69.
764 2089 779 2100 -

215 2133 343 2201 Amplior
369 2133 567 2185 iurisdictionis
592 2131 732 2200 delegatio
751 2131 779 2184 in

217 2203 278 2257 iure
297 2204 440 2270 canonico,
461 2221 524 2272 pag.
541 2203 636 2256 70-71.

270 2343 473 2399 Iurunrantum.
494 2374 527 2386 -
547 2344 616 2405 Quid
639 2349 682 2398 est
707 2345 781 2398 iura·

216 2424 340 2470 mentum
360 2417 526 2481 culmnniue,
545 2434 593 2470 seu
613 2417 646 2470 de
662 2419 779 2470 veritate

215 2489 344 2550 dicendo,
365 2503 426 2557 pag.
446 2487 507 2542 406.
521 2487 691 2548 -Quomodo
711 2486 780 2542 hasa

217 2559 375 2613 iuramenta
408 2561 542 2628 praestari
573 2559 688 2622 debent,
717 2575 779 2628 pag.

216 2630 314 2692 407„
299 2631 471 2700 -aquibus
490 2631 623 2699 per-,sonis
643 2648 703 2699 pag.
718 2631 779 2684 408·

217 2701 278 2754 ·in
298 2703 398 2771 quibus
417 2703 516 2760 causis.
531 2719 591 2770 pag.
606 2701 695 2754 409-
709 2701 779 2763 Quid

217 2773 345 2826 obtineat
372 2789 406 2828 ex
433 2773 510 2841 praxi
541 2771 688 2836 hodia-,na
717 2789 780 2844 pag.

215 2843 370 2896 409-10-
396 2844 446 2897 Est
472 2843 578 2910 species
607 2845 779 2911 probationis

216 2914 363 2972 iudicialis.
389 2931 453 2984 pag.
477 2917 574 2968 475-
596 2914 779 2968 Dividiturin

215 2985 346 3040 iudiciale
360 2992 389 3039 el
401 2985 621 3050 estraindiciate,
638 3003 698 3056 pag.
711 2987 779 3040 476·

214 3057 258 3110 77.
274 3087 288 3096 -
303 3057 519 3111 Extraiudiciale
533 3063 575 3110 est
585 3058 691 3124 species
704 3063 780 3110 tran-

214 3129 370 3192 sactionis(
383 3129 638 3190 VidaTransactiol,
647 3145 708 3197 pag.
717 3129 779 3182 477.

215 3199 307 3252 Etiam
321 3199 451 3252 iudiciale
465 3199 650 3253 voluntarium
666 3206 708 3253 est
718 3217 781 3268 spe·

215 3272 273 3325 cies
300 3271 510 3336 transactionis,
538 3287 599 3338 pag.
625 3271 736 3323 tir-79.
762 3301 778 3311 -

216 3342 300 3396 ludex
320 3343 346 3393 in
367 3359 469 3410 genere
496 3356 549 3395 non
575 3342 657 3396 debet
681 3341 781 3395 admit·

216 3419 276 3466 tera
302 3413 486 3467 iuramentum
515 3412 690 3476 derisorium,
717 3429 778 3481 pag.

215 3484 327 3537 470-80.
348 3513 364 3523 ·
384 3483 572 3538 luramentnm
589 3483 719 3538 iudiciale
732 3501 779 3537 ne·

215 3555 365 3610 cessarium
385 3571 432 3609 seu
457 3554 658 3624 suppletorium
685 3571 779 3625 proce·

214 3626 256 3680 dit
275 3633 384 3680 tantum
403 3643 437 3680 ex
457 3626 569 3681 decreto
588 3627 695 3692 iudicis,
715 3643 778 3696 pag.

214 3697 276 3750 480.
291 3726 306 3737 ·
320 3697 371 3752 Cui
385 3698 422 3750 sit
434 3697 620 3761 deserendum,
637 3715 699 3766 pag.
714 3697 780 3750 480-

215 3769 258 3822 81.
279 3798 295 3808 -
314 3767 365 3828 Qui
386 3775 496 3822 recusat
515 3769 702 3822 iuramentum
716 3786 779 3838 sup·

215 3838 364 3909 pletorium
379 3839 497 3894 habetur
509 3857 558 3910 pro
567 3841 702 3906 confesso,
716 3857 777 3909 pag.

214 3911 275 3964 481.
287 3941 302 3950 -
312 3910 455 3971 Quomodo
464 3913 502 3966 sit
511 3911 704 3978 emittendum,
714 3927 777 3980 pag.

214 3981 276 4036 482
302 4011 318 4022 -
342 3982 412 4043 Quid
440 3989 483 4038 est
508 3983 693 4038 iuramentum
720 3983 779 4036 litis

214 4053 436 4108 aestimatorium
452 4071 499 4109 sau
511 4056 538 4107 in
550 4054 638 4122 litam,
646 4071 708 4124 pag.
716 4053 777 4108 482.

483 4197 511 4262 L

267 4337 398 4392 Landum
411 4339 627 4409 homolopntnm.
641 4367 678 4380 -
690 4335 780 4400 Quidl

213 4423 277 4478 pag.
296 4409 341 4462 60.

1332 280 1400 349 523

889 420 1178 476 1666661666-
1198 421 1247 474 Est
1268 418 1398 477 'necessa-

835 493 878 545 ria
897 494 926 546 in
945 493 1054 546 iudiciis
1072 494 1233 558 ordinariis,
1254 510 1316 560 pag.
1336 496 1396 548 425.

836 563 1011 624 -Quomodo
1034 565 1132 617 confici
1152 531 1235 618 debel
1260 564 1400 632 libellum,

836 651 898 703 pag.
924 635 1071 688 42526-
1097 635 1181 689 ludex
1202 635 1339 690 deliberat
1362 654 1398 690 aa

836 704 962 760 libellum
982 707 1110 776 excipere
1129 707 1238 768 debeat,
1252 723 1314 775 pag.
1328 708 1398 761 426·

836 777 903 901 ἓξὸ
904 777 1069 901 -Ἆῗῖῖοοῖιιε
1092 779 1180 832 oblati
1206 778 1309 841 libelli,
1335 796 1397 848 pag.

889 991 1022 1044 Lites—
1035 990 1110 1045 luter
1123 992 1246 1060 privatos
1259 998 1327 1062 quot
1339 1009 1400 1045 mo·

835 1060 1102 1130 discomponu'utur,
1116 1081 1177 1145 pag
1195 1063 1241 1118 19-
1243 1065 1312 1118 25-
1328 1063 1398 1118 titis

836 1134 1005 1186 consortium
1033 1135 1098 1204 quid
1127 1136 1176 1196 sit,
1206 1151 1267 1202 pag
1293 1133 1396 1188 346.-

835 1202 951 1263 Quando
970 1205 1029 1258 eins
1049 1206 1111 1259 loco
1136 1205 1272 1260 habeatnr
1291 1206 1398 1275 simpli-

835 1275 907 1328 citer
925 1278 1082 1330 necessaria
1106 1277 1291 1345 dependentia
1317 1279 1399 1331 unius

835 1347 941 1413 negotii
966 1348 1001 1400 ab
1026 1347 1091 1412 alio,
1117 1366 1179 1417 pag.
1204 1349 1268 1402 547.
1292 1349 1399 1402 -Litis

834 1419 1018 1483 renunciatio,
1038 1436 1099 1488 pag.
1119 1420 1180 1473 575.

888 1561 995 1613 Locum
1020 1560 1113 1629 legale
1139 1561 1242 1628 indicii,
1261 1561 1400 1632 -quale

835 1629 917 1686 66661
935 1649 1004 1699 esse,
1024 1650 1086 1702 pag.
1105 1633 1166 1686 399.

1099 1831 1138 1895 Μ

888 1987 1107 2041 Matrimonium.
1120 2018 1157 2029 -
1173 1990 1216 2042 An
1236 2006 1319 2057 super
1337 1989 1399 2058 ipso

835 2058 953 2126 transigi
964 2061 1059 2127 possit,
1074 2076 1137 2128 pag.
1151 2059 1195 2118 33:
1206 2091 1221 2102 -
1231 2070 1260 2115 et
1272 2077 1398 2128 compro·

836 2128 909 2182 mitti
936 2129 963 2182 in
989 2132 1123 2195 arbitros,
1149 2148 1210 2198 pag.
1235 2131 1278 2185 51.
1305 2161 1320 2171 -
1344 2131 1397 2192 Qui

836 2201 1042 2254 matrimonium
1071 2219 1203 2256 accusare
1231 2209 1344 2269 possunt
1368 2210 1400 2259 et

835 2278 934 2326 contra
952 2273 1021 2326 illud
1035 2275 1189 2338 testificari,
1203 2291 1264 2342 pag.
1280 2274 1324 2326 94.
1337 2304 1353 2314 -
1366 2276 1396 2328 ln

835 2344 926 2397 causis
944 2344 978 2398 de
1000 2346 1131 2414 coniugio
1150 2345 1192 2399 vel
1218 2345 1332 2411 carnali,
1350 2345 1396 2401 vel

835 2415 972 2484 spirituali
999 2418 1139 2471 sententia
1167 2416 1310 2470 definitiva
1337 2417 1397 2471 dari

835 2492 928 2610 qqqest
943 2492 1008 2541 ante
1022 2487 1100 2541 litem
1120 2493 1313 2554 contestatam,
1332 2505 1395 2558 pag.

888 2702 988 2755 uterus
1006 2729 1044 2741 -
1067 2705 1110 2756 Aa
1135 2707 1165 2755 et
1189 2701 1280 2783 qualis
1305 2707 1398 2756 metus
1482 2718 1484 2722 ·

834 2770 1093 2827 valeatrescmdere
1101 2774 1325 2834 transactionem
1334 2790 1397 2842 pag.

835 2841 919 2895 39.-
945 2843 1029 2896 Notio
1053 2850 1144 2898 matus
1172 2845 1245 2897 circa
1274 2845 1397 2898 valorem

835 2919 957 2977 actuum,
977 2932 1039 2996 pag,
1058 2915 1148 2968 291.-
1162 2915 1277 2975 Quando
1292 2918 1327 2968 ob
1341 2932 1399 2970 me·

834 2993 894 3037 tum
914 2985 1038 3039 invocari
1058 2992 1150 3055 potest
1162 2990 1233 3040 actio
1247 2987 1371 3040 nullitat'
1352 2993 1398 3046 trs,

835 3072 890 3124 pag
908 3057 1019 3110 abt-97.
1037 3086 1052 3096 -
1067 3057 1183 3118 Quinam
1197 3064 1276 3111 actus
1288 3059 1323 3111 ob
1336 3074 1397 3112 me·

835 3133 893 3179 tum
913 3129 969 3181 sint
988 3129 1187 3191 rescindibiles,
1207 3146 1268 3198 pag.
1284 3129 1398 3194 297-98;

835 3227 850 3237 -
870 3199 982 3268 quinam
1002 3200 1061 3268 ipso
1081 3201 1140 3254 iure
1161 3199 1240 3266 nulli,
1259 3217 1319 3269 pag.
1335 3200 1396 3254 298.

835 3299 850 3307 -
870 3274 913 3322 An
933 3277 1012 3323 actus
1030 3271 1221 3326 rescindibitea
1239 3272 1275 3324 ob
1292 3278 1397 3326 metum

834 3342 885 3394 fiat
915 3341 1106 3395 irrevocabilia
1137 3343 1286 3397 accedente
1317 3344 1396 3397 iura-

834 3423 934 3478 mento,
956 3429 1017 3481 pag.
1036 3412 1165 3466 299301.
1181 3443 1196 3453 -
1211 3414 1318 3468 llletum
1333 3431 1397 3482 pas·

834 3485 873 3537 sis
891 3485 1062 3538 succurritur
1077 3485 1199 3539 remedio
1212 3487 1397 3540 restitutionis

833 3557 864 3608 in
882 3557 1031 3625 inteprum,
1050 3573 1113 3625 pag.
1133 3555 1195 3610 301.
1248 3559 1251 3568 “

888 3699 1022 3752 Minores.
1050 3727 1085 3740 -
1113 3702 1206 3767 Agere
1237 3698 1339 3754 debent
1367 3700 1396 3753 in

835 3768 937 3822 iudicio
964 3785 1013 3837 per
1036 3775 1240 3838 procuratores,
1262 3788 1326 3838 pag.
1346 3771 1398 3824 88·

834 3839 878 3893 90.
900 3840 1050 3910 Nequeunt
1074 3842 1205 3895 constitui
1233 3848 1397 3910 procurato-

835 3928 888 3976 res,
901 3927 964 3979 pag.
982 3913 1038 3966 164.
1052 3941 1068 3951 -
1086 3912 1138 3973 Qui
1151 3915 1266 3967 veniant
1285 3915 1397 3969 nomine

834 3983 986 4041 minorum.
1011 3999 1073 4052 pag.
1093 3985 1187 4037 sot-5.
1211 4014 1227 4024 -
1250 3985 1298 4038 Eis
1320 4002 1396 4039 com-

835 4056 907 4121 petit
923 4055 1063 4108 restitutio
1083 4056 1110 4107 in
1130 4055 1280 4119 integrum,
1294 4059 1359 4110 ibid.
1380 4086 1397 4096 -

835 4125 953 4180 Caetera
980 4127 1044 4180 vide
1076 4127 1230 4180 Restitutio
1261 4129 1290 4181 in
1321 4129 1396 4181 inte·

835 4213 924 4265 grum.

889 4340 1071 4393 Mulctarum.
1079 4367 1113 4379 -
1121 4337 1262 4399 Quomodo
1275 4355 1339 4393 usus
1346 4356 1398 4409 op·

836 4416 971 4479 portunus
989 4410 1035 4476 sit,
1053 4426 1116 4479 pag.
1134 4410 1196 4464 660.
