3292 5109
820 312 825 318 ·
857 298 940 346 PARS
964 297 1002 345 11.

501 560 523 643 g
546 559 577 625 2.
603 559 652 627 De
674 559 830 626 methodo
853 563 989 627 sauata
1012 558 1108 643 opud
1131 557 1220 625 hunc
1245 554 1353 645 Gortq.

305 692 306 695 ’
348 692 352 699 ’
382 684 419 749 in
442 685 677 769 approbandis
698 684 796 752 noris
819 683 986 751 Institutio
1007 688 1166 751 votorum
1188 683 1396 767 simplicium
1416 680 1469 769 (l).

337 928 555 987 summarium.
575 960 608 973 -
631 931 689 985 146.
709 930 914 1003 inquisitiones,
927 947 998 1003 qnae
1015 928 1068 985 hac
1085 929 1120 985 de
1133 946 1169 985 re
1188 930 1332 985 faciendae
1345 935 1412 984 eunt
1424 930 1456 984 ad
1467 946 1509 985 ve·
1598 946 1600 965 ¹

428 1038 539 1092 ritatem
553 1036 745 1107 detegendam,
758 1036 871 1107 sapiunt
883 1036 1008 1091 ordinem
1024 1034 1192 1091 iudicialem.
1207 1064 1241 1077 -
1257 1034 1315 1088 147.
1329 1034 1509 1107 Requirnntur

427 1146 638 1200 informationes
657 1144 874 1211 ordinariorum,
892 1144 922 1197 in
943 1160 1061 1215 quorum
1086 1142 1258 1198 dioecesibus
1278 1142 1405 1197 lnstituti
1423 1143 1508 1197 domne

336 1272 338 1279 ’
427 1253 574 1309 habentur.
593 1282 627 1295 -
649 1253 707 1307 148.
721 1252 751 1307 Si
770 1258 880 1308 constet
897 1253 1059 1309 Institutnm
1078 1269 1138 1309 esse
1158 1254 1269 1319 bouum,
1284 1254 1365 1319 utile,
1378 1254 1509 1323 possibile,

424 1375 479 1428 per
491 1359 636 1411 decretum
656 1358 790 1411 tourtatar
802 1372 909 1427 scopus.
925 1384 959 1399 -
976 1356 1034 1410 149.
1047 1354 1147 1410 Altero
1159 1356 1272 1411 decreto
1286 1345 1509 1425 laudaturipsum

428 1462 597 1517 institutum.
616 1491 650 1504 -
674 1462 811 1516 1511101
837 1465 982 1517 decretum
1006 1478 1116 1531 semper
1143 1460 1286 1530 praemitti
1310 1459 1385 1514 solet
1408 1464 1510 1515 demae

425 1569 642 1639 approbationis.
659 1595 697 1608 -·-
716 1567 774 1622 151.
795 1566 1015 1621 Constitutiones
1035 1572 1119 1622 antea
1140 1568 1332 1637 approbantur
1349 1550 1401 1620 sub
1421 1569 1509 1621 condi·

427 1668 500 1724 tion'r
520 1673 714 1741 experimenti,
732 1669 796 1725 dein
815 1670 943 1723 obsolute
964 1669 1163 1741 approbantur.

429 1906 503 1971 146.
529 1906 671 1978 Domum,
689 1906 778 1991 quasi
794 1906 980 1993 appendicis
996 1906 1079 1988 loco,
1096 1912 1243 1991 putamus
1260 1905 1510 2002 remqperntilem

340 2050 398 2096 nos
422 2031 566 2096 iaotnros
589 2050 660 2097 esse
683 2050 742 2117 per
765 2051 915 2117 suprema
939 2032 1134 2098 lineamenta
1157 2032 1361 2118 explicantes
1388 2050 1512 2117 proces-

337 2174 407 2219 sum
431 2153 471 2217 ab
495 2154 555 2219 hac
579 2152 678 2240 Gorg.
696 2153 842 2220 habitum
866 2156 899 2219 in
922 2153 1137 2241 approbandis
1161 2156 1255 2220 novis
1280 2138 1438 2221 lnstitutis
1460 2177 1512 2220 sen
1598 2155 1599 2160 ’

341 2277 653 2363 Congregationibus
677 2285 825 2343 votorum
849 2279 1049 2364 simplicium.
1070 2280 1162 2345 Tunc
1181 2280 1266 2344 enim
1289 2276 1372 2344 1111111
1390 2280 1512 2364 inquisi-

340 2402 445 2466 tiones
477 2400 755 2475 entraiudioiales‚
787 2422 869 2487 quaa
900 2422 1029 2487 semper
1060 2401 1208 2467 redolent
1238 2403 1365 2487 praxim
1397 2401 1513 2467 ordinis

339 2522 495 2587 iudicialis
523 2522 563 2587 ab
593 2543 693 2607 eaque
724 2522 917 2610 diriguntur.
948 2524 1118 2611 Negotium
1150 2530 1257 2589 autem
1280 2524 1514 2611 approbationis

340 2644 421 2709 Novi
449 2646 587 2710 instituti
615 2645 710 2711 hodie
738 2651 786 2711 est
817 2649 957 2711 maxime
980 2648 1137 2732 frequens
1160 2647 1245 2733 apud
1267 2647 1354 2713 hano
1373 2649 1514 2734 Congre-

337 2765 509 2850 gationem.
539 2766 709 2849 Sequimur
740 2768 773 2831 111
805 2768 867 2831 hoo
900 2768 1093 2853 exponendo
1123 2766 1328 2835 cardinalem
1355 2770 1511 2839 Bizzarri,

337 2892 393 2973 qui
422 2891 456 2954 111
480 2911 538 2955 sua
570 2891 775 2957 Colleotanea
807 2893 870 2956 iarn
901 2893 954 2957 cit.
983 2892 1127 2977 loquitur
1152 2893 1192 2959 de
1219 2894 1282 2960 hac
1311 2895 1449 2959 materia
1469 2892 1512 2958 od

333 3036 417 3104 paq.
444 3018 517 3083 772
540 3024 570 3085 et
593 3038 662 3105 seq.
1353 3093 1357 3097 ,

431 3138 503 3205 147.
530 3141 709 3207 Exorditur
731 3142 826 3209 huius
851 3146 898 3207 rei
922 3146 1072 3209 tractatio
1088 3164 1108 3208 a
1122 3144 1277 3229 petitione
1300 3142 1515 3209 Moderatoris

338 3269 391 3333 vel
402 3268 627 3336 Moderotriois
645 3272 730 3334 illius
748 3271 897 3359 instituti,
916 3270 999 3354 qnod
1015 3270 1188 3355 approbari
1206 3270 1397 3356 postulat-ur.
1416 3270 1514 3345 Quum
1598 3301 1600 3333 ε

337 3408 465 3475 semper
488 3390 615 3455 litterae
632 3390 877 3456 Ordinariorum
904 3392 1112 3475 requirantur
1135 3390 1318 3456 referentes
1338 3390 1379 3455 de
1395 3390 1516 3456 obiecto
1598 3371 1600 3380 ,

338 3517 570 3603 postulationis,
594 3516 657 3583 hoo
680 3519 714 3581 in
738 3536 815 3581 casu
839 3536 911 3581 cum
936 3516 1049 3602 primis
1072 3518 1301 3601 exquiruntur.
1317 3552 1335 3565 -
1355 3518 1437 3581 Nam
1457 3534 1515 3602 pro
1598 3499 1599 3568 ζ

337 3641 506 3729 disciplina
529 3644 766 3724 Ecclesiastico,
793 3664 943 3727 inagnum
972 3643 1103 3709 facessit
1127 3644 1290 3729 negotium
1322 3662 1388 3706 non
1419 3641 1517 3706 solum
1598 3633 1599 3638 ¹

338 3787 456 3833 novum
480 3768 663 3834 institutum
688 3767 870 3853 approbare
894 3766 951 3831 sed
974 3787 1078 3831 novae
1103 3786 1228 3851 quoque
1261 3767 1374 3832 domus
1400 3765 1518 3832 1111111

339 3894 480 3959 instituti
503 3894 684 3981 approbare
708 3897 920 3974 erectionem,
946 3900 981 3959 ut
1012 3898 1100 3980 patet
1131 3914 1174 3959 11
1202 3899 1346 3959 tractatu
1376 3893 1417 3958 de
1447 3894 1517 3957 iure

429 4194 468 4263 (1)
489 4194 620 4249 institua
639 4194 771 4264 religiosa
792 4194 873 4250 noan
892 4176 1045 4250 lnndantnr
1063 4212 1126 4249 eum
1145 4196 1214 4249 eoin
1228 4195 1402 4266 sempternus
1420 4199 1448 4249 et
1466 4210 1517 4263 ap-

338 4296 481 4367 pellantur
500 4301 584 4355 etiam
604 4301 841 4370 Congregationcs
857 4300 1025 4371 Religiosac,
1039 4306 1069 4355 nt
1087 4301 1296 4370 distinguantur
1315 4302 1351 4355 ab
1371 4300 1518 4354 Ordinibus

342 4402 495 4487 Religiosis
515 4408 560 4465 vel
579 4428 595 4464 a
615 4409 808 4481 Religionibus
827 4410 966 4465 institutis
985 4428 1034 4480 per
1052 4421 1115 4465 eota
1135 4411 1280 4466 solemnia.
