3292 5109
496 304 540 351 nn
564 302 703 351 inurens
728 299 995 349 neorssrasrrcrs
1289 280 1334 347 23

153 426 233 493 bere
261 426 387 494 iudiciis
418 426 648 499 criminalibus,
673 426 729 493 sed
753 446 833 493 oum
852 426 978 509 prema
1000 425 1138 492 intendit
1159 426 1192 490 in
1215 424 1334 490 bonum

154 571 324 617 commune
339 571 397 617 seu
411 552 446 617 in
462 550 638 617 custodiam
655 558 688 617 et
710 550 845 617 tutelam
864 550 954 616 Fidei
974 554 1008 617 et
1023 550 1271 616 Ecclesiasticae
1287 546 1335 611 di-

152 675 327 761 sciplinae;
347 673 553 741 secundario
570 678 679 739 mmen
696 674 800 739 eidem
818 674 917 739 tribui
941 672 1050 739 debuit
1072 671 1286 759 competentia
1302 669 1335 733 in

154 800 245 865 Fidei
257 805 289 865 et
298 800 463 866 &nonum
473 803 721 885 contemptores,
733 804 865 866 servato
878 798 992 864 ordine
1004 799 1154 880 iudiciali,
1163 817 1279 883 nempe
1290 796 1337 860 in·

154 926 326 1009 quisitione
341 924 491 1006 iudiciali,
504 922 631 1009 quaudo
648 922 711 989 hoc
723 923 886 1009 expediat,
903 944 942 989 eo
957 924 1092 990 consilio
1108 928 1144 988 ut
1159 924 1230 987 iura
1241 940 1336 1005 quae

154 1051 215 1114 sita
230 1069 296 1115 non
314 1050 518 1124 tollerentur,
537 1068 597 1115 nec
619 1050 821 1134 privatorum
848 1047 972 1113 iuribus
995 1034 1209 1133 derogaretur
1231 1046 1336 1134 illepi-

155 1176 244 1249 time,
261 1178 435 1259 praetextu
449 1172 525 1238 boni
540 1173 659 1259 publici
678 1180 711 1238 et
723 1173 973 1239 Ecclesiasticae
984 1173 1173 1259 disciplinae
1185 1172 1334 1241 tuendae.

244 1300 460 1367 Nihilominus
484 1298 530 1384 (et
552 1300 615 1365 hoc
638 1298 751 1365 sedulo
774 1299 903 1364 adverti
930 1298 1037 1384 debet)
1061 1299 1093 1365 S.
1118 1298 1334 1383 congregatio

156 1423 230 1508 Sup.
246 1428 278 1487 et
291 1424 382 1488 Univ.
398 1422 616 1506 Inquisitionis
628 1424 661 1487 in
673 1422 735 1488 boo
749 1422 992 1489 discriminatur
1007 1442 1028 1487 a
1043 1422 1172 1502 ceteris,
1185 1422 1259 1505 quia
1274 1439 1335 1506 pro

154 1551 294 1637 negotiis
306 1550 514 1615 contentiosis
525 1569 639 1614 rerum
655 1552 688 1614 et
702 1550 869 1634 proprium
886 1549 1050 1614 constituit
1064 1546 1208 1613 tribunal
1222 1546 1336 1611 mediis

155 1692 281 1757 quoque
305 1674 460 1739 coactivis
483 1673 684 1754 instructum,
709 1692 825 1757 nempe
849 1671 1035 1738 carceribus
1058 1675 1092 1735 et
1113 1670 1157 1734 ita
1179 1689 1288 1754 porro.

244 1796 298 1861 24.
324 1794 406 1871 Quia
421 1793 698 1881 congregationes
714 1814 759 1861 ece
775 1795 925 1861 instituto
940 1814 1001 1861 suo
1018 1793 1185 1858 ordinatae
1200 1791 1335 1857 fuerunt

154 1923 260 2007 potius
279 1926 312 1986 et
331 1921 484 1986 directius
507 1920 694 2005 disciplinae
718 1920 969 1986 Ecclesiasticae
993 1917 1192 1984 inducendae
1208 1922 1242 1985 et
1256 1934 1335 1981 oon-

154 2045 337 2113 serrandae
363 2066 421 2111 seu
444 2043 612 2110 Ecclesiae
634 2043 861 2130 gubernationi
893 2064 988 2127 quam
1012 2045 1151 2111 iustitiae
1173 2063 1234 2129 per
1256 2061 1334 2107 con·

154 2170 331 2234 tentionem
354 2168 535 2234 iudicialem
559 2167 842 2241 administrandae.
863 2170 954 2233 iuvat
976 2167 1236 2236 animadvertere
1259 2165 1335 2252 quid

154 2289 305 2357 effectum
332 2293 374 2357 sit
395 2311 455 2377 per
479 2292 770 2377 congregationum
800 2293 1033 2358 institutionem
1064 2293 1154 2357 circa
1181 2291 1333 2356 concilio·

154 2438 228 2483 rum
251 2436 316 2483 non
339 2416 572 2484 universalium
592 2420 879 2494 convocationem;
904 2438 999 2503 quam
1022 2418 1334 2483 animadversionem

153 2545 199 2608 ita
230 2544 363 2628 exponit
394 2542 588 2607 Benedictus
610 2542 694 2609 XIV
725 2545 760 2607 in
797 2562 849 2630 op.
874 2543 924 2608 De
947 2543 1086 2627 sponde
1110 2542 1332 2618 moecesonu,

152 2666 210 2733 leb.
229 2666 277 2742 Π,
301 2686 376 2750 cap.
393 2664 426 2741 3,
451 2667 524 2749 §7³
542 2656 722 2732 <Alterum
745 2666 977 2734 advertendum
1001 2673 1050 2732 est
1074 2668 1183 2752 plnres
1207 2686 1278 2732 esse
1301 2668 1334 2731 in

154 2792 242 2859 Urbe
267 2792 483 2858 Cardinalium
507 2791 783 2878 congregationes
806 2812 827 2855 a
851 2792 942 2858 Sixto
958 2793 1000 2864 V,
1018 2793 1251 2859 Constitutione
1274 2792 1332 2864 74,

155 2918 339 2997 immensa,
362 2918 523 2983 institutas
548 2919 580 2981 in
610 2917 724 3001 quibus
755 2919 870 2999 etiam,
895 2938 979 3003 quae
1001 2920 1034 2982 in
1057 2918 1126 2984 dies
1156 2924 1334 2985 occurrunt

155 3040 278 3106 Romae
294 3040 522 3106 Ecclesiastico
538 3041 667 3125 negotia
682 3041 810 3124 saepius
826 3046 1072 3125 pertractantur
1087 3048 1183 3125 atque
1198 3047 1334 3107 exortae

153 3164 240 3229 inter
263 3162 387 3229 clarum
410 3164 653 3229 controversiae
676 3163 886 3239 dirimuntur;
911 3184 954 3229 ex
976 3185 1038 3250 quo
1062 3134 1203 3230 efficitur
1218 3170 1255 3231 ut
1277 3165 1334 3251 Sy·

154 3288 230 3354 nodi
266 3290 394 3355 omissio
426 3290 676 3355 Ecclesiasticae
702 3288 798 3356 Urbis
833 3289 1020 3376 disciplinae
1050 3290 1174 3355 nullum
1208 3291 1334 3375 irroget

155 3410 321 3486 damnum;
346 3408 497 3496 quidquid
528 3413 614 3477 enim
641 3431 701 3497 pro
727 3411 945 3477 reformandis
975 3412 1083 3498 populi
1105 3417 1138 3477 et
1161 3392 1241 3478 oleri
1264 3432 1333 3477 mo·
1411 3402 1418 3409 ’

154 3538 245 3605 ribus
279 3536 439 3605 difficilius
469 3544 501 3605 et
534 3538 659 3605 tardius
690 3538 894 3606 othneretur
926 3559 947 3603 a
981 3538 1126 3625 synodo,
1151 3537 1278 3604 facilius
1301 3544 1335 3604 et

156 3663 295 3729 celerius
318 3667 503 3749 praestatur
526 3682 546 3727 a
569 3664 698 3730 Summo
723 3632 882 3729 Pontifice
904 3668 962 3728 aut
979 3683 999 3728 a
1015 3662 1234 3729 Cardinalium
1250 3664 1333 3729 Gon-

155 3786 398 3874 gregationibus
414 3808 445 3852 ›.
469 3785 539 3854 Imo
562 3808 635 3854 cum
659 3789 760 3873 magis
776 3788 810 3853 in
827 3787 896 3854 dies
918 3789 952 3852 in
975 3788 1215 3855 desuetudinem
1238 3788 1334 3856 abeat

155 3912 297 4001 synodus
323 3914 523 3979 Dioecssana
554 3913 637 4000 apud
668 3934 779 3979 omnes
803 3913 984 3989 Ecclesiae,
1010 3916 1092 3980 ratio
1116 3914 1198 3980 haec
1228 3914 1333 3999 repeti

154 4036 252 4111 solet;
277 4054 392 4121 nempe
409 4035 683 4121 congregationes
705 4056 788 4101 rom.
806 4036 1002 4103 commodius
1026 4057 1202 4103 occurrere
1223 4057 1333 4103 neces·
1432 4020 1436 4027 ¹

154 4158 300 4226 sitatibus
323 4158 437 4243 quibus
460 4160 635 4243 antiquitus
651 4160 793 4245 synodus
815 4161 1041 4246 prospiciebat.
1066 4160 1138 4244 Sed,
1155 4163 1232 4248 quin
1255 4162 1331 4228 buic

154 4285 273 4363 rationi
297 4302 388 4349 suum
412 4284 604 4349 detrahatur
627 4283 759 4370 pondus,
785 4285 1046 4377 animadvertere
1061 4287 1159 4353 liceat
1181 4308 1333 4354 romanas

154 4406 431 4492 congregationes
453 4425 518 4485 non
541 4410 616 4493 apte
639 4407 812 4494 invigilare
838 4426 933 4493 posse
956 4410 990 4472 in
1014 4408 1214 4497 disciplinam
1244 4411 1333 4477 dioe-
