3292 5109
493 243 535 287 nn
562 240 701 289 runicus
724 240 989 287 sccnnsmsrrors
1042 218 1044 227 ’
1273 219 1340 284 439

166 384 322 451 expresse
337 362 472 437 dicatur,
490 370 545 427 aut
560 364 648 428 clare
664 368 772 447 pateat
791 362 927 427 electam
943 362 1043 427 fuisse
1058 361 1247 427 industriam
1263 380 1338 445 per-

160 508 269 563 sonae,
294 491 418 575 opinor,
442 490 636 554 sententiam
668 490 851 555 iudicialem
882 489 1021 553 validam
1053 486 1232 552 habendam
1256 506 1337 552 esse.

250 612 488 697 Subdelegandi
519 617 662 697 potestas
696 632 761 677 non
795 612 923 677 videtur
957 608 1144 696 deneganda
1168 610 1336 694 Episcopa

160 739 306 823 quamvis
321 758 386 803 non
402 740 604 823 exprimatur
620 740 654 802 in
671 738 830 822 rescripto
854 736 1072 821 delegationis,
1091 733 1215 819 quando
1231 736 1339 819 agitur

160 862 200 927 de
224 863 421 928 instruendis
443 864 647 949 processibus
671 882 731 947 pro
754 861 928 927 obtinenda
954 862 1190 948 dispensatione
1217 882 1236 923 a
1266 860 1337 924 vin-

160 988 233 1053 culo
256 989 452 1053 matrimonii
477 988 539 1052 rati
563 995 595 1052 et
618 1008 683 1053 non
707 988 928 1053 consummati.
955 988 1035 1051 Nam
1052 987 1225 1051 Instructio
1249 986 1280 1051 S.
1303 985 1336 1052 0.

159 1110 294 1178 Concilii
317 1132 349 1176 a.
373 1112 474 1176 1840.
500 1148 518 1159 -
548 1108 635 1176 Cum
653 1117 791 1178 moneat
812 1114 925 1197 plossa
950 1146 967 1159 -
993 1130 1075 1193 quae
1098 1109 1192 1175 discet
1208 1111 1338 1193 Episco-

158 1254 216 1318 pos
227 1254 295 1317 per
309 1253 345 1299 se
359 1233 451 1317 ipsos
467 1254 581 1299 causas
596 1236 849 1301 matrimoniales
866 1254 1063 1319 cognoscere
1083 1232 1212 1312 debere,
1229 1240 1336 1296 tamen

159 1358 256 1424 facile
282 1358 440 1432 concedit,
464 1360 595 1425 eosdem
618 1380 711 1443 posse
742 1359 894 1445 delegare
921 1364 998 1424 acta
1024 1376 1204 1440 processus
1235 1356 1338 1440 confi-

158 1484 303 1557 cienda:
326 1490 377 1551 est
399 1485 484 1549 enim
508 1484 656 1551 doctrina
682 1486 869 1555 communis,
894 1482 1030 1549 iudicem
1059 1483 1149 1547 cuius
1180 1482 1339 1546 industria

158 1609 265 1673 electa
287 1614 335 1674 est
357 1608 397 1672 ad
422 1614 545 1673 certam
569 1608 825 1693 cognoscendam
850 1628 989 1687 causam,
1010 1626 1102 1691 posse
1126 1605 1338 1688 subdelegare

157 1734 343 1799 orticariam
372 1753 443 1799 non
473 1733 794 1805 iurisdictionalem‚
820 1752 878 1798 seu
902 1732 1039 1815 aliquem
1070 1738 1177 1797 actum
1207 1750 1337 1815 proces·

157 1878 213 1922 sus
244 1854 489 1927 conficiendum,
520 1858 621 1924 veluti
651 1858 846 1923 auditionem
878 1860 1016 1923 testium.
1043 1894 1060 1903 -
1086 1855 1134 1922 Cf.
1160 1856 1338 1920 Leurenius

156 1983 220 2048 loc.
245 1982 298 2047 cit.

248 2106 282 2190 5)
306 2106 418 2181 Quoad
442 2108 612 2172 facultates
636 2108 768 2173 concedi
800 2107 911 2172 salitas
935 2128 954 2171 a
978 2107 1095 2171 Sancta
1126 2106 1208 2173 Sede
1242 2104 1338 2171 Ordi-

159 2233 263 2297 nariis
282 2232 437 2303 locorum,
454 2232 683 2297 attendendum
708 2238 756 2297 est
779 2232 842 2301 hac
866 2234 1085 2317 nuperi-imum
1111 2232 1281 2295 Decretum
1306 2230 1337 2293 S.

158 2358 195 2425 G.
221 2358 252 2424 S.
278 2355 385 2424 Officii
411 2394 428 2405 -
453 2358 530 2423 Fer.
554 2356 614 2420 IV
631 2357 687 2422 die
709 2356 761 2421 23
791 2358 884 2423 Iunii
913 2356 1023 2422 1898:
1046 2361 1205 2427 statuens,
1237 2374 1254 2417 <
1280 2354 1337 2420 Su-

157 2501 273 2567 prema
295 2481 378 2547 haec
402 2482 500 2568 Cong.
525 2482 558 2546 in
583 2482 660 2547 Fer.
685 2478 708 2541 I
713 2480 743 2545 V
761 2481 816 2546 dte
839 2480 888 2544 24
912 2479 996 2545 Noe.
1022 2478 1113 2543 1897
1137 2477 1284 2542 decrevit
1305 2477 1338 2539 in

157 2606 367 2673 facultatibus
390 2606 557 2691 Episcopis
580 2605 803 2672 concedendis
828 2604 1004 2668 clausulam
1028 2603 1175 2667 eiurante
1198 2620 1339 2666 munere

159 2750 233 2795 esse
255 2729 514 2816 supprimendam
538 2731 626 2795 etin
650 2730 770 2794 ceteris
793 2728 942 2794 standum
965 2726 1090 2791 formae
1114 2724 1244 2789 Decreti
1276 2725 1338 2787 iam

159 2856 216 2920 lati
241 2856 297 2921 die
326 2856 378 2921 20
407 2856 486 2922 rea.
511 2855 617 2937 1888,
646 2857 723 2921 n.1
753 2861 783 2921 et
814 2854 857 2926 2,
882 2859 915 2917 at
944 2854 1035 2919 iuxta
1064 2850 1210 2925 modum;
1240 2848 1337 2913 idest:
1364 2824 1366 2828 ι

158 3014 178 3025 -
207 2977 238 3041 l⁰
260 2977 453 3043 Famrttates
477 2996 595 3043 omnes
618 2977 806 3043 habitantes
828 2970 1060 3060 inposterum
1085 2972 1339 3039 corrsmittendas

158 3120 231 3167 esse
264 3100 458 3166 ordinariis
488 3101 668 3167 Locorum.
700 3136 718 3147 -
750 3099 783 3163 2⁰
804 3100 1042 3183 Appellatione
1074 3096 1339 3164 Ordinariorum

159 3227 276 3292 entire
304 3226 501 3309 Episcopus,
526 3226 832 3291 Administratares
861 3244 921 3291 seu
946 3223 1095 3289 Vicarios
1119 3220 1336 3304 alpastoticos,

157 3351 339 3417 Praelatos
367 3371 428 3417 seu
457 3350 655 3432 Praefectos
686 3350 845 3417 habentes
874 3348 1141 3415 iurisdictionem
1172 3365 1250 3411 eum
1277 3348 1340 3409 ter·

157 3474 279 3540 ritorio
300 3480 469 3557 separato,
486 3492 673 3559 eorumque
691 3473 857 3559 officiales
879 3492 939 3538 sea
964 3472 1115 3539 Vicarios
1130 3472 1166 3535 in
1181 3470 1339 3553 spiritua·

158 3598 247 3665 libas
273 3598 464 3671 Generates,
489 3605 520 3665 et
542 3600 621 3665 sede
642 3604 799 3678 vacante,
835 3597 1007 3664 istratum
1035 3594 1266 3679 Capitatarem
1286 3596 1338 3659 eet

159 3725 347 3811 tepitimum
378 3724 702 3791 Administratorem
733 3760 762 3787 -.
795 3723 882 3788 Hinc
912 3724 1109 3808 propositum
1139 3722 1200 3785 luit
1234 3720 1337 3784 eidem

157 3851 236 3915 huic
260 3849 290 3915 S.
312 3849 411 3935 Cong.
435 3848 582 3947 dapium:
608 3883 626 3896 -
657 3848 778 3914 Utrum
801 3850 1030 3915 concessiones
1052 3846 1123 3911 iam
1145 3845 1258 3929 factae
1280 3864 1338 3909 an·

158 3974 347 4040 decedenter
370 3972 547 4056 Episcopis
570 3972 614 4038 ad
636 3971 833 4054 Apostolica
858 3970 946 4037 Sede
969 3971 1110 4059 intedipi
1133 3971 1276 4037 debeant
1302 3970 1339 4035 in

156 4117 260 4165 sensu
279 4098 434 4181 praefati
456 4097 589 4164 Decreti
613 4132 642 4159 -.
667 4096 734 4160 En.
753 4095 819 4159 PP.
847 4095 1092 4180 responderunt:
1110 4131 1128 4144 ·
1146 4094 1338 4161 Declaratio

158 4225 194 4290 S.
215 4222 321 4306 Officii
334 4222 428 4305 facta
444 4223 537 4289 circa
551 4220 731 4303 facultates
746 4220 980 4287 concedendas
996 4220 1030 4285 ai
1045 4221 1169 4287 decreti
1185 4222 1262 4285 Fer.
1284 4220 1303 4284 1
1312 4218 1342 4283 V

157 4349 216 4415 die
240 4349 288 4413 24
301 4347 388 4415 Nou.
405 4347 496 4412 1897
520 4345 727 4412 eaterrdatur
749 4344 798 4410 ad
818 4344 998 4428 facultates
1013 4345 1085 4409 iam
1104 4344 1338 4410 antecedenter
