3292 5109
264 252 306 319 14
780 270 864 318 raas
888 270 925 316 11.

261 394 448 463 Cardinales
482 395 658 460 convenire
693 393 823 465 debent,
857 392 1133 480 Congregationes
1168 392 1325 477 quaedam
1357 392 1440 460 (lar-

260 516 414 585 dinalium
437 517 628 601 frequenter
650 515 850 583 haberentur
873 523 907 584 et
930 536 990 602 pro
1014 536 1124 581 rerum
1148 518 1310 603 gravitate
1333 521 1368 582 et
1389 536 1444 581 ua·

260 644 376 711 rietate
403 662 484 726 quae
514 640 555 706 ad
585 641 700 707 Sedem
724 642 942 726 Apostolicam
965 640 1167 713 deferuntur.
1186 638 1344 705 Summus
1374 642 1442 725 ipse

261 768 425 843 Pontifex,
442 768 497 854 qui
511 770 639 833 clavum
654 765 941 843 administrationis
956 773 1054 841 tenet,
1071 774 1180 834 certas
1195 767 1296 833 veluti
1321 767 1443 834 classes

260 894 477 961 cardinalium
513 893 700 958 constitutas
735 890 881 973 haberet,
906 892 1021 976 quibus
1055 892 1204 977 proprias
1237 894 1442 978 negotiorum

259 1020 470 1085 tractationes
503 1036 737 1100 causarumque
775 1014 980 1082 difficultates
1014 1018 1112 1102 ipsius
1151 1019 1347 1086 auctoritate
1384 1038 1441 1085 co-

259 1142 461 1230 gnoscendas
495 1148 528 1209 et
562 1141 775 1223 definiendas,
810 1144 880 1207 sive
913 1142 1011 1208 etiam
1045 1142 1277 1208 examinandas
1311 1148 1437 1210 tantum

259 1268 355 1335 etad
378 1289 451 1334 eum
482 1268 596 1335 deinde
629 1267 819 1333 referendas
850 1288 911 1353 pro
937 1269 1096 1353 singulari
1127 1289 1186 1335 sua
1209 1271 1367 1355 sapientia
1391 1269 1442 1335 di-

259 1395 435 1461 stribueret
451 1416 481 1458 a.
496 1429 513 1445 ·
535 1392 706 1473 cohellius,
724 1391 852 1460 Notitia
868 1390 1110 1459 cardinalatus
1126 1413 1201 1477 cap.
1214 1393 1265 1467 15,
1287 1390 1392 1481 ceap.
1412 1394 1440 1471 1,

260 1518 337 1584 edil.
354 1516 453 1585 Rom.
475 1536 557 1603 paq.
577 1515 624 1581 44
647 1516 756 1583 docet:
776 1536 794 1583 ‹
812 1516 891 1583 cum
914 1518 1116 1601 negotiorum
1132 1517 1276 1601 gravitas
1300 1519 1333 1582 et
1355 1517 1439 1581 mul-

260 1638 362 1705 titudo
384 1640 418 1704 in
443 1637 511 1705 dies
542 1640 643 1724 magis
673 1658 713 1704 ac
742 1642 845 1723 magis
868 1637 910 1704 ad
934 1640 1044 1724 Apost
1073 1638 1189 1705 Sedem
1220 1640 1437 1705 devolvantur

260 1760 410 1845 solusque
438 1758 591 1826 Pontifex
613 1757 760 1825 omnibus
782 1758 973 1825 satisfacere
997 1766 1029 1825 et
1052 1760 1286 1827 consistorium
1309 1780 1438 1847 semper

260 1903 434 1968 omnesque
455 1883 642 1950 cardinales
666 1884 795 1949 insimul
818 1904 1001 1950 convocare
1023 1885 1065 1950 sit
1087 1885 1293 1970 impossibile,
1317 1906 1441 1953 summa

261 2009 389 2093 quidem
419 2008 589 2094 prudentia
615 2008 736 2075 factum
760 2009 923 2082 videmus,
949 2029 1060 2075 rerum
1086 2010 1348 2097 peragendarum
1371 2032 1441 2078 mo-

260 2130 324 2197 lem
355 2132 389 2195 in
419 2131 527 2194 varios
558 2148 597 2194 ac
627 2130 713 2195 inter
743 2152 778 2195 se
809 2130 977 2197 distinctos
1008 2131 1227 2199 cardinalium
1262 2139 1441 2201 conventus

261 2250 548 2341 (congregationes
577 2254 753 2341 appellant)
784 2274 887 2339 aequa
917 2255 1014 2321 lance
1043 2256 1177 2322 divisam
1206 2262 1239 2323 et
1269 2260 1361 2324 iuxta
1383 2280 1441 2325 cu·

260 2380 372 2462 iusque
399 2378 447 2442 rei
470 2376 678 2463 indigentiam
708 2381 918 2465 assignatam,
948 2383 1051 2447 itaut
1077 2381 1268 2450 cardinales
1291 2387 1350 2471 ipsi
1375 2407 1440 2453 non

260 2524 371 2569 omnes
394 2502 541 2568 omnibus
557 2504 867 2591 congregationibus
884 2508 1049 2589 intersint,
1065 2507 1124 2573 sed
1139 2514 1174 2574 ut
1196 2511 1307 2594 partiti
1330 2515 1440 2580 oneris

260 2628 440 2713 portionem
478 2626 581 2692 levius
619 2625 741 2711 ferant,
776 2628 962 2714 diligentius
1001 2634 1205 2716 examinent,
1243 2636 1434 2703 Pontificem

259 2750 398 2834 denique
422 2769 481 2836 pro
504 2770 656 2835 suprema
677 2772 792 2818 manus
814 2756 1013 2840 appositione
1037 2757 1215 2832 consulant,
1233 2761 1315 2825 certi
1339 2763 1439 2827 certis

260 2872 383 2938 luerint
405 2872 522 2938 adlecti
539 2894 570 2937 ›.

351 3002 401 3065 14.
428 3001 561 3066 Illorum
590 3001 802 3087 collegiorum
825 3008 943 3068 natura
966 3004 1089 3071 clarius
1118 3007 1327 3093 intelligetur,
1352 3009 1438 3077 facta

260 3128 499 3211 comparatione
523 3146 595 3192 cum
618 3127 690 3193 aliis
716 3128 785 3193 sive
809 3128 1035 3196 tribunalibus
1057 3132 1127 3196 sive
1149 3132 1267 3217 officiis
1289 3136 1324 3199 in
1346 3136 1439 3201 curia

144 3310 150 3321 ,
259 3270 394 3316 romana
415 3249 612 3336 vigentibus;
638 3253 669 3315 in
694 3252 777 3336 quod
806 3255 1001 3338 propositum
1026 3256 1192 3339 pensanda
1214 3264 1291 3327 sunt
1313 3281 1437 3346 genera

258 3377 461 3461 negotiorum
485 3396 566 3461 quae
589 3398 649 3462 per
672 3398 747 3443 suos
770 3379 910 3443 curiales
935 3379 1089 3445 Pontifex
1121 3382 1277 3466 expedire
1300 3387 1391 3453 solet.
1417 3422 1436 3435 -

260 3502 409 3565 lamvero
426 3500 604 3565 huiusmodi
621 3503 752 3585 negotia
767 3502 951 3566 necessario
967 3503 1007 3567 ad
1023 3510 1213 3587 potestatem
1229 3508 1348 3591 publici
1363 3528 1441 3593 pon·

258 3620 349 3688 tifieii
372 3624 538 3709 regiminis
562 3643 596 3688 se
619 3623 782 3699 referunt;
807 3644 909 3709 quare
931 3626 996 3690 alia
1018 3632 1093 3692 sunt
1115 3630 1238 3695 ordinis
1261 3632 1441 3717 teptslatioi

259 3747 323 3811 alia
346 3746 468 3811 ordinis
483 3747 657 3815 caecutiat.
685 3748 846 3833 Principis
862 3751 947 3813 enim
965 3755 1014 3815 est
1029 3771 1088 3835 pro
1104 3751 1303 3819 subditorum
1319 3756 1440 3841 guber·

259 3875 389 3938 natione
414 3873 505 3959 leges
528 3879 560 3939 et
583 3872 716 3939 decreta
738 3873 829 3939 ferre
852 3882 886 3941 et
909 3877 1021 3942 eadem
1052 3880 1180 3963 exequi.
1214 3880 1336 3967 Legum
1359 3904 1440 3950 vero

259 4002 293 4063 et
316 3997 522 4063 decretorum
552 4000 701 4063 executio
725 3998 902 4065 obtinetur:

350 4122 382 4208 l)
405 4124 458 4189 vel
486 4143 545 4209 per
575 4124 751 4209 simplicem
780 4130 970 4211 potestatem
1001 4116 1204 4194 er'recutivam
1234 4150 1297 4215 qua
1326 4133 1438 4199 Ponti-

259 4246 330 4315 ficis
352 4252 426 4315 acta
453 4252 485 4313 et
510 4248 644 4314 decreta
667 4257 757 4317 certo
783 4252 878 4318 modo
905 4253 1140 4321 demandantur
1168 4258 1365 4324 executioni:
1392 4276 1436 4325 ea

259 4368 392 4456 officia,
