3292 5109
525 296 569 341 nu
593 293 733 342 molens
756 294 1022 356 ecciesiasticis
1298 272 1361 339 321

179 423 290 485 tanmu
314 440 391 487 casu
414 422 447 485 in
471 422 630 506 rescripto
655 419 900 506 dispensationis
930 424 1021 485 extat
1051 420 1172 485 mentio
1202 418 1363 484 mercedis

181 538 357 631 praestitae
373 548 502 632 Ageuti
520 546 576 613 sed
597 547 700 611 solum
725 547 877 633 explicite
899 552 1032 611 notatur
1051 565 1194 611 summae
1216 566 1293 632 pars
1316 566 1364 611 so·

180 667 269 734 Iutae
292 689 351 754 pro
376 668 499 734 iuribus
522 670 683 735 DetarIae.

272 792 335 859 Sed
352 793 616 867 Poenitentiariae,
634 814 697 858 non
715 814 808 859 secus
823 814 863 859 ac
879 794 1162 880 Congregatioues,
1181 794 1364 879 expostulat

182 920 219 979 ut
242 916 492 1001 supplicationes
515 919 579 982 sint
602 920 782 984 instructae
804 918 1051 1001 informatione
1070 916 1364 985 seu'commeada·

138 1086 140 1089 -
184 1040 273 1106 tinae
290 1039 457 1107 Ordiuarii
474 1042 599 1127 quaudo
625 1046 787 1129 negotium
812 1049 937 1129 spectat
959 1044 1145 1127 ausorum
1169 1050 1365 1127 aetermam

184 1186 227 1230 ex
250 1188 281 1252 g.
304 1167 345 1231 ad
369 1168 557 1234 obtinendas
588 1168 843 1254 dispensationes
873 1169 914 1234 ab
945 1170 1180 1255 impedimentis
1210 1169 1364 1254 publicis;

183 1291 225 1355 ad
248 1293 485 1377 impetrandam
510 1296 708 1359 sanationem
731 1294 769 1359 ia
791 1295 910 1360 radice
932 1294 1059 1379 quando
1078 1296 1186 1380 agitur
1202 1294 1242 1359 de
1258 1295 1365 1359 matri·

184 1419 291 1481 monio
315 1422 482 1482 contracto
506 1438 578 1482 curu
603 1417 730 1503 publico
747 1417 991 1503 impedimento;
1015 1420 1054 1483 ad
1078 1417 1283 1483 obtinendam
1303 1436 1366 1500 pa·

183 1540 311 1624 pettam
326 1547 712 1606 casuumreserratorum
725 1546 786 1606 etc.
800 1541 926 1606 Verum
942 1543 1038 1606 etiam
1054 1562 1113 1626 pro
1127 1541 1206 1624 foro
1223 1546 1365 1607 euterun

183 1663 212 1725 si
236 1663 427 1746 gravissima
451 1672 589 1747 urgeant
605 1684 714 1728 rernm
739 1664 900 1745 adiuncta,
922 1664 1093 1749 aliquando
1115 1654 1236 1748 ancipit
1250 1683 1366 1749 preces

185 1790 354 1848 oratorum
385 1783 530 1850 inaudito
563 1768 755 1861 Ordinari03
786 1785 843 1850 sed
873 1792 952 1852 tuuc
982 1791 1077 1851 cavet
1107 1791 1142 1852 ut
1171 1789 1366 1871 rescriptum

185 1914 343 1975 exaretur
370 1910 402 1973 in
429 1909 546 1992 forma
574 1910 808 1977 commtssoria
835 1931 894 1975 seu
920 1913 1055 1976 remittit
1080 1914 1244 1997 negotium
1269 1912 1367 1978 Ordi-

185 2036 279 2099 nario
311 2033 563 2120 expediendum,
588 2037 780 2100 necessariis
812 2036 968 2123 delegatis
998 2036 1212 2103 facultatibus.
1237 2038 1368 2103 Etenim

186 2180 245 2245 pro
270 2161 382 2245 gratiis
413 2179 469 2224 seu
500 2159 751 2225 absolutionibus
782 2165 814 2225 et
845 2160 1133 2245 dispensationibus
1156 2163 1367 2246 impetrandis

187 2283 221 2345 iu
250 2282 329 2365 soro
362 2283 497 2349 interno
528 2284 617 2347 nulla
648 2286 832 2367 exquiritur
856 2283 1021 2351 Ordinarii
1054 2285 1304 2362 commendatio;
1336 2292 1369 2353 et

188 2408 443 2472 Poenitentiaria
466 2407 570 2472 credit
592 2408 775 2473 oratoribus
793 2410 863 2473 sive
887 2414 1003 2475 eontra
1026 2430 1061 2475 se
1085 2412 1154 2475 sive
1177 2431 1237 2495 pro
1261 2433 1295 2475 se
1318 2417 1368 2477 at-

185 2531 377 2597 testantibus
401 2535 435 2597 et
456 2530 697 2609 confitentibus,
723 2535 829 2618 prouti
853 2533 1013 2619 agendum
1038 2540 1087 2599 est
1115 2536 1147 2599 in
1177 2534 1256 2618 foro
1283 2555 1367 2618 poe-

185 2656 363 2722 aitenttati.

277 2787 353 2852 270.
378 2784 475 2850 Modo
510 2786 629 2869 aliquid
664 2788 697 2851 in
733 2788 841 2871 specie
872 2787 910 2851 de
946 2791 1162 2873 competentia
1193 2790 1369 2856 Poeniten-

185 2911 304 2977 tiariae
322 2910 497 2975 dicendum
523 2916 581 2975 est.
599 2948 616 2959 -
633 2911 783 2975 lamvero
808 2913 1017 2978 Innocentius
1032 2914 1100 2978 XII
1124 2915 1157 2978 in
1173 2913 1281 2979 Const.
1298 2914 1369 2982 Ro-

187 3056 312 3102 manus
331 3035 496 3118 Pontiseoe
519 3036 624 3120 coepit
647 3035 819 3100 elenchum
842 3042 958 3102 texere
981 3038 1173 3103 facultatum
1198 3041 1370 3107 PoenIten-

187 3162 303 3239 tiariae
326 3158 366 3223 ad
390 3178 516 3223 omnem
548 3160 634 3224 inter
657 3160 822 3224 Datariam
853 3164 887 3224 et
917 3160 1134 3225 Secretariam
1159 3162 1312 3226 Brevium
1337 3168 1371 3227 et

189 3281 476 3346 Poenitentiariam
507 3280 735 3345 removendam
769 3282 1003 3365 competentiae
1033 3280 1304 3346 inordinationem
1335 3287 1369 3347 et

189 3403 430 3479 confusionem;
454 3404 531 3468 huic
553 3406 644 3489 operi
668 3406 762 3468 etiam
787 3422 901 3468 manus
924 3403 1065 3469 admovit
1081 3405 1229 3469 Clemens
1244 3407 1312 3471 XII
1337 3408 1370 3470 iu

192 3531 300 3631 donst.
324 3530 544 3613 Apostotutus
570 3530 724 3615 Officium
747 3535 779 3595 et
806 3550 885 3615 opus
908 3531 1047 3616 perfecit
1069 3531 1263 3597 Benedictus
1286 3533 1371 3599 XIV

188 3658 222 3721 in
247 3656 354 3722 Const.
371 3657 497 3721 Pastor
512 3656 629 3721 Bonus
647 3657 680 3719 in
704 3674 767 3739 qua
789 3656 933 3741 singulas
957 3662 990 3721 et
1013 3642 1124 3722 omnes
1147 3663 1298 3723 recenset
1320 3658 1370 3722 fa-

190 3776 326 3842 cultates
349 3776 623 3842 Poenitentiariae
647 3780 876 3859 competentes.
900 3775 980 3841 Cum
1003 3797 1068 3842 uon
1092 3782 1188 3842 vacet
1209 3779 1371 3864 integram

190 3903 363 3969 excribere
385 3903 471 3966 hanc
495 3900 630 3973 Rullum,
652 3899 811 3964 nonnulla
839 3921 990 3987 suprema
1013 3902 1173 3987 principia
1194 3900 1370 3967 trademus.

281 4012 319 4091 lu
341 4027 472 4111 primis:
499 4025 529 4111 l)
546 4029 641 4090 cavet
656 4043 810 4109 expresse
828 4026 983 4091 Pontifex
998 4046 1032 4090 se
1048 4026 1107 4090 has
1127 4026 1297 4091 facultates
1321 4025 1371 4090 de·

92 4132 95 4137 ¹
186 4154 366 4219 terminare
384 4170 402 4213 u
420 4150 511 4215 salva
525 4168 654 4233 semper
669 4149 803 4215 Maioris
819 4149 1065 4215 Poenitentiarii
1082 4150 1237 4219 facultate
1254 4154 1370 4217 Itoma-

189 4295 266 4342 num
291 4273 480 4343 Pontificem
506 4272 693 4338 consulendi
720 4274 754 4337 in
783 4273 948 4357 quibusvis
971 4276 1221 4359 particularibus
1245 4276 1371 4342 casibus
1441 4334 1453 4343 ..

191 4404 287 4469 etiam
306 4422 367 4489 per
382 4405 571 4488 praesentes
588 4400 723 4464 Nostrae
740 4399 884 4466 Litteras
907 4420 972 4465 non
992 4402 1164 4476 concessis,
1181 4402 1277 4467 immo
1300 4422 1371 4487 pro·

337 4546 397 4598 Soc.
417 4544 494 4613 Lege
1193 4544 1225 4598 21
