3292 5109
303 295 369 361 488
752 315 959 363 insanarum
983 315 1033 363 111.
1122 309 1128 316 “

303 436 491 504 consensione,
507 442 537 490 ut
550 451 630 492 nemo
643 442 757 509 questus
776 439 821 504 sit,
835 438 968 492 traditum
987 439 1079 492 minus
1094 439 1179 509 digno
1193 439 1318 494 celsioris
1331 439 1384 492 loci
1401 455 1481 506 prae-

301 539 387 600 mium
407 540 450 596 rel
471 543 561 596 minus
580 543 652 598 iuste
671 543 753 598 alteri
775 543 882 598 credita
901 543 1026 597 remotis
1044 542 1396 612 ecclesiaegubernacula.

390 651 439 714 «ἓ
457 648 482 702 9.
503 650 624 720 Atquin
643 650 727 704 certis
746 649 927 705 admonemur
940 651 1057 716 indiciis,
1076 667 1132 705 non
1150 652 1190 704 ita
1209 652 1237 704 id
1256 651 1320 705 aliis
1339 651 1490 720 Episcopis,

302 754 461 824 contigisse,
480 755 537 809 imo
555 772 610 809 non
629 756 733 822 deesse,
752 757 799 827 qui
820 758 936 826 privatis
955 757 1063 827 abrepti
1082 757 1182 812 studiis
1194 774 1277 827 saepe
1289 758 1430 812 declinare
1449 774 1484 811 ac

302 859 469 929 redarguere
489 861 621 915 iudicium
640 862 797 932 episcopale
815 867 1010 932 praesumant:
1024 879 1074 917 nos
1086 868 1233 933 propterea
1252 863 1366 917 solliciti
1384 863 1419 918 de
1432 865 1485 916 im·

303 966 410 1036 plendis
427 973 509 1038 prout
528 969 608 1023 decet
624 970 749 1038 muneris
768 971 855 1024 nostri
875 971 1002 1040 partibus
1015 970 1151 1025 nonnulla
1163 970 1296 1040 praefatis
1315 969 1419 1024 litteris
1430 970 1484 1024 ad-

301 1067 399 1136 denda,
420 1071 554 1127 nonnulla
572 1089 638 1127 vero
659 1073 743 1128 tacite
762 1073 940 1144 breviterque
959 1073 1060 1128 ibidem
1079 1074 1183 1128 tradita
1201 1074 1305 1128 clarius
1317 1073 1486 1143 explicanda

303 1175 467 1242 censuimus,
489 1182 520 1230 ut
539 1181 614 1232 recte
632 1177 726 1232 omnia
745 1181 829 1248 atque
848 1194 881 1232 ex
900 1177 997 1232 ordine
1016 1183 1195 1247 peragantur.

391 1286 438 1347 «ἕ
462 1284 499 1336 10.
520 1285 679 1339 Moerentes
698 1284 785 1354 igitur
803 1284 974 1350 audivimus,
994 1283 1067 1355 qued
1085 1284 1113 1337 iu
1133 1283 1273 1354 plerisque
1292 1283 1483 1348 dioecesibus,

303 1387 354 1441 etsi
375 1394 487 1458 recepta
505 1389 542 1442 sit
561 1389 709 1444 laudabilis
733 1391 907 1462 firmiterquo
932 1390 1111 1444 custodienda
1135 1389 1305 1444 consuetudo
1323 1389 1352 1441 in
1370 1389 1486 1458 scriptia

303 1496 445 1567 redigendi
465 1513 580 1553 examen
600 1500 834 1566 concurrentium,
851 1499 1033 1554 nibilominus
1053 1499 1282 1554 Examinatorum
1301 1498 1434 1566 suffragia
1453 1498 1482 1550 in

303 1605 363 1658 sola
381 1605 539 1660 litterarum
559 1609 660 1676 peritia
677 1614 833 1674 versantur,
852 1625 903 1662 nec
922 1608 1034 1662 illorum
1053 1608 1210 1678 exquiritur
1223 1606 1364 1661 sententia
1375 1605 1409 1660 de
1423 1605 1484 1660 cle·

215 1743 219 1751 =
304 1711 422 1765 ricorum
448 1719 556 1776 aetate,
581 1715 772 1781 institutione,
797 1715 937 1786 grauitate
963 1720 991 1769 et
1018 1714 1165 1769 honestate
1190 1729 1313 1780 morum,
1335 1713 1485 1782 prudentia

303 1819 405 1872 muniis
423 1825 507 1876 antea
531 1823 674 1890 exercitis,
695 1826 724 1877 et
742 1841 777 1876 an
797 1823 869 1877 tales
892 1823 1003 1877 demum
1022 1823 1093 1887 sint,
1112 1823 1159 1893 qui
1179 1837 1245 1875 ores
1266 1839 1331 1875 scias
1348 1823 1434 1876 verbo
1453 1826 1486 1874 et

303 1927 430 1997 exemplo
449 1929 545 1984 iuvare
565 1931 677 1998 possint.
692 1931 779 1992 Quam
793 1931 874 1986 devia
893 1933 930 1986 sit
949 1931 1105 1985 huiusmodi
1123 1931 1215 2001 praxis
1234 1947 1251 1982 a
1270 1929 1427 1983 Tridentini
1440 1946 1485 1984 se·

304 2036 380 2103 mita,
400 2038 424 2090 is
443 2037 525 2106 plene
544 2038 693 2108 intelliget,
712 2041 759 2110 qui
779 2039 918 2109 expendet
936 2042 1022 2094 verba
1042 2039 1132 2094 relata
1150 2056 1209 2107 cap.
1233 2039 1274 2104 18,
1293 2037 1364 2093 Sess.
1378 2037 1485 2090 xxiv.

304 2142 337 2197 de
356 2145 511 2197 reformat:
529 2145 678 2199 «Peracto
697 2146 795 2200 deinde
814 2147 951 2210 examine,
970 2146 1169 2200 renunciantur
1187 2149 1366 2215 quotcunque
1384 2146 1419 2196 ab
1439 2143 1485 2196 bis

303 2247 395 2302 idonei
415 2248 527 2302 iudicati
548 2250 652 2302 fuerint
671 2251 806 2316 moribus,
825 2251 967 2316 doctrina,
987 2250 1134 2319 prudentia
1151 2253 1181 2304 et
1199 2249 1263 2303 aliis
1281 2251 1363 2302 rebus
1381 2248 1416 2300 ad
1435 2265 1485 2300 ra·

303 2357 413 2407 cantem
438 2355 584 2408 ecclesiam
609 2355 816 2424 gubernandam
839 2356 1003 2424 opportunis
1021 2371 1046 2411 n.
1069 2356 1153 2425 quue
1172 2355 1257 2424 probe
1276 2333 1393 2407 noscens
1412 2352 1485 2406 (lon-

303 2457 432 2524 gregatio
444 2458 567 2512 eiusdem
581 2458 697 2513 concilii
711 2459 860 2527 Interpres,
873 2459 978 2528 pluries
990 2459 1086 2524 edixit,
1099 2459 1312 2523 Examinatores
1324 2473 1374 2510 suo
1387 2457 1486 2511 deesse

304 2562 420 2629 muneri,
440 2563 463 2615 si
482 2563 625 2617 doctrinae
645 2568 753 2618 tantum
773 2563 878 2618 iudices
897 2567 998 2629 essent,
1018 2579 1068 2617 nec
1084 2563 1266 2634 inquirerent,
1278 2560 1326 2632 qui
1339 2577 1407 2630 prae
1419 2561 1485 2614 aliis

269 2653 272 2658 ¹
305 2671 444 2738 probitate
463 2689 578 2738 morum,
597 2672 747 2738 laboribus,
767 2673 902 2742 praestito
920 2677 1004 2727 antea
1022 2673 1156 2727 ecclesiae
1175 2672 1308 2741 obsequio
1326 2672 1487 2741 ceterisque

304 2779 414 2836 dotibus
433 2781 465 2835 ad
486 2782 605 2835 officium
625 2782 743 2836 Perochi
763 2782 904 2836 cumulate
924 2783 1081 2837 obeundum
1101 2782 1265 2836 necessariis
1284 2785 1376 2835 essent
1390 2779 1484 2834 idonei

304 2893 333 2942 et
351 2888 592 2944 commendabiles.

393 2999 441 3060 «ἓ
463 2995 503 3050 ll.
523 2995 660 3050 Absolute
679 2996 815 3060 examine,
835 2999 867 3048 ut
885 2995 985 3065 cuique
1003 2995 1072 3048 satis
1091 2998 1262 3062 compertum
1282 2999 1335 3058 est,
1355 2995 1396 3059 fit,
1417 2998 1485 3047 tan-

305 3101 446 3156 tummodo
459 3106 581 3170 potestas
595 3101 839 3156 Examinatoribus
852 3101 1032 3155 renunciandi
1045 3105 1183 3172 quotquot
1196 3101 1334 3170 regendae
1344 3099 1484 3154 ecclesiae

304 3207 416 3261 idoneos
434 3206 626 3274 iudicaverint,
645 3211 787 3261 reservata
807 3207 855 3260 arni
874 3206 1010 3275 Episcopo
1029 3206 1166 3260 electione
1184 3206 1327 3275 dignioris,
1346 3207 1484 3277 quemad-

305 3314 415 3368 modum
440 3315 578 3368 saucitum
603 3319 645 3368 est
668 3313 868 3368 a'lridentino
891 3313 949 3367 illis
973 3315 1080 3369 verbis:
1105 3314 1182 3368 <Ex
1207 3313 1305 3384 hisque
1330 3315 1485 3383 Episcopus

306 3419 394 3489 eligat
411 3436 493 3490 quem
513 3421 612 3474 ceteris
631 3421 719 3490 magis
745 3420 874 3475 idoneum
893 3421 1059 3475 iudicaverit
1071 3436 1097 3478 >a
1116 3423 1154 3475 nt
1172 3423 1194 3474 si
1215 3438 1297 3492 quem
1317 3421 1484 3474 clericorum

304 3525 378 3578 forte
397 3524 548 3593 contigerit
567 3524 708 3592 appellare
726 3541 743 3577 a
762 3526 837 3578 mala
861 3525 998 3579 relatione
1017 3526 1260 3591 Examinatorum,
1279 3541 1396 3595 quorum
1416 3541 1485 3577 cura

306 3631 386 3686 rinice
405 3635 516 3685 versata
534 3631 620 3686 luerit
633 3632 660 3685 in
674 3631 844 3704 exquirenda
856 3633 990 3699 doctrina,
1010 3648 1065 3686 non
1083 3635 1232 3699 factaluno
1245 3633 1396 3703 eodemque
1411 3638 1484 3687 tem·

306 3753 372 3807 pore
391 3737 486 3791 solerti
506 3737 591 3790 etiam
611 3737 830 3806 investigatione
854 3736 973 3790 aliarum
991 3736 1169 3808 qualitatum,
1187 3755 1259 3808 quae
1277 3739 1397 3807 pastoris
1415 3755 1485 3791 con-

306 3851 409 3915 gruant
422 3845 525 3898 officio:
538 3844 605 3897 ordo
618 3843 711 3897 iudicii
725 3846 900 3906 serumseret,
914 3848 946 3898 ut
958 3845 1044 3898 etiarn
1057 3844 1139 3898 iudex
1152 3845 1187 3897 ad
1200 3861 1282 3915 quem
1301 3849 1486 3914 provocatum

306 3952 368 4018 fuit,
381 3953 409 4004 in
429 3950 488 4004 sola
502 3951 643 4004 doctrinae
662 3951 794 4020 indagine
814 3952 985 4016 immoretur,
997 3969 1049 4006 nec
1062 3952 1122 4005 sine
1135 3952 1215 4020 gravi
1227 3952 1384 4005 animarum
1395 3951 1486 4006 detri-

305 4062 400 4113 mento
419 4063 447 4112 et
460 4055 622 4125 disciplinae
642 4057 744 4110 iniuria
757 4057 936 4125 praeficiatur
948 4056 1093 4123 ecclesiae,
1106 4057 1151 4127 qui
1166 4056 1270 4111 litteris
1283 4057 1372 4124 magis
1385 4056 1485 4122 pollet,

306 4161 374 4216 licet
385 4166 479 4214 cetera
491 4159 582 4211 miuus
594 4163 675 4227 uptus
686 4163 714 4212 et
723 4158 888 4229 quandoque
901 4158 1040 4228 indignus3
1050 4168 1148 4212 contra
1157 4175 1224 4212 vero
1233 4164 1345 4212 arcetur
1358 4158 1415 4246 ille,
1426 4159 1486 4228 qui,

307 4269 374 4323 licet
387 4267 475 4335 impar
488 4264 629 4318 doctrinae
642 4263 750 4328 merite,
762 4267 887 4319 attamen
900 4265 1030 4332 moribus,
1041 4264 1190 4334 gravitate,
1200 4265 1355 4333 prudentia,
1365 4265 1487 4333 probato

306 4375 424 4442 nomine,
436 4373 566 4427 diuturno
576 4371 709 4426 ecclesiae
722 4371 910 4440 tumulatque
924 4372 1074 4441 multiplici
1084 4372 1220 4426 virtutum
1233 4372 1314 4428 laude
1327 4371 1485 4442 praecellit.
