3292 5109
683 985 992 1079 Annnnaunra
1024 989 1109 1082 VI.

332 1252 522 1302 exeuntum
542 1253 650 1302 suren
671 1255 761 1302 nono
782 1255 1018 1304 commutarim
1041 1255 1292 1306 rancessnntss
1316 1257 1469 1305 ruentes

381 1377 487 1425 rnxrn
510 1378 702 1426 aasumensi
725 1379 861 1427 esaum
883 1379 919 1426 m
944 1378 1210 1444 ιιοοιιιειιετιοιεο
1233 1378 1345 1427 ouans
1360 1359 1419 1444 (l).

398 1604 459 1658 Non
480 1621 550 1659 unm
570 1611 678 1660 tantum
697 1604 805 1660 alterve
824 1605 906 1660 nobis
922 1607 1071 1675 suggessit,
1085 1611 1125 1673 ut,
1139 1605 1249 1678 quando
1269 1605 1298 1660 in
1313 1607 1405 1660 causis
1418 1607 1490 1660 rete·

309 1711 401 1766 rendis
419 1718 597 1768 occurrerent
615 1712 805 1782 prooessuales
823 1711 937 1767 tabulae
950 1713 1004 1768 rito
1023 1718 1209 1780 constructae,
1221 1730 1270 1770 eas
1282 1712 1492 1780 exhiberemus,

309 1825 341 1875 nt
360 1825 471 1890 possent
490 1822 624 1877 inservire
648 1827 789 1893 tamquam
813 1839 911 1876 norma
929 1839 979 1892 pro
997 1821 1055 1877 illia
1078 1823 1168 1877 Curiis
1187 1823 1397 1890 ecclesiasticis,
1415 1841 1492 1895 qnae

308 1927 498 1983 vicissitudine
524 1935 679 1998 temporum
703 1933 828 1984 veterem
853 1928 1015 1984 methodum
1036 1931 1191 1986 amiserunt
1215 1947 1263 1985 ees
1287 1930 1399 1985 tabulas
1423 1948 1490 1985 con·

308 2035 446 2088 struendi:
466 2041 549 2106 atque
568 2036 761 2104 significarunt
773 2052 906 2106 magnum
919 2037 1094 2091 commodum
1107 2036 1160 2092 hoc
1172 2042 1255 2106 pacto
1273 2037 1376 2093 eisdem
1390 2038 1488 2091 Curiis

308 2156 359 2195 nos
378 2157 437 2196 esse
456 2141 598 2196 allaturos.

397 2245 440 2298 Ad
459 2245 684 2301 commoditatem
704 2247 798 2318 itaqua
811 2264 908 2301 earum
920 2247 1074 2314 curiarum,
1088 2263 1169 2318 qnae,
1188 2246 1230 2301 uti
1249 2251 1369 2312 constat,
1381 2264 1488 2316 paucae

309 2367 424 2406 numero
448 2367 503 2404 non
528 2357 601 2417 sunt,
620 2351 647 2405 id
667 2353 878 2421 praestabimus,
896 2351 920 2406 si
939 2352 1025 2406 nimia
1049 2369 1193 2422 processus
1218 2353 1366 2423 prolixitas
1385 2351 1413 2406 id
1431 2368 1493 2405 non

308 2455 448 2526 impediat.

397 2565 428 2618 ln
448 2583 531 2619 cause
555 2565 731 2636 Sponsaliurn
756 2583 839 2637 quam
864 2584 947 2636 supra
972 2565 1119 2621 retulimus
1140 2582 1206 2638 pop.
1227 2567 1270 2618 95
1289 2582 1451 2636 processus,
1470 2583 1490 2618 a

309 2677 393 2730 Curia
412 2677 438 2730 S.
458 2665 675 2746 Conpregationi
700 2676 851 2742 exhibitus,
870 2676 945 2729 visus
963 2677 1043 2730 nobis
1062 2681 1092 2730 et
1109 2676 1166 2729 ritu
1185 2678 1337 2742 coniectus,
1356 2676 1404 2746 qui
1423 2693 1489 2730 cum

309 2782 400 2836 brevis
420 2783 464 2848 sit,
484 2783 544 2837 eius
563 2782 722 2837 methodum
742 2783 903 2848 referimust
922 2784 1030 2854 eritque
1050 2783 1168 2853 primum
1188 2782 1356 2852 exemplum.

397 2888 496 2944 Coram
516 2889 674 2958 Episcopali
693 2888 777 2944 Curia
796 2891 829 2943 N.
848 2890 976 2945 libellum
994 2889 1098 2944 obtulit
1116 2889 1193 2954 Gaia,
1205 2905 1261 2960 quo
1273 2888 1487 2958 promissionem

309 2989 604 3060 repromissionemqne
629 2989 662 3043 de
688 2991 782 3044 futuro
807 2991 984 3045 matrimonio
1008 3007 1071 3044 enm
1090 2990 1166 3045 Titio
1190 2997 1311 3054 causata,
1331 3007 1395 3042 cum
1423 2989 1488 3043 sub·

308 3095 435 3165 sequenti
460 3099 555 3164 stupro
581 3101 609 3150 et
634 3095 720 3165 prolis
738 3098 929 3166 susceptione,
953 3097 1090 3163 instabat,
1116 3105 1148 3151 ut
1168 3097 1397 3168 impedimentum
1415 3099 1490 3158 enituit

308 3213 431 3257 transeat
450 3207 547 3257 contra
565 3203 670 3258 Titium
690 3211 877 3274 apponeretur
889 3207 923 3260 ad
935 3207 996 3260 eius
1014 3206 1221 3260 matrimonium
1240 3222 1304 3259 eum
1323 3204 1489 3274 Sempronia

309 3309 538 3364 obtruncandum.
557 3311 673 3365 Obstitit
692 3313 794 3367 acriter
807 3312 898 3365 Titius
916 3313 977 3366 eius
995 3313 1154 3378 instantiae,
1168 3317 1197 3367 et
1216 3311 1390 3382 Episcopalis
1403 3311 1490 3365 Curia

308 3413 439 3480 decrevit,
458 3419 490 3468 ut
509 3415 582 3468 intra
601 3417 722 3486 quinque
741 3416 806 3483 dies,
826 3417 862 3470 ab
880 3417 1066 3471 intimationis
1083 3417 1137 3486 dia,
1156 3416 1224 3470 Gaia
1243 3417 1375 3487 probaret
1393 3420 1424 3470 et
1443 3433 1489 3469 ar·

309 3521 449 3592 gumentis
473 3521 585 3576 fulciret
612 3523 775 3592 petitionem
801 3541 888 3576 suam.
907 3523 1011 3579 Sistitit
1031 3525 1059 3578 in
1078 3525 1162 3579 Curia
1186 3525 1260 3578 inira
1283 3524 1486 3594 praescriptum

308 3628 459 3681 terminum
479 3629 584 3694 ¹tetris,
604 3633 632 3683 et
651 3630 729 3682 iuxta
755 3635 896 3699 receptam
921 3631 1125 3686 intimationem
1144 3635 1264 3701 quatuor
1282 3634 1369 3684 testes
1389 3645 1491 3699 propo-

309 3895 331 3936 in
341 3895 452 3950 rescripto
463 3894 563 3938 facultas
573 3895 706 3939 absolvendi
717 3897 739 3938 in
749 3895 798 3940 inre
807 3904 903 3940 externo
913 3915 926 3934 ‹
933 3900 963 3940 ab
971 3900 1073 3943 incestus
1085 3901 1193 3943 reatibus
1202 3905 1323 3953 quomens
1333 3909 1490 3942 rosseum

309 3969 485 4012 intercesserint
498 3979 551 4012 eum
562 3981 671 4023 conprun
680 3972 825 4023 poenttenttn
837 3973 942 4014 satutari
949 3987 968 4012 ν.
978 3972 1001 4014 Si
1011 3969 1177 4015 matrimonium
1187 3973 1268 4014 initum
1276 3971 1320 4014 snit
1330 3976 1356 4015 m
1363 3975 1431 4015 muln
1440 3975 1489 4024 tide

310 4041 426 4082 absolutio
441 4045 477 4082 est
491 4042 621 4093 categorica
635 4045 665 4082 alr
680 4045 782 4085 incestus
797 4044 903 4086 reatinus
919 4054 972 4085 essm
985 4046 1083 4095 proni...
1097 4055 1143 4085 non
1152 4043 1229 4086 addito
1241 4065 1252 4074 -
1262 4049 1382 4097 queuntes
1391 4030 1487 4091 dorme-

309 4111 370 4154 lr'ter.
382 4132 392 4141 ·
404 4113 527 4154 Praeterea
542 4113 561 4153 ni
576 4113 742 4154 matrimonium
754 4113 893 4156 celebratum
905 4114 949 4156 luit
963 4115 985 4156 in
1002 4117 1065 4157 bono
1078 4114 1130 4167 tlde,
1144 4121 1186 4157 aut
1204 4115 1286 4158 saltem
1295 4128 1341 4157 non
1353 4123 1446 4159 constet
1458 4115 1488 4158 de

308 4185 373 4226 mala
388 4183 438 4234 tide,
451 4183 606 4226 convalidatin
621 4183 753 4227 conceditur
767 4187 853 4239 gratis3
868 4199 947 4229 verum
962 4187 982 4228 si
995 4192 1088 4229 constet
1101 4186 1128 4228 de
1142 4189 1207 4230 matu
1219 4182 1272 4240 ilde,
1283 4188 1408 4242 imponitur
1417 4194 1484 4239 taxa,

308 4260 405 4308 excepto
426 4266 491 4308 cusu,
511 4265 555 4308 quo
578 4263 662 4310 agatur
683 4255 711 4299 de
729 4258 834 4312 personis
852 4259 1028 4314 miserabilibus,
1048 4261 1182 4313 cuicumque
1206 4267 1275 4304 taxus
1296 4259 1422 4304 solvendae
1443 4261 1488 4301 im-

309 4321 410 4376 paribus.

390 4393 419 4447 (Ι)
435 4393 485 4436 llnc
500 4393 627 4450 allegatum
638 4395 828 4450 desumptnmest
841 4410 870 4440 ex
881 4398 1029 4453 Eplrerneride
1044 4421 1055 4431 -
1066 4401 1126 4445 Aeta
1140 4401 1165 4444 S.
1177 4402 1243 4446 Sedis
1252 4423 1262 4432 -
1277 4405 1323 4446 unt.
1339 4403 1384 4454 t'1,
1395 4416 1422 4458 p.
1435 4401 1486 4446 121.
