3292 5109
309 254 378 320 414
828 273 913 321 rans
938 272 975 320 11.

309 402 361 464 est
383 400 613 483 consequentia
642 397 768 464 altioris
789 398 958 485 principii,
983 396 1110 464 scilicet
1131 417 1301 484 supremae
1323 397 1494 483 potcstatis

311 543 376 608 qua
404 523 528 609 pollent
556 524 724 610 Episcopi,
748 524 923 609 praepositi
955 542 976 589 a
1005 524 1059 610 Sp.
1083 523 1201 590 Sancto
1232 523 1382 609 regimini
1412 541 1493 587 suae

310 649 495 724 Ecclesiae,
527 650 681 733 quocirca
710 669 754 714 ex
784 649 856 715 iure
885 649 996 715 divino
1026 654 1265 736 recognoscunt
1292 645 1492 714 solummodo

310 774 421 842 Sancti
437 776 527 841 Petri
550 776 731 862 primatum.
748 773 878 841 Exinde
900 775 1022 841 factum
1045 780 1096 841 est
1118 781 1153 842 ut
1175 775 1302 841 facilius
1325 776 1360 839 in
1375 773 1494 837 desue-

309 896 453 963 tudinem
484 898 600 966 abierit
630 899 750 985 gradus
772 895 970 965 Primatialis
997 904 1030 965 et
1057 898 1292 965 Patriarchalis
1321 900 1493 986 supracpi-

309 1021 447 1107 scopalis
476 1024 664 1107 potestatis;
696 1024 829 1107 ipsaque
858 1022 1184 1109 Metropolitanorum
1214 1021 1392 1087 iurisdictio
1422 1040 1492 1086 non

310 1167 425 1233 parum
447 1154 683 1215 attenuaretur.

398 1271 615 1338 Nihilominus
636 1271 907 1359 Metropolitanus
937 1272 985 1339 ad
1007 1272 1184 1359 querelam
1213 1268 1412 1336 subditorum
1434 1268 1494 1335 vel

309 1396 489 1482 earofficio,
503 1396 749 1485 suffraganeum
765 1400 798 1464 in
813 1397 1090 1465 administratione
1105 1398 1243 1466 iustitiae
1259 1396 1490 1483 negligentem,

311 1520 488 1588 admonere
503 1522 598 1589 debet
621 1530 657 1589 ut
674 1545 733 1590 suo
749 1528 876 1591 muneri
892 1543 1037 1611 congrue
1050 1524 1235 1611 prospiciat,
1252 1529 1285 1589 et
1301 1522 1348 1589 illi
1363 1527 1491 1589 certum

309 1647 479 1731 assignare
499 1648 682 1721 terminum,
706 1648 795 1713 intra
810 1668 904 1734 quom
921 1648 1098 1715 satisfaciat
1113 1647 1276 1733 legitimae
1291 1646 1491 1713 subditorum

310 1768 482 1833 instantiae
505 1788 568 1853 quo
597 1772 738 1835 termino
766 1770 925 1839 inutiliter
952 1770 1184 1858 praeterlapso‚
1209 1771 1286 1855 quin
1309 1770 1491 1855 Episcopus

312 1889 453 1976 probare
472 1892 580 1959 valeat
598 1914 689 1960 suam
708 1894 826 1981 agendi
845 1896 1014 1972 rationem,
1030 1893 1301 1981 Metropolitanus
1316 1891 1492 1958 denunciat

309 2010 557 2101 Suffraganeum
581 2018 711 2085 Summo
734 2016 896 2094 Pontifici,
920 2019 1032 2104 quiin
1056 2019 1202 2100 Domino,
1226 2014 1310 2101 quod
1333 2014 1491 2101 expedire

310 2136 486 2213 videbitur,
504 2139 669 2206 decernet.

399 2262 475 2329 326.
492 2266 536 2330 At
551 2266 741 2332 iudiciorum
758 2268 957 2355 disciplinam
982 2268 1115 2352 quisque
1132 2265 1326 2334 Ordinarius
1342 2264 1489 2351 perfecte

309 2389 394 2454 tueri
417 2395 522 2475 potest
544 2392 578 2455 in
601 2413 660 2457 sua
681 2392 820 2458 dioecesi
844 2394 877 2459 in
900 2392 1021 2459 iudices
1044 2392 1218 2458 interiores
1239 2396 1306 2458 tum
1323 2390 1491 2475 delegatos

308 2517 377 2577 tum
401 2512 591 2588 ordinarios,
608 2516 641 2579 in
658 2516 787 2582 eosdem
810 2518 923 2604 poenis
945 2518 1206 2583 animadvertens
1229 2518 1281 2581 vel
1305 2515 1490 2581 reformans

309 2654 422 2701 eorum
446 2637 578 2705 decreta
594 2644 627 2703 et
640 2642 884 2707 sententias-In
899 2642 1011 2728 primis
1035 2639 1317 2706 commemoranda
1331 2643 1381 2704 eet
1395 2656 1490 2724 prae·

308 2761 442 2845 scriptio
466 2762 537 2826 lnn.
555 2763 604 2828 ΙΙΙ
629 2765 663 2826 in
683 2762 780 2829 Coae.
801 2764 883 2830 Gen.
901 2764 986 2837 Lot,
1004 2782 1078 2847 cop.
1095 2766 1141 2840 11,
1159 2764 1209 2830 De
1223 2762 1339 2839 Prob„
1357 2760 1413 2847 (ΙΙ,
1433 2761 1489 2847 19)

309 2885 364 2950 ubi
387 2889 554 2961 statuitur,
578 2890 763 2985 insingulo
786 2888 903 2955 iudicio
927 2889 1109 2956 habendum
1134 2910 1204 2956 esse
1227 2890 1406 2975 legitimum
1433 2908 1491 2953 no-

308 3012 428 3075 tarium
458 3012 500 3077 ad
522 3012 720 3078 excribenda
742 3018 832 3088 acta,
857 3012 938 3079 adeo
961 3020 997 3079 ut
1021 3014 1171 3081 «tudem
1193 3018 1306 3079 autern
1331 3012 1391 3097 qui
1414 3030 1491 3078 com·

309 3137 514 3205 stitutionem
545 3135 687 3227 (notarii)
714 3140 905 3227 neclexerit
934 3138 1124 3215 observare,
1152 3138 1182 3205 st
1208 3144 1354 3222 propter
1379 3138 1492 3221 ipsius

308 3261 553 3349 aeplipmtiam
576 3264 660 3347 quid
683 3263 889 3349 difficultatis
911 3264 1086 3330 emerserit
1104 3282 1172 3347 per
1188 3262 1411 3347 Simemorem
1434 3262 1492 3326 Iu·

308 3386 420 3453 dicem
443 3386 740 3455 animadversione
764 3387 875 3454 dedita
899 3388 1082 3474 castipetur
1097 3407 1160 3454 mec
1178 3406 1246 3470 pro
1261 3386 1370 3471 ipsius
1387 3404 1492 3469 proe-

309 3512 467 3577 sumatur
477 3529 652 3593 processu,
668 3509 737 3576 nisi
759 3515 928 3595 quatemus
949 3511 987 3576 in
1010 3528 1116 3575 causo
1132 3508 1289 3596 lepitimis
1304 3507 1492 3575 constiterit

308 3633 566 3699 documentis».
592 3632 792 3698 Advertatur

402 3754 432 3843 l)
456 3755 511 3821 hic
533 3757 587 3842 agi
611 3757 653 3822 de
677 3755 852 3823 Ordinario
875 3756 937 3822 loci
962 3758 1015 3841 qui
1046 3754 1273 3822 animadvertit
1294 3756 1327 3821 in
1350 3755 1492 3821 iudicem

307 3879 511 3946 ordinarium
534 3881 587 3946 vel
610 3880 792 3967 delegatum
814 3882 848 3946 in
872 3900 930 3946 sua
953 3881 1109 3957 dioecesi;

400 4000 433 4089 2)
456 4002 543 4068 hanc
572 4004 720 4089 regulam
751 4002 988 4069 extendendam
1012 4022 1083 4069 esse
1110 4003 1206 4068 etiam
1230 4002 1403 4068 adrasum
1427 4021 1492 4085 quo

308 4125 365 4190 alii
387 4126 558 4193 tribunalis
581 4126 736 4194 officiales
759 4128 955 4213 delinquant.
973 4127 1042 4193 lmo
1058 4147 1100 4194 ex
1116 4128 1294 4194 intentione
1309 4128 1389 4192 iuris
1405 4145 1492 4191 com·

309 4250 415 4315 munis
438 4256 557 4336 quanta
580 4254 621 4318 sit
642 4252 877 4339 Episcoporum
901 4258 1041 4341 potestas
1065 4255 1098 4319 in
1121 4252 1244 4319 iudices
1259 4258 1292 4318 et
1314 4253 1348 4318 in
1371 4250 1493 4317 iudicia

309 4374 345 4439 in
378 4376 510 4463 proprio
540 4377 707 4442 territorio
737 4382 870 4463 peracta
901 4377 1049 4444 maxime.
1070 4382 1160 4466 patet
1189 4397 1232 4443 ex
1264 4374 1361 4444 Oeae.
1392 4374 1490 4443 Trid.
