3292 5109
460 297 505 345 nu
529 296 669 345 runicus
692 297 958 347 sccnnsrasrrcrs
1256 283 1301 349 45

210 418 264 483 49.
289 419 339 486 Ob
362 422 593 505 praestantiam
617 421 809 487 Auditorum
826 421 857 487 S.
876 424 979 487 Rotae
1002 422 1233 506 doctrinaeque
1248 423 1298 487 fa·

122 561 214 615 mam,
231 543 352 609 eisdem
368 565 483 611 causas
499 565 542 611 ex
557 546 780 646 commissione
798 546 889 611 Rom.
909 546 1001 611 Pont.
1019 550 1052 610 et
1067 564 1297 629 nonnunquam

120 669 251 752 praevia
280 669 474 755 litigantium
499 671 724 756 postulatione,
752 678 991 738 consueverunt
1020 671 1206 737 demandari
1231 692 1296 739 nou
1426 676 1435 691 ”

120 810 182 875 qua
203 793 372 861 iudicibus
394 795 617 863 nutritoribus
643 795 698 860 sed
723 816 786 880 qua
808 796 989 877 Praelatio,
1002 794 1173 880 aliquando
1199 797 1295 862 etiam

121 920 161 982 uti
178 918 335 1004 arbilam
357 920 413 986 sed
436 921 588 988 notatlle
605 922 835 995 Locatast.
852 921 901 989 35
921 922 1171 989 insummarios
1192 924 1293 989 ‹Au-

119 1042 207 1109 ditor
229 1064 301 1111 nnn
334 1046 457 1113 decidit
491 1066 612 1113 musas
646 1048 748 1113 etiam
782 1047 1047 1130 compromissae
1069 1066 1141 1115 noo
1176 1047 1293 1115 audito

117 1171 190 1235 voto
213 1168 322 1235 Rotae
336 1191 369 1235 ».
386 1170 566 1236 Praeterea
589 1170 783 1238 Benedictus
804 1172 890 1237 XIV
914 1170 1070 1239 inconst.
1088 1172 1239 1239 Iustitiae
1261 1177 1294 1238 et

113 1293 210 1376 paris
226 1328 245 1343 -
262 1295 414 1362 laxativo
428 1295 595 1381 distinguit
609 1316 723 1362 causas
734 1296 871 1365 Rotates
886 1317 907 1362 a
921 1299 1026 1364 causis
1042 1296 1261 1363 Praetattttis.
1272 1332 1291 1344 -

116 1417 359 1501 utaliquando
386 1416 427 1483 ab
455 1419 623 1485 Auditorio
654 1420 743 1485 circa
772 1440 903 1485 causam
932 1420 986 1485 alii
1017 1419 1172 1485 tribunali
1202 1438 1290 1485 com-

115 1543 243 1606 missam
266 1542 449 1626 exquiritur
471 1549 599 1620 votum;
623 1550 656 1609 et
677 1552 755 1611 tunc
779 1545 980 1617 rescribitur.
1005 1544 1141 1611 iudicem
1166 1551 1221 1611 aut
1244 1544 1292 1609 iu-

114 1664 200 1730 dices
223 1685 354 1731 causam
377 1664 513 1733 delinire
536 1668 656 1735 debere
674 1670 717 1735 de
739 1674 814 1737 voto
838 1674 894 1735 aut
917 1688 995 1736 cum
1025 1674 1100 1736 voto
1125 1668 1157 1733 S.
1176 1670 1287 1733 Rotae.

117 1823 132 1837 ·
147 1788 220 1854 Vim
237 1791 335 1857 huius
350 1793 514 1858 clausulae
529 1814 587 1858 suo
602 1792 675 1857 loco
690 1792 920 1878 expendemus.
935 1828 952 1843 -
971 1794 1149 1858 Praeterea
1173 1810 1290 1855 munus

113 1930 235 1998 quoque
268 1915 468 1981 Consultoris
498 1916 723 1982 demandatum
754 1916 816 1982 fuit
845 1916 929 2002 apud
956 1917 987 1983 S.
1012 1916 1287 2002 congregationes

112 2038 321 2106 Auditoribus
344 2040 375 2106 S.
394 2042 511 2117 Rotae3
537 2042 641 2107 refert
663 2043 709 2107 De
726 2042 814 2107 Luca
834 2043 893 2109 loc.
912 2042 964 2109 cit.
981 2062 1015 2109 rt.
1033 2043 1113 2107 110:
1132 2064 1149 2103 a
1168 2042 1204 2106 ln
1222 2041 1286 2106 illis

114 2164 421 2251 Congregationibus
438 2167 578 2237 Rituum
596 2186 678 2250 quae
701 2164 781 2232 liunt
795 2186 856 2250 pro
872 2167 1115 2232 canonizatione
1137 2167 1191 2231 vel
1214 2165 1286 2231 bea·

110 2287 284 2354 tificatione
306 2290 482 2356 Servorum
507 2292 562 2356 Dei
587 2292 808 2357 interveniunt
830 2296 898 2355 tres
922 2292 1066 2355 seniores
1091 2292 1193 2356 ltotae
1217 2292 1287 2356 Au·

110 2410 228 2478 ditores
243 2420 406 2499 tamquam
422 2418 518 2499 periti
536 2416 727 2481 canonistas
743 2421 776 2480 et
791 2416 986 2491 consiliaria
1006 2434 1046 2480 ac
1061 2416 1157 2480 etiam
1174 2434 1285 2481 eorum

110 2556 189 2602 unus
212 2539 391 2603 intervenit
413 2538 446 2604 in
470 2540 728 2625 Congregatione
752 2540 966 2605 Immunitatis
990 2540 1078 2606 Eccl.
1096 2547 1129 2606 et
1151 2541 1235 2607 alter
1251 2542 1284 2605 in

111 2660 367 2747 congregatione
390 2662 549 2728 Fabricae
571 2664 602 2729 S.
628 2664 719 2729 Petri
736 2686 754 2728 a
769 2662 825 2750 (1).

190 2789 246 2855 50.
275 2789 486 2855 Praeclarum
509 2795 616 2855 autem
638 2810 717 2856 suae
740 2792 875 2876 originis
892 2793 1060 2877 vestigium
1080 2795 1197 2859 retinet
1221 2792 1283 2859 hoe

109 2912 244 2978 tribunal
268 2913 311 2979 ob
334 2920 459 2999 partam
486 2934 582 2999 quam
609 2915 730 2981 habent
753 2915 927 2983 Auditores
953 2916 986 2982 in
1010 2918 1118 2983 Sacris
1141 2918 1281 2985 functio·

108 3037 194 3103 nibus
219 3036 416 3111 Pontificiis,
441 3040 474 3103 in
502 3039 615 3123 quibus
637 3040 828 3106 Alexander
851 3040 934 3112 Vll.
959 3062 1020 3126 per
1042 3041 1174 3107 decreta
1204 3062 1283 3107 suae

12 3177 15 3183 '
106 3162 253 3247 Capellae
290 3164 520 3229 reformatoria
552 3163 676 3247 Nuper
706 3166 814 3237 certis,
839 3184 868 3230 a.
897 3166 983 3231 1655
1018 3166 1081 3231 diei
1116 3167 1160 3233 26
1196 3166 1280 3243 Oct,

104 3284 218 3351 eisdem
242 3285 422 3369 assignavit
444 3306 560 3350 munus
583 3284 801 3352 Subdioconi.
827 3286 916 3352 Ordo
936 3288 1137 3353 functionum
1153 3287 1194 3353 ab
1210 3290 1280 3355 Au·

102 3408 257 3476 ditoribus
281 3408 541 3495 peragendarum
565 3408 745 3494 descriptus
767 3410 829 3477 luit
852 3430 872 3474 a
895 3410 1030 3495 quodam
1055 3414 1279 3478 coeremonia-

102 3552 171 3600 rum
204 3536 362 3620 magistro
395 3539 429 3600 et
461 3535 582 3621 legitur
615 3537 648 3599 in
683 3534 805 3600 celebri
836 3538 1072 3620 manuscripto
1110 3537 1278 3604 Auditoris

101 3658 243 3741 Emerix,
268 3658 399 3726 Notitia
422 3656 456 3724 S.
482 3658 589 3725 Rotae
611 3658 664 3741 R„
688 3662 779 3726 cuius
802 3662 897 3746 plura
920 3666 1034 3726 extant
1065 3662 1274 3748 exemplaria.

100 3780 146 3848 cf.
169 3784 311 3856 Moroni,
335 3801 390 3867 op.
407 3784 459 3851 cit.
484 3784 527 3851 V.
544 3784 727 3850 Auditores
742 3782 777 3849 S.
794 3784 912 3851 Rotae.

183 3993 224 4064 (l)
245 3994 412 4049 Benedictus
430 3994 496 4048 XlV
521 3994 550 4047 in
574 3994 621 4049 cit
647 3994 739 4049 Const
766 3994 836 4050 haec
861 3995 961 4051 habat:
982 3995 1157 4050 «Hactenus
1182 3998 1277 4052 tamen

98 4100 278 4156 nemoan
298 4101 377 4155 Pcnt
453 4116 558 4171 genera
581 4118 728 4157 causarum
747 4100 905 4159 huiusmodi
925 4104 1094 4159 secernendo
1113 4104 1275 4171 constituit,

97 4220 231 4274 quasnam
255 4222 356 4261 causas
375 4206 555 4261 Auditcribus
575 4206 676 4271 Rotae,
700 4208 740 4261 uti
761 4208 943 4263 auditoribus
968 4209 1024 4261 sint
1043 4208 1274 4275 committendae,

96 4326 164 4380 quaa
181 4317 279 4368 autem
297 4312 360 4366 aliis
379 4312 538 4383 praedictae
556 4315 650 4369 euriae
669 4313 817 4382 Praelatis,
831 4315 876 4370 vel
890 4316 957 4386 ipsis
973 4316 1064 4370 Rotae
1083 4316 1274 4370 Auditoribusr

94 4432 146 4472 nou
165 4420 209 4473 ati
226 4418 418 4487 Auditor-ibus,
436 4419 485 4475 scd
503 4420 545 4475 uti
564 4420 703 4476 Praelatis
720 4422 858 4475 committi
877 4422 984 4491 possint
998 4441 1022 4477 a.
