3292 5109
544 320 588 368 ne
615 318 754 367 runicus
777 314 1045 365 sccunsinsrmis
1343 292 1379 357 ll

201 444 282 511 urbe
298 445 446 526 adscitos,
459 444 512 530 qui
529 464 594 509 non
612 449 737 510 tantam
753 440 979 529 ingruentibus
994 439 1148 526 periculis
1160 441 1383 511 occurrerent,

200 575 249 641 uti
271 571 369 639 fiebat
396 556 431 638 in
455 572 618 647 conciliis;
643 570 700 637 sed
724 572 826 657 magis
856 572 1093 655 praecaverent
1122 566 1241 631 futuris
1270 564 1383 650 provi·

201 694 313 762 dentia
328 696 495 782 regiminis
511 700 544 759 et
561 692 753 759 instantibus
765 678 936 779 praesenti
943 689 1156 756 sollicitudine
1171 694 1204 755 et
1219 686 1386 773 diligentia

201 818 422 885 mederentur.
449 853 467 865 -
493 818 565 883 Hoc
596 816 717 882 sactum
748 822 797 881 est
827 834 887 901 per
911 814 1082 899 collegium
1106 808 1326 877 Cardinalium
1349 803 1383 869 S.

200 942 243 1007 R„
264 943 315 1024 E„
339 942 423 1007 unde
450 942 579 1009 habitus
603 941 664 1007 suit
686 942 853 1007 Romanae
875 940 1045 1007 Ecclesiae
1068 937 1215 1004 Senatus.

296 1068 346 1133 ll.
372 1072 411 1133 ln
426 1069 514 1133 hunc
537 1088 668 1154 scopum
692 1067 874 1132 ordinatam
897 1066 998 1130 tuisse
1021 1062 1256 1128 cardinalitiam
1279 1057 1384 1142 digni-

204 1198 306 1259 tatem
337 1193 506 1278 eleganter
536 1193 731 1278 exprimitur
761 1193 793 1258 in
825 1191 946 1256 celebri
978 1189 1063 1255 dieto
1096 1189 1131 1252 D.
1156 1184 1317 1250 Bernardi
1343 1181 1385 1247 ad

205 1318 387 1404 Eugenium
413 1320 461 1384 lll
487 1320 521 1384 in
544 1317 599 1383 lib.
623 1318 674 1383 De
699 1317 979 1391 consideratione,
1003 1334 1137 1400 nempe:
1165 1308 1385 1376 «Veniamus

204 1446 320 1506 autem
343 1440 391 1505 ad
414 1442 625 1507 collaterales
640 1445 673 1506 ct
691 1440 866 1507 adiutores
889 1444 982 1505 tuos:
1006 1438 1042 1502 tu·
1063 1436 1173 1502 sedati
1197 1434 1254 1509 tui,
1279 1434 1314 1499 ai
1335 1433 1385 1500 ia·

203 1564 280 1628 timi
309 1562 359 1629 tui
382 1562 531 1649 elipandi
553 1562 596 1628 cte
618 1567 684 1629 toto
707 1561 787 1628 orbe
811 1560 928 1628 orbem
951 1559 1137 1626 iudicaturi
1161 1580 1190 1623 i.
1216 1558 1288 1623 Hac
1314 1577 1384 1621 ma-

203 1688 295 1751 xima
306 1687 346 1752 de
358 1688 485 1752 ratione
498 1686 663 1771 Eugenius
675 1686 725 1751 1v
737 1687 965 1751 constitutione
981 1683 1061 1750 Noa
1076 1682 1280 1749 mediocria.
1298 1682 1384 1748 1440

206 1809 367 1881 declarat,
393 1809 612 1874 cardinalatus
643 1809 831 1895 dignitatem
856 1815 888 1873 et
911 1806 1046 1894 gratim
1071 1825 1141 1872 esse
1171 1807 1326 1871 maiorem
1352 1810 1385 1871 et

204 1934 424 2000 sublimiorem
448 1932 641 2019 Episcopali,
666 1932 944 2019 Archiepiscopali
969 1936 1001 1995 et
1025 1930 1278 1997 Patriarchali..

297 2059 349 2125 12.
374 2058 436 2124 Sed
452 2060 518 2121 non
534 2077 664 2144 semper
679 2058 790 2122 eodem
814 2056 908 2121 modo
924 2055 1114 2122 Cardinales
1137 2074 1226 2121 suani
1250 2074 1383 2140 operam

206 2181 433 2269 impenderunt
455 2184 489 2247 in
512 2181 707 2247 adiutorium
732 2178 886 2267 pontificii
908 2180 1102 2246 universalis
1131 2178 1308 2263 regiminis.
1333 2176 1383 2242 Si-

206 2306 334 2392 quidem
357 2312 529 2391 antequam
547 2304 730 2381 Pontifices,
752 2312 783 2371 et
806 2307 999 2391 praesertim
1023 2303 1180 2371 SixtusV
1204 2304 1237 2368 in
1261 2301 1383 2368 celebri

207 2430 441 2497 Constitutione
458 2430 639 2501 immensa,
661 2428 850 2495 cardinales
872 2429 1110 2497 distribuissent
1134 2430 1165 2492 in
1183 2431 1291 2492 certas
1309 2446 1384 2490 con·

206 2556 414 2643 gregationes
449 2566 520 2621 curn
556 2556 706 2621 mandato
741 2558 773 2619 in
808 2563 999 2643 perpetuum
1033 2576 1187 2622 concesso
1221 2555 1382 2620 tractandi

200 2678 372 2763 privative
399 2682 522 2744 certum
548 2698 649 2763 genus
673 2678 887 2763 negotiorum,
911 2677 1099 2745 Cardinales
1117 2678 1224 2762 Papae
1247 2675 1384 2740 aderant

204 2806 339 2872 consilio
365 2806 418 2869 vel
449 2807 583 2871 seorsim
606 2803 648 2869 ab
670 2805 782 2871 eodem
817 2805 951 2871 adhibiti
981 2805 1034 2869 vel
1069 2826 1182 2870 omnes
1216 2806 1249 2869 in
1282 2824 1383 2871 uuum

206 2928 385 2997 convocati.
409 2932 445 2991 ut
475 2926 603 2991 insimul
627 2900 1024 2992 conferrentsenientios
1053 2933 1086 2992 et
1116 2924 1271 3013 suffragia
1293 2928 1384 2993 circa

204 3047 325 3132 aliquid
350 3050 457 3134 magni
489 3049 640 3133 ponderis
674 3049 839 3135 negotium
874 3049 1118 3135 expediendum.
1156 3050 1217 3114 Hic
1241 3050 1382 3114 omnium

204 3173 422 3241 Cardinalium
457 3178 636 3238 conventus
669 3172 753 3257 apud
787 3168 978 3237 Pontificem
1004 3172 1044 3236 ad
1071 3172 1315 3238 deliberandum
1343 3171 1383 3237 de

206 3304 300 3365 certa
323 3298 508 3383 quaestione
530 3297 584 3362 vel
608 3296 648 3361 ad
672 3297 760 3362 aliud
783 3316 886 3383 grave
908 3318 1024 3362 munus
1050 3299 1246 3384 explendum
1271 3298 1383 3365 eono-

203 3422 350 3489 storiam
372 3422 552 3507 appellatus
576 3420 653 3493 fuit,
678 3421 742 3487 hoc
766 3426 909 3487 mutuato
940 3423 1068 3486 nornine
1091 3442 1112 3486 a
1134 3423 1226 3488 curia
1256 3424 1383 3487 romani

203 3546 432 3631 Imperatoris:
457 3544 499 3610 cs.
524 3545 570 3609 tit.
587 3546 640 3627 10,
666 3544 719 3611 tib.
737 3546 781 3610 12
800 3546 879 3613 Cod.
897 3547 978 3611 last.

295 3669 359 3737 Sed
383 3672 429 3736 uti
446 3671 665 3737 cardinalium
689 3671 871 3758 collegium,
892 3693 952 3758 per
974 3674 1084 3737 varias
1106 3674 1203 3746 vices,
1229 3675 1384 3742 successit

204 3806 339 3857 romano
363 3776 577 3878 presbyteriq
595 3793 639 3858 ita
654 3792 766 3858 modus
783 3798 815 3859 et
830 3798 956 3879 tempus
978 3793 1119 3858 habendi
1139 3790 1383 3860 Consistoriam

204 3916 419 3982 diversimode
438 3918 617 3989 variarunt,
635 3916 814 4002 usquedum
833 3916 998 3982 hodiernis
1014 3916 1210 4003 temporibus
1225 3917 1297 3983 iere
1313 3936 1383 3983 coe-

203 4042 383 4107 rimonialis
405 4040 492 4105 facta
515 4046 564 4107 est
590 4041 787 4108 Consistorti
809 4042 926 4106 torma.

296 4166 347 4231 13.
372 4167 425 4231 Ex
440 4170 626 4251 pervetusto
647 4165 864 4232 cardinalium
888 4166 1078 4231 consistorio
1097 4166 1383 4252 Conprepatiooes

202 4288 363 4374 originem
385 4287 577 4355 habuerunt.
596 4287 658 4355 Sed
676 4288 987 4374 Congregationibus
1005 4289 1196 4372 antiquiora,
1214 4308 1256 4354 ex
1269 4288 1382 4355 Consi-

202 4410 304 4478 storio
327 4416 400 4477 orta
421 4415 495 4477 sunt
524 4410 734 4489 Tribaaalia,
756 4416 788 4476 et
811 4412 881 4497 ipso
903 4388 1093 4477 consistorio
1116 4411 1299 4496 antiquiora
1321 4411 1381 4476 ha-
