3292 5109
512 318 555 365 on
585 317 723 365 runicus
747 317 1012 368 noennsmsrrors
1283 308 1351 375 229

169 440 318 525 pluribus
337 441 649 528 congregationibus.
677 476 694 491 -
720 440 801 507 Nam
826 442 974 507 conlecto
996 462 1151 529 processu
1174 428 1350 531 apostolico

168 584 271 651 super
294 565 473 639 virtutibus,
499 567 676 652 appositum
700 563 830 630 dubium
853 564 1023 632 discutitur
1045 566 1150 652 primo
1167 567 1201 632 in
1217 588 1350 654 congre

169 693 310 777 gatiooe·
320 691 665 775 antepraeparatoria
680 690 791 757 habita
802 692 836 755 in
848 690 980 757 aedibus
995 691 1176 759 cardinalis
1194 694 1350 761 Ponentis

168 820 205 879 et
220 816 254 879 in
269 814 332 879 bac
348 814 459 881 ierunt
474 820 583 879 votum
606 816 762 900 scriptum
785 834 896 881 omnes
920 815 1137 891 Consulares,
1162 835 1240 900 quos
1264 818 1352 883 inter

164 946 346 1006 censentur
361 940 453 1006 Fidei
470 942 641 1007 Promotou
657 948 689 1006 et
705 941 947 1028 Subpromotor‚
961 961 1000 1007 eo
1012 943 1155 1017 consilia,
1173 949 1208 1009 ut
1223 944 1350 1010 animus

165 1065 263 1131 Gar-d.
293 1066 447 1131 Ponentis
470 1067 650 1133 instruatur
665 1065 705 1133 de
729 1068 844 1131 merito
867 1086 994 1132 causae.
1021 1102 1040 1117 ·
1064 1068 1145 1135 Dein
1168 1068 1350 1135 huiusmodi
1463 1060 1469 1065 ’

166 1194 283 1257 notitia
306 1212 422 1259 causae
446 1195 632 1279 suggeritur
655 1191 801 1259 omnibus
818 1192 1041 1259 Cardinalibus
1064 1192 1096 1260 S.
1115 1194 1214 1279 Cong.
1231 1193 1351 1260 adscri-

166 1321 231 1407 ptis
255 1322 288 1385 in
314 1322 413 1405 Gong.
441 1320 712 1404 praeparatoria
741 1318 851 1385 habita
882 1321 916 1385 in
945 1321 1071 1386 Palatio
1094 1320 1290 1405 Apostolico
1315 1323 1350 1388 in

164 1459 233 1525 qua
255 1446 363 1507 tamen
389 1442 596 1507 consultores
622 1446 747 1510 tantum
772 1446 804 1507 et
835 1441 926 1507 Fidei
955 1442 1129 1508 Promotor
1152 1447 1185 1507 et
1207 1442 1350 1526 Subpro·

166 1568 275 1627 motor
298 1557 487 1646 suffragium
511 1559 609 1627 edunt
631 1567 664 1627 et
687 1562 815 1647 scriptis
846 1562 1021 1647 explicant.
1049 1562 1183 1626 Demum
1206 1562 1242 1626 in
1265 1562 1350 1628 con-

164 1664 360 1774 gregatione
382 1688 551 1775 generati,
577 1708 686 1753 coram
715 1688 846 1753 Summo
870 1684 1042 1761 Ponticae,
1067 1686 1290 1754 cardinalibus
1318 1692 1351 1753 et

171 1815 413 1881 consultoribus
446 1814 644 1880 adstantibus
671 1821 704 1880 et
732 1814 892 1880 Praelatis
923 1791 1136 1889 Officiabbbs,
1160 1812 1350 1901 suffragium

156 1945 356 2025 ¹praestatur
379 1941 483 2025 primo
506 1960 526 2005 a
550 1939 802 2021 consultoribus,
819 1939 893 2004 dein
913 1960 934 2004 a
957 1940 1119 2006 Praelatis
1140 1938 1349 2019 Officialibus3

166 2066 308 2139 demum,
324 2064 566 2133 consultoribus
582 2063 808 2130 recedentibus
825 2064 865 2130 ab
881 2064 964 2146 aula,
981 2064 1169 2131 Cardinales
1180 2070 1289 2132 votum
1305 2066 1350 2132 fe

170 2197 258 2264 runt,
277 2191 332 2257 sed
349 2191 516 2258 dumtaxat
539 2191 764 2265 consultivum.
781 2192 857 2275 quia
874 2188 1016 2255 definitio
1036 2192 1188 2277 competit
1204 2192 1350 2257 Romano

171 2316 332 2383 Pontifici.
363 2354 378 2368 ·
403 2318 485 2385 Item
509 2336 567 2403 pro
592 2317 742 2403 agitando
770 2316 865 2383 dubio
888 2336 936 2382 aa
959 2321 1085 2384 constet
1108 2316 1151 2382 ote
1173 2316 1351 2384 miraeatis

167 2442 232 2507 hae
255 2446 324 2507 tres
347 2440 623 2527 congregationes
648 2440 828 2516 habentur3
856 2445 1029 2524 antequam
1053 2460 1131 2506 vero
1158 2440 1352 2506 deveniatur

165 2566 210 2633 ad
249 2564 524 2632 Beatidcationem
558 2571 614 2631 aut
648 2567 929 2634 canonizationem
960 2566 1206 2641 decernendam,
1239 2587 1350 2633 coram

169 2692 270 2759 SSnio
310 2692 342 2756 in
379 2690 533 2778 generati
569 2690 821 2776 congregatione
860 2689 1029 2755 discutitur
1066 2690 1196 2755 dubium
1240 2712 1259 2754 ι
1293 2690 1351 2757 Aa

169 2818 281 2878 stante
315 2811 560 2896 approbatione
596 2818 667 2877 tara
698 2811 863 2879 virtutum
895 2820 967 2877 tam
999 2810 1249 2879 miraculorum
1279 2814 1350 2877 tato

166 2935 313 3019 procedi
340 2934 446 3019 possit
472 2934 520 3001 ad
545 2934 835 3021 Beatifieatioaem
856 2957 885 3007 a,
911 2935 964 3000 vel
986 2937 1014 3000 si
1041 2937 1148 3021 agitur
1178 2935 1218 3001 de
1246 2936 1350 3002 cano-

172 3059 332 3123 nizatione
361 3079 379 3120 «
405 3059 461 3125 Aa
494 3064 603 3125 stante
633 3058 880 3143 approbatione
910 3059 1155 3127 ariracotoraem
1191 3064 1259 3127 tato
1291 3059 1350 3125 de·

172 3185 284 3250 ueniri
309 3184 418 3267 possit
447 3184 493 3250 ad
526 3184 829 3251 Canoataatioaem
850 3206 879 3250 ›.
914 3184 992 3250 Inde
1023 3186 1106 3251 baec
1139 3186 1350 3271 congregatio

170 3310 329 3397 appellari
356 3311 438 3376 solet
463 3311 505 3376 cie
533 3314 601 3376 tuto
625 3307 682 3395 (1).

266 3434 338 3499 191.
363 3432 425 3499 Sed
441 3432 534 3497 modo
549 3434 638 3499 iuvat
660 3434 827 3518 inquirere
842 3453 1000 3518 quaenam
1023 3433 1207 3499 necessaria
1222 3433 1351 3499 intersit

169 3551 357 3621 differentia
379 3556 465 3619 inter
481 3553 755 3623 Beatilicationem
776 3559 809 3619 et
825 3555 1114 3627 canonizationem.
1139 3554 1234 3619 Hauc
1257 3575 1351 3640 quae·

169 3680 309 3745 stionem
334 3679 537 3763 prosequitur
564 3680 758 3745 Benedictus
780 3680 876 3755 XIV,
900 3698 955 3763 op.
980 3680 1052 3762 cit,
1076 3681 1098 3745 t.
1122 3700 1166 3753 a,
1190 3699 1266 3764 cap.
1290 3679 1349 3747 39.

260 3909 301 3981 (l)
321 3908 396 3963 Haec
415 3907 501 3978 Gong.
521 3909 556 3962 de
576 3917 631 3963 tata
651 3908 772 3963 maxime
791 3908 923 3962 instituta
940 3909 995 3963 fuit
1013 3910 1049 3963 ab
1069 3909 1205 3964 rationem
1225 3906 1351 3977 discipli-

170 3988 283 4077 narem;
300 4005 444 4086 quaeritur
462 4014 536 4069 euim
548 4031 584 4067 an
601 4012 770 4081 scandalum,
784 4013 996 4068 admirationem
1016 4018 1066 4069 eut
1084 4016 1181 4069 turbas
1199 4013 1230 4071 in
1248 4015 1352 4085 populo

168 4124 296 4177 excitare
321 4123 408 4191 possit
426 4120 570 4191 permissio
589 4124 638 4175 aut
653 4123 836 4193 praeceptum
854 4121 888 4175 de
906 4120 984 4175 cultu
1004 4120 1160 4176 exhibendo
1184 4121 1270 4177 alicui
1295 4123 1352 4177 iam

169 4234 230 4287 vita
248 4236 353 4286 iuncto.
379 4231 450 4285 Hinc
474 4232 547 4285 inter
571 4230 680 4300 potiora
704 4234 847 4285 momenta
865 4230 900 4284 ad
918 4230 1083 4286 movendum
1108 4232 1233 4286 animum
1252 4232 1351 4286 Ponti·

166 4340 231 4395 ficis
249 4342 282 4395 ad
303 4338 409 4395 edenda
427 4339 538 4395 decreta
557 4340 730 4410 potissimum
750 4338 991 4408 Cauenizationis,
1013 4346 1194 4397 recensentur
1212 4343 1351 4397 instantes

170 4445 370 4515 cpiscoporum
387 4448 416 4498 et
431 4444 540 4514 Regum
558 4443 708 4515 petitiones
726 4442 883 4499 huiusmodi
902 4444 1014 4501 decreta
1032 4446 1278 4516 expostulantium.
