3292 5109
300 256 367 323 302
828 280 913 327 reas
937 280 974 327 11.

390 398 494 464 Hodie
517 420 577 485 pro
600 400 718 467 litteris
740 402 847 467 forma
877 404 982 468 minus
1013 403 1148 468 solemni
1179 403 1359 468 scribendis
1389 403 1485 468 adest

299 521 383 586 alius
406 522 609 589 Secretarius
633 526 686 609 qui
711 525 873 592 dicituro
897 528 1016 592 litteris
1039 527 1180 593 Latinis.

610 776 687 859 52.
716 776 766 842 De
789 777 936 843 Dataria
959 778 1164 860 Apeslotioa.

297 984 513 1040 Snmmnrinnn
532 1014 569 1027 -
588 986 647 1041 253.
668 987 782 1041 Dataria
800 992 844 1043 est
863 988 989 1042 Officium
1006 993 1116 1058 panitae
1138 1006 1300 1054 eoncessum
1321 994 1350 1044 et
1363 988 1482 1044 Cancel-

387 1093 459 1147 laria
471 1099 515 1149 est
526 1094 647 1148 officium
659 1096 768 1165 prutina
781 1097 937 1165 expeditae.
956 1124 993 1137 -
1011 1096 1072 1150 254.
1093 1096 1132 1151 De
1147 1097 1277 1150 Deteriae
1290 1096 1482 1165 competentia

387 1214 458 1270 quae
478 1203 587 1261 constat
605 1199 709 1269 duplici
729 1200 875 1269 potissimo
887 1216 990 1269 genere
1003 1200 1189 1269 negotiorum.
1209 1230 1243 1241 -
1262 1202 1324 1254 255.
1343 1201 1382 1255 De
1395 1200 1480 1255 Card.

387 1304 551 1358 Prodatario
569 1310 598 1359 et
616 1305 650 1360 da
669 1306 800 1360 Praelalo
820 1306 1017 1361 Sub-Datario.
1035 1334 1072 1347 -
1089 1307 1151 1361 256.
1171 1306 1211 1361 De
1231 1307 1482 1361 reformationibus

388 1408 508 1461 induetis
521 1409 610 1479 quoad
624 1410 714 1463 officia
728 1409 867 1475 Datariee,
880 1429 905 1465 α.
917 1410 1007 1465 1897.
1020 1438 1055 1453 -
1067 1410 1128 1466 257.
1144 1410 1289 1466 De0fficio
1302 1411 1482 1480 negotiorum

388 1519 604 1575 beneficialium.
624 1548 658 1561 -
676 1519 738 1573 258.
759 1518 797 1573 De
811 1520 957 1590 signatura
973 1520 1209 1590 supplicationum
1227 1536 1312 1574 manu
1325 1520 1419 1589 Papae
1431 1536 1483 1589 ap-

386 1628 478 1697 posita
503 1634 532 1681 et
556 1628 589 1683 de
613 1627 692 1689 data3
711 1631 741 1681 et
759 1627 793 1682 de
813 1626 992 1681 Revisoribus
1017 1626 1254 1696 supplicationum
1273 1628 1329 1681 iam
1353 1626 1482 1697 signata·

387 1751 457 1788 rum.
476 1764 511 1774 -
530 1734 590 1788 259.
611 1733 650 1788 De
670 1734 880 1803 Registratione
899 1733 1139 1803 Supplicationum
1153 1739 1182 1788 et
1200 1734 1235 1789 de
1247 1736 1392 1789 effectibus
1411 1735 1483 1789 iuri·

386 1842 456 1895 diois
469 1842 531 1896 inde
544 1839 657 1895 habitis.
675 1868 718 1891 -ι
729 1842 790 1895 260.
805 1841 844 1897 De
857 1842 953 1896 Officio
967 1859 1016 1911 pio
1029 1843 1481 1912 concedendisdispensationibus

386 1946 647 2001 matrimonialibus.
672 1975 709 1988 -
732 1947 792 2002 261.
813 1946 852 2000 De
871 1946 999 2017 Collegio
1017 1947 1226 2016 Expeditorum.
1250 1976 1289 1989 -
1311 1947 1372 2000 262.
1393 1946 1432 2001 De
1450 1951 1483 1999 vi

387 2052 498 2107 oraculi
516 2054 596 2105 vinae
614 2054 689 2105 nocis
708 2051 810 2121 Papae.

386 2266 463 2331 253.
488 2265 585 2330 Modo
601 2265 640 2332 de
657 2230 788 2331 Datame
811 2267 931 2350 aliquid
954 2266 1181 2353 explicandum
1197 2272 1257 2331 est.
1284 2267 1352 2330 lam
1376 2266 1481 2329 innui-

297 2410 378 2473 mus,
402 2392 434 2454 in
459 2392 592 2457 Dataria
623 2391 794 2457 nonnullas
816 2394 939 2477 gratias
961 2398 1018 2459 aut
1040 2393 1265 2457 concessiones
1295 2391 1481 2477 promiscue

297 2537 371 2583 oum
399 2517 583 2583 secretaria
614 2518 766 2582 Brevium
797 2517 1021 2591 secretorum,
1039 2517 1126 2583 alias
1157 2518 1288 2582 omnino
1317 2516 1481 2601 privative

298 2641 453 2728 expediri.
480 2642 543 2708 Sed
566 2642 648 2707 haee
669 2662 747 2707 sane
763 2662 827 2707 non
845 2648 894 2708 est
918 2644 1093 2728 praecipua
1116 2644 1268 2707 Datariae
1291 2663 1372 2707 cura
1394 2661 1481 2726 quae

297 2787 387 2833 suam
416 2770 533 2853 repetit
561 2769 721 2853 originem
744 2786 764 2831 a
788 2768 1062 2834 reservationibus
1085 2768 1181 2833 factis
1208 2771 1298 2833 eirca
1320 2764 1483 2832 beneficia

298 2899 330 2957 et
353 2892 417 2957 alia
439 2894 512 2957 iura
535 2892 575 2958 de
603 2892 716 2976 quibus
743 2893 778 2958 in
802 2891 1023 2960 consistoriali
1048 2895 1311 2979 Congregatione
1344 2912 1409 2957 non
1440 2890 1482 2956 fit

217 3002 220 3027 ³
297 3032 435 3078 examen
452 3019 485 3078 et
500 3014 715 3100 praeparatio
742 3013 822 3079 Inde
847 3035 963 3079 munus
988 3014 1139 3080 Deteriae
1163 3017 1208 3081 ita
1230 3014 1365 3101 exponit
1379 3012 1479 3079 Gard.

297 3134 344 3200 De
365 3136 462 3217 Luca,
486 3154 540 3218 op.
558 3136 611 3202 eit.
636 3136 725 3201 Diae.
743 3136 797 3200 IX
817 3157 852 3200 a.
876 3135 916 3201 4.·
938 3138 1194 3222 ‹Aequivooum
1217 3139 1325 3220 itaque
1347 3134 1483 3199 ridetur

296 3259 375 3325 illud
390 3260 530 3346 praefati
545 3259 691 3325 moderni
707 3261 875 3346 scriptoris
890 3238 1116 3348 (Amapdeno,
1130 3262 1181 3327 De
1195 3262 1281 3347 style
1298 3257 1480 3346 Datnriae)

296 3404 340 3451 ex
352 3384 445 3450 dietis
457 3385 594 3451 diversis
605 3386 810 3469 antiquorum
823 3385 1030 3471 diplomatum
1042 3384 1338 3473 subscriptionibus.
1351 3384 1479 3449 inferre

295 3509 337 3575 ad
352 3510 415 3575 hoo
430 3529 546 3575 munus
563 3510 694 3591 Deterii,
720 3512 881 3593 quoniam,
906 3510 1059 3596 quidquid
1075 3513 1116 3576 sit
1131 3511 1172 3576 de
1187 3510 1375 3576 diversitate
1390 3510 1480 3576 inter

296 3638 427 3720 antiqua
457 3656 603 3719 munera,
635 3636 885 3710 Archidiaooni‚
911 3638 1124 3711 Cancellarii‚
1149 3638 1363 3711 Arobiriarii,
1388 3636 1479 3702 Sori-

295 3762 402 3836 niarii,
428 3760 570 3843 Scribae,
595 3760 847 3836 Bibliotheoarii‚
863 3762 917 3828 vel
940 3762 1065 3835 similia.
1087 3782 1152 3826 non
1167 3769 1276 3827 minen
1292 3761 1411 3827 exinde
1426 3762 1478 3825 in-

295 3886 378 3952 ferri
401 3890 505 3971 potest
528 3885 568 3950 ed
590 3888 812 3970 antiquitatem
849 3886 945 3952 huius
979 3884 1079 3951 officii
1114 3887 1280 3963 Ueturiam
1311 3892 1378 3951 tum
1402 3886 1480 3970 quia

295 4014 418 4075 attento
452 4010 584 4094 antiqno
618 4014 702 4075 stetu
727 4009 847 4075 Curiae
870 4010 996 4095 Papae.
1020 4009 1146 4074 nullum
1176 4009 1249 4075 lere
1283 4008 1480 4096 expediebat

294 4136 458 4221 negotium
482 4156 525 4200 ex
548 4137 586 4201 iis
609 4155 692 4220 quae
713 4135 810 4200 hodie
841 4134 883 4199 ad
914 4136 1079 4200 Deteriam
1109 4134 1275 4219 pertinent
1299 4184 1401 4199 ......
1426 4135 1479 4201 Si·

294 4260 433 4346 quidem,
450 4265 572 4327 attento
595 4260 690 4325 etiam
710 4259 868 4325 hodierno
891 4264 987 4341 statu,
1012 4262 1147 4346 ipsamet
1170 4259 1302 4346 negotia
1317 4278 1401 4343 quae
1416 4278 1478 4345 per

294 4404 452 4470 organum
468 4385 590 4451 Datarii
605 4404 625 4449 a
642 4385 731 4470 Papa
753 4384 959 4469 explicantur
983 4382 1185 4449 reducuntur
1207 4382 1248 4447 ad
1270 4382 1393 4449 dictam
1409 4383 1479 4448 for·
