3292 5109
289 257 357 323 382
808 278 894 325 rans
918 279 955 325 11.

379 400 559 464 Praeterea
581 399 662 463 haec
688 399 719 465 S.
737 399 837 485 Goug.
862 404 1065 485 quaestiones
1089 402 1219 487 expedit
1242 405 1331 467 circa
1354 402 1469 487 Capel-

290 525 393 589 lanias
416 531 448 590 et
470 526 523 609 pia
540 524 661 609 Legata
678 524 782 590 Urbis.
801 525 1030 593 Contentiones
1046 528 1126 592 istae
1151 532 1183 592 et
1205 526 1288 592 aliae
1312 526 1343 593 id
1366 546 1470 613 genus

290 650 323 711 in
347 648 452 733 prima
474 650 627 714 instantia
649 646 846 715 definiuntur
871 651 904 715 in
928 650 1029 737 Gong.
1054 652 1281 718 Consultomm
1304 672 1369 717 uua
1396 672 1469 718 cum

291 772 452 838 Cardinali
484 770 657 852 Praeside3
688 779 721 837 et
750 775 785 838 in
814 774 919 859 gradu
949 776 1173 861 appellationis
1204 775 1419 860 expediuntur
1449 796 1470 841 a

288 896 547 982 Gongregatione
571 896 723 961 Generali
748 896 976 962 Cardinalium.

379 1023 454 1088 304.
480 1024 532 1087 Ex
548 1021 659 1107 codice
683 1022 834 1106 Gregorii
852 1022 933 1088 XVI
959 1022 1114 1087 Tribunal
1132 1024 1318 1089 Vicariatus
1336 1027 1380 1089 ita
1395 1046 1470 1090 con·

288 1147 417 1211 stitutus
433 1150 491 1210 est:
506 1165 524 1207 ‹
540 1146 562 1227 ξ
578 1144 654 1209 364.
671 1142 828 1208 Tribunal
843 1142 1031 1210 Vicariatus
1048 1146 1171 1210 Romae
1188 1146 1348 1219 coalescit,
1362 1166 1380 1210 e
1393 1146 1471 1211 Gar·

285 1269 388 1334 ‹linali
411 1270 545 1335 Vicario
570 1268 665 1335 Urbis
687 1274 721 1333 et
743 1269 793 1333 sui
815 1268 1028 1349 districtus‚e
1052 1269 1207 1334 Praelato
1231 1271 1469 1355 Vicesgerente

287 1402 322 1460 et
346 1416 364 1460 e
389 1395 542 1460 Praelato
566 1395 820 1460 Locumtenente
844 1393 930 1459 civili
948 1396 1004 1477 -5
1027 1394 1102 1459 365.
1120 1395 1322 1460 Alterutere
1346 1394 1469 1461 duobus

291 1521 459 1593 Praelatis,
484 1540 599 1606 nempe
622 1525 678 1584 aut
699 1517 915 1605 Vicesgerens
939 1526 994 1583 aut
1018 1520 1263 1593 Locumtenens‚
1289 1521 1385 1585 etiam
1409 1540 1470 1605 per

289 1646 449 1731 privatum
467 1644 656 1711 Auditorem
680 1645 847 1728 cognoscit
869 1650 901 1709 et
924 1644 1053 1725 iudicat,
1077 1646 1111 1709 in
1134 1647 1237 1729 prima
1259 1647 1421 1715 instantia.

380 1770 411 1857 1)
437 1790 551 1834 causas
577 1769 723 1834 Civitatis
751 1770 874 1833 Romae
897 1774 929 1835 et
956 1771 1004 1834 sui
1031 1769 1202 1843 districtus,
1227 1772 1361 1853 quasin
1385 1770 1470 1835 dioe-

287 1895 415 1961 cesibus
438 1900 636 1979 cognoscunt
659 1900 691 1959 et
714 1895 891 1981 expediunt
914 1894 1090 1968 Ordinarii‚

377 2020 411 2107 2)
435 2039 549 2086 causas
579 2022 664 2085 inter
694 2040 801 2084 meros
833 2020 933 2085 laicos
964 2026 1019 2085 aut
1042 2019 1198 2085 adversus
1228 2040 1335 2086 meros
1366 2020 1466 2087 laicos

287 2164 371 2227 quae
393 2164 458 2209 non
488 2143 649 2209 excedant
679 2148 877 2208 scutatorum
901 2144 1014 2228 viginti
1046 2145 1185 2228 quinque
1209 2144 1363 2225 valorem,
1389 2149 1467 2229 quin

288 2267 473 2350 requiratur
489 2265 635 2331 formalis
651 2285 838 2339 consensus,
856 2266 1034 2349 exquisitus
1050 2284 1069 2329 a
1084 2270 1103 2346 ξ
1120 2265 1185 2331 358
1205 2284 1237 2328 n.
1254 2265 1276 2330 2
1294 2288 1324 2329 ».
1344 2266 1467 2352 Nempe

287 2390 361 2457 laici
377 2392 472 2456 etiam
490 2390 588 2456 tacite
602 2391 636 2454 in
652 2391 757 2454 causis
770 2410 949 2475 prorogare
962 2389 1072 2453 valent
1088 2388 1340 2455 iurisdictionem
1353 2390 1467 2456 iudicis

286 2516 506 2582 ecclesiastici.
533 2516 680 2598 «5366.
704 2514 886 2581 Cardinalis
909 2516 1062 2581 Vicarius
1087 2517 1254 2601 cognoscit
1278 2523 1310 2580 et
1334 2516 1466 2599 iudicat,

287 2640 320 2702 in
343 2636 485 2702 secunda
507 2638 675 2717 instantia,
700 2637 796 2703 etiam
820 2655 879 2719 per
903 2655 995 2699 suum
1019 2637 1182 2720 privatum
1215 2635 1404 2701 Auditorem
1434 2643 1467 2702 et

285 2761 490 2825 cumulatioe
512 2780 585 2823 cum
602 2759 754 2823 Praelato
778 2758 936 2824 Auditore
960 2760 1115 2823 Gamerae
1131 2779 1243 2824 omnes
1267 2778 1379 2825 causas
1400 2780 1466 2824 non

286 2885 426 2949 maiores
449 2885 631 2969 quingentis
661 2884 794 2948 scutatis
825 2884 967 2949 romanis
998 2881 1144 2948 definitas
1172 2886 1206 2948 in
1229 2886 1332 2969 primo
1363 2885 1466 2970 gradu

285 3006 327 3071 ab
350 3007 510 3071 alterutro
530 3027 548 3072 e
567 3006 689 3072 duobus
713 3006 883 3080 Praelatis,
901 3005 1139 3090 Vicesgerente
1154 3012 1187 3071 et
1203 3006 1466 3073 Locumtenente.

287 3168 306 3178 -
330 3131 503 3217 Cognoscit
525 3151 650 3216 quoque
674 3138 706 3196 et
730 3130 850 3201 delinit.
875 3151 937 3215 qua
960 3129 1059 3196 iudex
1091 3130 1252 3196 secundae
1282 3132 1465 3213 instantiae,

285 3259 383 3322 etiam
406 3260 520 3343 vigore
543 3259 731 3344 specialium
755 3258 946 3323 facultatum
970 3278 1052 3342 quae
1077 3257 1121 3321 illi
1146 3254 1381 3358 confirmantur
1411 3264 1467 3322 aut

286 3382 390 3447 denuo
414 3383 637 3456 conferuntur,
655 3385 761 3468 prouti
785 3404 866 3468 opus
889 3384 939 3456 sit,
964 3402 1077 3447 omnes
1099 3402 1214 3447 causas
1237 3402 1302 3446 non
1326 3384 1466 3447 maiores

286 3527 410 3571 summa
432 3510 681 3593 quingentorum
705 3513 912 3583 scutatorum,
929 3527 1011 3591 quae
1034 3504 1231 3573 definiuntur
1252 3508 1285 3570 in
1301 3508 1406 3591 prima
1422 3508 1467 3571 in·

285 3629 405 3692 stantia
418 3648 439 3691 a
455 3629 607 3693 Praelato
623 3630 781 3694 Auditore
796 3628 962 3695 Gamerae.
981 3664 999 3676 -
1016 3628 1038 3709 ὅ
1053 3628 1129 3691 367.
1146 3627 1319 3692 Auditores
1335 3628 1463 3712 privati,

286 3772 401 3837 nempe
413 3752 593 3819 Cardinalis
605 3760 637 3819 et
648 3752 1131 3838 Praelatorum'Vicesgereutis
1146 3757 1177 3817 et
1191 3753 1463 3825 Locumtenentis,

286 3882 438 3959 poterunt
460 3898 657 3962 cognoscere
681 3898 794 3943 omnes
817 3897 930 3942 causas
954 3895 1054 3960 usque
1074 3876 1115 3941 ad
1138 3876 1330 3939 sententiam
1353 3874 1465 3939 ineisa·

285 4000 496 4085 definitivam
526 4022 725 4069 arenosive.
752 4002 962 4067 -Sententia
991 4002 1099 4065 meriti
1126 3998 1291 4064 definitiva
1323 3998 1465 4063 subscri-

285 4120 381 4187 betur
402 4144 423 4188 a
446 4122 540 4189 Gard.
557 4122 701 4197 vicario,
717 4128 772 4189 aut
795 4144 815 4187 a
831 4123 983 4187 Praelato
1001 4122 1237 4207 Vicesgerente
1254 4126 1309 4186 aut
1327 4121 1465 4185 Locum-

284 4253 426 4321 tenente,
443 4250 576 4333 praevia
595 4248 816 4333 recognitione
832 4245 959 4331 (nempe
975 4244 999 4310 it
1016 4245 1112 4331 visto)
1132 4244 1300 4310 Auditoris
1317 4246 1370 4329 qui
1387 4263 1466 4309 cau-

285 4390 353 4433 sam
370 4376 559 4457 coguoverit
575 4395 604 4438 u.
629 4374 737 4448 Quare
760 4372 933 4439 Auditores
948 4375 1024 4438 sunt
1046 4390 1216 4436 causarum
1231 4370 1463 4443 instructores,
