3292 5109
501 300 545 347 66
570 298 998 348 1uo1c11saccsss1usr1c1s
1288 276 1354 344 193

166 578 193 663 ἓ
220 578 251 644 l.
276 578 327 645 De
349 579 504 646 methodo
527 598 617 666 quoe
638 584 797 646 senatur
819 579 916 662 apud
940 579 1029 646 1666
1048 578 1083 645 S.
1103 579 1207 665 Conp.
1230 577 1269 643 in
1293 597 1354 643 eoo-

260 704 442 787 potiendis
457 703 601 790 66661116
616 710 687 768 tnm
701 701 922 769 iudiciotdms
938 707 1011 767 tum
1026 702 1354 769 entraiudiciatibns.

168 948 395 1007 Summarlum.
414 980 448 993 -
469 950 530 1006 163.
551 950 693 1005 Nonnulla
714 949 837 1020 negotia,
857 951 910 1005 etsi
930 954 1029 1018 suapte
1048 955 1149 1004 natura
1170 951 1354 1017 contentiosa,

266 1058 451 1129 expediuntur
464 1060 535 1113 turis
554 1059 652 1113 ordine
671 1075 726 1112 non
744 1067 864 1113 seruato.
884 1085 918 1097 -
940 1057 998 1110 164.
1012 1056 1153 1111 Nonnulla
1165 1058 1210 1112 val
1223 1074 1279 1113 666
1291 1074 1356 1113 666-

267 1164 397 1229 tentiosa,
410 1164 455 1218 vel
474 1165 650 1219 contentiosa
662 1164 709 1218 sed
721 1164 838 1217 minoris
857 1163 990 1217 momenti
1012 1168 1202 1232 proponuntur
1212 1182 1271 1235 per
1281 1180 1358 1219 sunt-

267 1268 359 1320 mon'o
373 1284 502 1337 precum.
521 1296 558 1309 -
579 1268 637 1323 165.
657 1267 696 1322 Da
709 1266 822 1321 decreto
836 1267 962 1321 Ponatur
974 1268 1004 1320 tn
1023 1268 1158 1338 [616.-
1178 1267 1236 1321 166.
1256 1266 1357 1321 Η6ἰ66·

268 1373 342 1427 modi
356 1374 544 1428 ordinationes
557 1390 605 1429 666
618 1373 731 1429 decreta
743 1372 785 1427 661
800 1373 893 1427 solent
904 1374 934 1425 in
947 1388 1107 1443 conpressu.
1119 1401 1155 1413 -
1171 1373 1228 1426 167.
1241 1372 1357 1440 Causae,

268 1495 340 1549 quae
359 1488 506 1549 ponuntur
524 1482 554 1531 in
573 1479 657 1549 sotio,
676 1488 798 1547 aguntur
820 1476 865 1531 uel
892 1458 1081 1543 oeconomice,
1099 1476 1143 1531 vel
1164 1478 1234 1531 turis
1258 1480 1358 1531 ordine

267 1599 387 1643 6666616.
415 1618 449 1631 -
482 1588 538 1642 168.
569 1587 694 1659 Regulae
713 1586 875 1652 servandae,
894 1606 978 1659 quum
998 1604 1099 1641 causae
1123 1588 1267 1657 agitantur
1285 1589 1358 1642 turis

270 1694 370 1748 ordine
388 1704 515 1759 seruato,
533 1696 696 1747 statuuntur
722 1692 836 1747 decreto
863 1711 889 1745 u.
910 1693 1000 1746 1847.
1026 1721 1060 1733 -
1089 1692 1146 1746 169.
1172 1692 1211 1748 De
1232 1692 1358 1747 clausula

268 1830 283 1843 ·
295 1802 367 1855 nituit
386 1810 509 1855 transeut
522 1816 543 1865 -3
563 1800 596 1854 de
615 1800 863 1872 insonnotionibna
884 1799 1107 1861 Ordinariorum;
1126 1800 1160 1855 66
1179 1805 1359 1870 procuratore

269 1906 477 1971 constitueud03
497 1910 526 1961 et
544 1906 578 1961 da
596 1905 688 1961 dubiis
713 1905 920 1960 concordandis.
940 1934 977 1947 -
999 1906 1055 1958 170.
1076 1906 1117 1961 lta
1138 1906 1220 1961 modo
1246 1923 1301 1977 quo
1325 1908 1359 1960 fit

269 2017 418 2071 instructio
431 2020 459 2071 et
472 2016 519 2069 uni
533 2015 651 2070 alterive
664 2014 843 2069 contendenti
859 2014 1032 2083 permittitur
1042 2014 1170 2085 legitima
1180 2016 1311 2071 66166616.
1322 2045 1359 2057 -

272 2126 331 2180 171.
351 2126 390 2181 De
409 2126 609 2195 informatione
627 2124 699 2194 apud
718 2124 772 2178 PP.
787 2122 962 2189 Cardiuales3
981 2123 1015 2178 de
1034 2124 1160 2196 terminox
1172 2122 1360 2194 peremptorio

270 2231 305 2285 ad
318 2246 390 2286 noua
402 2231 562 2285 adducenda
580 2231 753 2297 documenta,
766 2233 795 2285 61
808 2230 842 2286 66
855 2229 915 2284 11116
928 2229 1097 2285 definitione.
1115 2260 1151 2271 -
1171 2231 1231 2285 172.
1245 2230 1359 2293 Quando

272 2339 439 2394 concedatur
466 2342 496 2391 61
520 2324 656 2408 quomodo
684 2337 851 2391 beneficium
879 2352 968 2392 nouae
996 2338 1162 2393 audientiae.
1182 2367 1216 2379 -
1236 2339 1276 2393 De
1298 2356 1360 2393 sen-

271 2443 377 2499 tentiae
406 2443 578 2499 executione.
602 2472 639 2485 -
662 2442 742 2512 Apud
761 2442 834 2497 hanc
853 2441 938 2512 Coug.
958 2444 1052 2497 omnia
1075 2450 1140 2498 acta
1165 2445 1250 2499 totino
1274 2446 1360 2499 conti·

273 2548 392 2601 ciuntur.

274 2776 349 2842 163.
366 2770 576 2861 Explicant'es
593 2776 624 2843 S.
641 2774 741 2861 cong.
760 2776 828 2840 EE.
841 2782 875 2841 et
892 2776 962 2841 Ru.
980 2778 1138 2843 rationem
1153 2776 1358 2862 procedendi,

180 2902 382 2969 advertimus
415 2902 586 2967 nonnullas
617 2904 821 2987 quaestiones
852 2908 964 2987 suapte
995 2907 1111 2969 natura
1145 2906 1360 2970 contentiosas

183 3022 331 3109 expediri
354 3022 441 3104 iuris
464 3024 586 3090 ordine
607 3042 678 3090 non
700 3026 846 3089 seruato.
877 3024 1026 3087 lamvero
1049 3022 1131 3089 haec
1159 3023 1270 3089 66666
1293 3045 1360 3089 me-

182 3146 298 3213 thodus
323 3146 515 3212 observatur
529 3148 612 3233 apud
636 3148 668 3213 S.
686 3147 786 3232 (long.
805 3146 951 3218 Consilii,
968 3147 1229 3230 quotiescumque
1245 3158 1362 3214 causae

182 3270 374 3337 deferantur
397 3290 479 3355 quae
506 3273 648 3357 pressius
671 3272 833 3357 attingant
863 3270 1064 3355 disciplinam
1095 3270 1361 3348 ecclesiasticam

182 3402 298 3484 utputa
322 3418 418 3481 quum
442 3398 609 3481 quaeritur
640 3416 682 3461 an
714 3398 913 3463 sustineatur
943 3396 1111 3461 decretum
1140 3397 1291 3482 Episcopi
1314 3399 1360 3462 iu-

183 3522 289 3589 bentis
307 3522 492 3588 Perochum
516 3521 678 3587 dimittere
702 3541 721 3585 e
744 3519 838 3585 domo
862 3539 921 3586 sua
943 3520 1112 3585 mulierem
1131 3500 1363 3605 aliquantisper

183 3651 383 3732 suspectam
408 3665 469 3712 nec
493 3665 558 3710 nou
581 3645 707 3731 quando
731 3646 819 3711 inter
843 3664 943 3709 unum
959 3650 992 3709 et
1007 3645 1145 3708 alterum
1169 3645 1362 3730 Episcopum

183 3771 225 3837 lis
240 3775 402 3843 versatur,
424 3790 506 3855 quae
531 3769 721 3835 resolvenda
746 3768 859 3834 estad
882 3788 995 3853 pacem
1018 3774 1052 3833 et
1075 3769 1267 3834 charitatem
1291 3788 1364 3833 con·

185 3893 357 3962 ciliandam
370 3896 472 3981 magis
488 3914 583 3979 quam
599 3894 639 3960 ad
657 3894 877 3979 quaestionem
893 3893 974 3959 iuris
989 3898 1046 3958 aut
1060 3893 1137 3958 facti
1152 3892 1362 3959 enodandam.

276 4018 443 4120 Quaedam
470 4018 576 4083 forma
605 4016 711 4083 media
746 4016 834 4082 inter
864 4017 1022 4081 rationem
1053 4016 1249 4102 procedendi
1278 4016 1365 4083 iuris

186 4141 309 4209 ordine
335 4159 406 4208 non
433 4146 566 4208 senato
597 4145 630 4205 et
652 4160 839 4227 processum
875 4140 1090 4206 instauratum
1123 4140 1210 4206 turta
1244 4139 1364 4206 ordine

186 4272 331 4341 sonato,
350 4264 472 4331 obtinet
494 4264 578 4351 apud
601 4266 687 4331 hauc
703 4264 735 4331 S.
754 4265 854 4351 Coug.
871 4266 905 4330 iu
922 4266 1029 4331 causis
1044 4282 1127 4349 quae
1150 4262 1365 4350 expediuntur

183 4412 251 4476 per
273 4390 464 4459 summario
482 4410 638 4475 precum.

332 4515 392 4570 Soc.
412 4514 489 4585 Lapa
1188 4513 1221 4568 13
