3292 5109
329 286 383 351 -44
855 300 940 349 ruas
963 300 1000 347 11.

338 422 526 509 iampridem
545 424 669 488 acriter
682 408 808 508 agitau'
820 421 907 487 inter
921 424 1116 501 tractatores
1131 419 1181 487 rei
1204 418 1401 503 iudiciariae,
1418 436 1515 503 quam

337 548 472 614 resolvit
494 548 541 613 lle
565 548 663 621 Luca,
687 566 742 630 op.
766 545 819 614 cit.
843 547 932 615 Disc.
953 544 1012 624 32,
1038 546 1212 613 advertens
1235 544 1427 633 capellanos
1456 562 1516 609 seu

214 667 218 675 ⁴
339 671 449 756 Papae
479 670 652 736 Auditores
685 688 801 738 causas
834 670 945 737 solitos
974 670 1074 737 fuime
1104 670 1267 743 instruere
1291 688 1335 737 ex
1361 666 1516 741 mandato

302 825 305 833 f
339 794 462 881 Papae;
486 793 560 859 dein
582 814 663 859 vero
686 813 729 859 ex
751 793 864 860 iisdem
880 794 1093 865 auditoribus¹
1112 793 1284 881 collegium
1307 791 1515 871 constitutum

336 937 409 983 esse
432 919 465 984 in
489 919 577 985 hunc
601 936 751 1003 scopum;
775 924 808 984 et
830 916 995 984 concludit
1014 938 1050 983 n.
1067 918 1110 985 5:
1136 919 1289 1003 «Atque
1303 917 1382 983 hinc
1404 921 1517 983 manat

337 1043 482 1127 practica
504 1047 537 1108 et
561 1048 693 1128 recepta
714 1044 891 1129 propositio
914 1044 999 1128 quod
1021 1042 1140 1131 singuli
1162 1043 1337 1111 Auditores
1363 1043 1517 1109 dicuntur

338 1164 459 1231 iudices
481 1165 640 1253 delegati,
666 1187 730 1232 non
753 1172 868 1232 autem.
884 1167 1069 1243 ordinarii,
1094 1172 1203 1253 utpote
1226 1186 1269 1233 ex
1292 1166 1351 1233 sibi
1381 1166 1516 1233 directis

336 1290 613 1357 commissionibus
635 1290 815 1378 delegatam
843 1290 1097 1358 iurisdictionem
1124 1290 1299 1373 habentes,
1321 1297 1419 1377 atque
1442 1292 1516 1358 iure

335 1412 483 1501 delegati
505 1434 570 1480 non
591 1421 699 1482 eutem
722 1414 895 1483 ordinarii
917 1414 1032 1481 iudicis
1056 1412 1218 1481 metiendi.
1234 1416 1310 1501 Ipsa
1328 1434 1408 1480 vero
1429 1416 1515 1481 Rota

336 1555 393 1602 seu
422 1538 527 1622 ipsum
557 1536 728 1613 Tritona,
757 1540 791 1604 in
821 1539 1026 1611 universum,
1055 1542 1164 1625 utpote
1199 1539 1515 1624 repraesentativum

336 1663 503 1749 praefatae
519 1663 670 1749 Capellae
685 1684 743 1729 seu
760 1665 863 1730 Aulae
882 1661 1080 1737 Pontificius,
1093 1662 1292 1730 ordinariam
1307 1662 1406 1729 habet
1421 1664 1514 1730 iuris·

334 1786 518 1861 dictionem,
535 1792 632 1871 atque
650 1786 766 1869 iudicis
779 1787 936 1854 ordinarii
952 1789 1024 1854 iure
1040 1793 1201 1870 censetur,
1219 1786 1374 1854 habituali
1389 1786 1517 1853 iurisdi-

336 1914 444 1979 ctione
467 1920 501 1981 et
521 1915 739 2002 competentia
760 1934 860 2000 penes
883 1934 994 1981 omnes
1017 1916 1211 1981 existente.»
1230 1913 1287 2001 (1).
1313 1914 1363 1981 Re
1384 1913 1515 1999 quidem

334 2058 417 2103 vera
435 2044 562 2104 certum
585 2059 755 2105 causarum
779 2059 882 2127 genus
905 2060 948 2106 ex
971 2040 1056 2137 ipsis·
1068 2038 1260 2107 Pontificum
1275 2038 1517 2107 constitutioni·

335 2156 395 2223 bus
417 2158 587 2225 Auditorio
610 2161 643 2227 S.
668 2161 771 2225 Rotae
793 2160 984 2229 attributum
1006 2160 1077 2233 luit,
1094 2166 1129 2227 at
1150 2160 1298 2247 singulae
1314 2181 1431 2227 causae
1446 2181 1515 2227 non

335 2288 579 2367 cognoscuntur
592 2285 654 2349 nisi
669 2283 819 2370 specialis
835 2280 871 2350 flt
885 2286 1067 2351 commissio
1082 2283 1208 2351 cuidam
1229 2284 1388 2352 Auditcri.
1406 2320 1425 2335 ·
1444 2285 1515 2352 Ve-

339 2426 411 2471 rum
427 2424 471 2471 ex
487 2407 540 2472 cit.
554 2407 628 2474 cod.
647 2406 749 2494 Greg.
765 2408 799 2473 X
806 2408 852 2474 Vl
867 2408 961 2473 hodie
977 2408 1151 2475 nonnullae
1167 2426 1284 2474 causae
1302 2407 1512 2475 Auditoribus

338 2530 371 2597 S.
385 2530 488 2597 Rotae
503 2530 678 2597 attributae
693 2531 827 2598 fuerunt
847 2533 924 2617 quin
949 2533 1014 2597 ulla
1037 2533 1174 2619 amplius
1197 2553 1276 2619 opus
1298 2536 1341 2601 sit
1363 2534 1514 2600 commis·

333 2660 440 2734 sione;
454 2663 488 2726 et
502 2659 565 2724 hcc
580 2658 667 2724 inira
678 2658 912 2743 explicabimus
924 2664 1057 2746 agentes
1069 2658 1109 2725 de
1121 2658 1153 2727 S.
1168 2660 1271 2725 Rotae
1284 2662 1512 2745 competentia

423 2781 476 2846 48.
502 2777 549 2846 Ne
564 2800 643 2845 vero
660 2801 729 2847 mos
751 2780 971 2849 committendi
994 2782 1138 2868 singulas
1161 2800 1284 2855 causas,
1309 2780 1423 2847 iudicis
1447 2784 1515 2849 Au·

333 2904 446 2971 ditonis
462 2925 526 2991 qua
544 2904 684 2992 delegati
702 2907 797 2973 nimis
819 2912 989 2973 coerceret
1012 2912 1212 2993 potestatem,
1229 2914 1358 2973 cautum
1374 2907 1437 2973 tuit
1451 2926 1514 2994 per

332 3010 392 3098 cit
411 3032 676 3099 Constitutionem
701 3032 837 3098 Martini
850 3032 892 3107 V,
916 3031 1066 3100 Romani
1090 3031 1263 3119 Pontifiots
1280 3032 1512 3117 procidentia,

333 3156 462 3221 unicam
478 3156 733 3222 commissionem
749 3160 938 3241 potestatem
962 3154 1116 3222 conferre
1132 3156 1278 3221 Auditcri
1295 3158 1515 3222 necessariam

332 3297 392 3365 pro
426 3280 613 3361 quaestione
647 3278 848 3366 expedienda
879 3286 912 3345 et
945 3280 1107 3346 sententia
1141 3300 1286 3367 congrue
1322 3279 1515 3365 exequenda

332 3420 395 3474 nec
416 3422 482 3469 non
505 3423 565 3490 pro
591 3403 793 3470 resolvendis
823 3404 895 3471 aliis
924 3403 1164 3489 quaestionibus
1195 3403 1408 3471 incidentibus
1439 3396 1515 3471 'cum

332 3524 502 3609 principali
526 3526 694 3591 connexis.

421 3762 461 3837 (l)
481 3764 522 3819 Ex
542 3764 594 3819 bac
613 3766 749 3836 singulari
773 3766 933 3821 conditione
957 3764 1040 3821 huius
1063 3766 1212 3821 tribunalis
1236 3766 1290 3823 hoc
1307 3767 1384 3822 aliud
1403 3766 1516 3823 deducit

332 3868 372 3924 De
391 3868 467 3924 Luca
486 3870 506 3923 l.
520 3888 542 3925 c.
561 3889 589 3925 n.
604 3872 634 3925 6.·
652 3887 669 3924 e
687 3870 794 3927 Exinde
812 3887 923 3943 quoque
946 3879 1042 3925 mersat
1063 3873 1136 3945 quod
1153 3888 1189 3927 ex
1207 3871 1269 3927 sola
1288 3872 1450 3929 remissione
1468 3872 1515 3929 vel

330 3976 525 4033 commissione
543 3978 647 4035 Decsni
669 3979 753 4052 (idest
770 3978 848 4035 illius
866 3979 914 4051 qui
932 3996 1029 4035 eorum
1047 3980 1190 4052 antiquior
1208 3986 1251 4036 est
1269 3998 1325 4037 non
1344 3982 1457 4054 quidem
1475 3998 1512 4037 ex

330 4100 415 4140 cause
433 4085 479 4140 vel
498 4086 607 4142 ratione
626 4087 805 4157 particularis
823 4086 917 4156 officii,
936 4088 983 4163 sed
1003 4088 1031 4141 in
1049 4088 1158 4145 ratione
1174 4089 1412 4159 praeeminentiae
1429 4105 1515 4161 quem

330 4194 483 4249 sntianitas
509 4196 625 4265 praebet
637 4196 707 4265 ....)
727 4213 799 4249 unus
818 4194 937 4250 Auditor
956 4196 1018 4250 loco
1037 4194 1155 4251 alterius
1180 4196 1304 4267 impediti
1330 4199 1515 4267 subrogatur,

330 4306 416 4374 atque
433 4303 590 4359 sententias
608 4304 715 4375 profert
733 4303 845 4376 alisque
863 4308 928 4359 acta
940 4304 1063 4373 explicat
1074 4305 1180 4377 absque
1192 4304 1249 4360 slis
1262 4306 1456 4361 commissione
1468 4302 1517 4361 vel

329 4410 509 4482 delegatione
523 4428 549 4469 a.
