3292 5109
272 262 340 328 324
801 280 886 327 raas
910 280 947 327 11.

408 403 442 489 3)
467 404 633 469 Concessit
651 403 839 469 facultatem
855 405 1083 471 convalidandi
1096 408 1207 473 titulos
1220 405 1464 473 beneficiorum.

274 544 347 590 cum
378 526 505 591 occulta
536 524 739 590 inhabilitate
761 524 815 589 vel
843 525 908 589 alio
930 527 1009 591 vitio
1032 528 1173 609 occulto,
1199 529 1295 594 etiam
1319 530 1352 593 in
1375 548 1455 593 con-

273 670 385 725 cursu,
410 651 495 715 male
518 649 733 717 obtentorum.
769 652 910 737 Excepit
931 654 1103 719 nonnullos
1126 674 1238 735 casus,
1260 656 1455 739 praesertim

273 776 428 840 simoniae
451 774 549 840 realis
572 777 713 841 scienter
736 780 935 841 contractae.

408 896 442 983 4)
466 898 632 964 Concessit
648 898 836 965 facultatem
852 898 1052 965 condonandi
1069 899 1122 963 vel
1137 900 1333 975 remittendi,
1350 900 1457 985 quoad

273 1022 359 1087 male
389 1023 496 1088 ablata
518 1023 571 1088 vel
595 1029 736 1099 retenta,
765 1012 892 1109 partem
922 1024 1063 1108 aliquam
1097 1024 1357 1109 delinquentibus
1379 1045 1457 1111 pau-

273 1144 414 1230 peribus,
439 1145 566 1228 quando
589 1144 721 1211 domiai
743 1145 864 1211 incerti
886 1149 965 1210 suat
987 1150 1019 1210 et
1041 1164 1141 1211 casus
1163 1146 1294 1211 occulti.

408 1268 442 1353 5)
466 1268 559 1335 Dedit
582 1270 678 1333 etiam
702 1268 891 1333 facultatem
915 1268 1088 1333 relaxandi
1110 1290 1170 1355 pro
1193 1269 1266 1333 loro
1290 1270 1456 1335 conscien-

273 1393 338 1457 tiae
363 1392 544 1455 iuramenta
577 1410 798 1475 quaecumque
821 1392 854 1455 in
886 1391 999 1475 quibus
1026 1392 1229 1477 exploratum
1261 1396 1303 1459 sit
1330 1394 1456 1458 nullum

274 1516 461 1611 cuiusquam
475 1516 528 1600 agi
545 1516 795 1600 praeiudicium;
820 1518 898 1581 item
917 1516 1123 1603 dispensandi
1139 1517 1364 1583 commutando
1378 1520 1456 1583 vota

274 1641 431 1726 simplicia
454 1642 551 1705 etiam
575 1646 751 1715 reservata,
777 1650 809 1707 et
833 1642 941 1707 Horas
964 1644 1147 1708 canonicas
1185 1629 1190 1639 ’

408 1762 441 1849 6)
466 1762 621 1848 Specialis
637 1763 927 1829 animadversionis
947 1763 1064 1849 dignae
1087 1770 1162 1829 sunt
1185 1767 1412 1830 concessiones
1433 1785 1457 1828 a

275 1886 435 1954 Pontifice
463 1889 569 1953 factae
594 1889 867 1955 Paenitentiariae
898 1891 988 1955 circa
1010 1889 1454 1975 dispensationes‘matrimo-

274 2016 387 2081 niales.

366 2142 403 2205 ln
434 2141 517 2224 quod
549 2143 747 2227 propositum
778 2143 862 2210 scitu
890 2141 1061 2208 admodum
1088 2144 1166 2208 utile
1196 2148 1262 2215 est,
1294 2160 1454 2225 quaenam

274 2262 361 2326 inter
384 2262 500 2326 Curiae
525 2259 642 2327 Officia
665 2262 704 2327 de
728 2263 791 2327 boo
815 2267 913 2347 agant
939 2264 1068 2347 negotio
1092 2268 1286 2347 etquenam
1316 2262 1455 2325 ratione.

276 2387 425 2450 Iamvero
439 2405 498 2470 per
511 2366 740 2451 secretarium
752 2386 914 2451 Breoium
928 2386 999 2452 Sec.
1013 2385 1147 2452 concedi
1166 2385 1271 2449 solent
1286 2384 1455 2469 dispensa-

273 2511 377 2575 tiones
392 2511 550 2594 supremis
565 2508 768 2593 Principibus
784 2515 817 2573 et
831 2510 947 2574 literae
963 2510 1213 2575 revalidatoriae
1228 2528 1285 2573 seu
1301 2527 1455 2573 Praisos

273 2654 409 2703 vennas
432 2634 490 2721 (ita
512 2634 617 2700 dictae
641 2636 715 2717 quia
741 2636 925 2699 sanationes
948 2635 1106 2700 valebunt
1125 2633 1272 2718 perinde
1299 2611 1339 2698 ac
1362 2634 1388 2697 si
1411 2631 1455 2695 ab

273 2760 363 2824 initio
384 2778 479 2824 error
495 2779 559 2823 non
576 2758 756 2843 obrepserit
771 2779 832 2823 nec
848 2760 912 2823 alia
931 2758 1072 2824 adfuerit
1087 2778 1184 2824 causa
1206 2755 1376 2843 nullitatis)
1395 2754 1455 2842 (l);

274 2904 419 2969 quaeque
453 2885 569 2949 literae
604 2884 791 2949 obtinentur
825 2884 866 2948 ad
902 2884 1045 2949 sananda
1079 2883 1352 2970 dispensationum
1374 2882 1455 2947 vitia

274 3029 372 3093 super
395 3008 553 3073 Brevibus
569 3006 609 3072 ab
627 3006 737 3072 eadem
762 3008 949 3073 Secretaria
973 3010 1138 3073 emanatis.
1157 3042 1176 3055 ·
1193 3007 1224 3073 S.
1239 2993 1277 3073 Ὀ.
1293 3007 1324 3072 S.
1343 3004 1454 3073 Officii

274 3132 436 3218 dispensat
459 3134 492 3197 in
509 3131 743 3217 impedimentis
758 3132 1021 3217 provenientibus
1043 3133 1149 3216 alique
1172 3152 1216 3197 ex
1238 3133 1325 3196 facto
1341 3130 1453 3196 Fidem

274 3258 462 3343 attingente,
479 3259 512 3323 in
528 3258 611 3342 qnod
636 3258 676 3321 H.
699 3257 730 3323 S.
749 3259 848 3343 Cong.
873 3263 922 3323 est
944 3263 1139 3343 competens,
1164 3262 1278 3342 utputa
1300 3258 1334 3320 in
1358 3258 1455 3340 impe·

276 3383 416 3449 dimento
440 3383 561 3449 mixtae
586 3382 774 3465 Religionis,
799 3381 995 3466 disparitatis
1023 3381 1127 3446 cultus
1150 3381 1203 3445 uel
1226 3378 1354 3464 quando
1377 3377 1453 3444 deli·

275 3512 363 3573 ctum
387 3511 435 3571 est
458 3511 603 3571 notatum
627 3506 807 3590 suspicione
830 3506 986 3581 haeresis,
1003 3506 1103 3570 veluti
1125 3505 1385 3590 polygamiaaut
1399 3523 1453 3588 po-

275 3630 436 3719 lyandria.
454 3665 472 3680 -
491 3631 557 3695 Pro
576 3630 656 3694 locis
671 3631 870 3702 Missionum,
887 3630 1140 3717 dispensationes
1163 3632 1196 3693 in
1221 3634 1358 3713 utroque
1380 3626 1454 3693 foro

275 3755 482 3842 regulariter
506 3754 726 3820 conceduntur
749 3776 808 3841 per
831 3776 989 3841 organum
1012 3756 1044 3821 S.
1062 3754 1095 3819 C.
1120 3754 1166 3817 De
1183 3753 1280 3837 Prop.
1306 3751 1395 3823 Fide,
1420 3753 1454 3815 et

275 3880 467 3966 respective,
492 3877 598 3963 quoad
622 3879 772 3964 regiones
796 3880 824 3943 ei
849 3878 1017 3951 subiectas,
1042 3897 1102 3963 per
1119 3877 1152 3943 S.
1174 3874 1277 3963 Couq.
1301 3872 1454 3961 Negotiis

365 4173 403 4245 (l)
421 4173 580 4229 Secretaria
599 4172 729 4228 Brevium
748 4173 796 4227 dat
815 4172 925 4226 litteras
940 4172 1061 4242 perinde
1079 4171 1177 4225 valere
1202 4170 1236 4223 ad
1262 4167 1386 4223 sananda
1403 4181 1454 4219 sua

276 4280 390 4345 Brevia3
409 4278 465 4333 alia
479 4277 651 4348 Dycasteria,
666 4276 755 4331 veluti
768 4276 997 4345 Poenitcntiaria,
1015 4276 1102 4332 etiam
1121 4276 1188 4331 daut
1206 4275 1316 4330 litteras
1330 4272 1454 4342 perinde

274 4388 382 4454 ualere,
401 4387 436 4441 ad
454 4386 590 4440 sanandas
609 4402 673 4439 snas
692 4385 802 4440 litteras
821 4385 1041 4455 dispensationis.
