3292 5109
461 303 506 350 nn
531 301 670 351 runicus
693 301 959 352 nocnssmsrrcrs
1066 309 1073 352 ,·
1245 285 1308 351 301

219 424 295 489 250.
320 424 526 491 Secretariae
549 426 704 489 Brevium
720 424 930 491 Secretorum
954 432 1085 511 praeest
1108 426 1312 493 secretarius

127 550 182 633 qni
210 548 306 615 bodie
333 550 464 636 eligitur
489 552 574 615 inter
597 551 803 631 ‚cardinalem
835 552 912 617 olim
943 554 1030 618 enim
1060 554 1157 639 seligi
1188 551 1313 619 solebat

127 694 172 739 ex
188 675 331 761 Collegio
348 675 537 740 Praelatitio
554 675 813 742 Secretariorum
829 676 1100 762 Apostolicorum.
1122 678 1312 743 Secretario

131 798 294 865 Cardinali
318 820 449 886 operam
473 800 551 865 dant
575 800 747 867 Praelatus
763 800 968 874 Substitutus‚
993 803 1165 867 Asssessor
1180 807 1214 867 et
1229 822 1312 867 non·

130 924 211 987 nulli
227 924 439 990 Minutantes
461 926 515 1008 qui
540 926 694 990 Brevium
718 926 856 989 minutas
880 923 1064 991 conficiunt.
1091 926 1181 1011 Papa
1202 928 1235 991 in
1259 946 1312 991 au·

131 1048 259 1113 dientiis
275 1048 451 1114 Substituto
475 1048 608 1114 concedi
631 1050 732 1115 solitis
756 1049 814 1115 has
838 1052 977 1116 minutas
1000 1050 1176 1117 subscribit
1198 1050 1310 1117 verbo:

130 1172 266 1249 Placet,
291 1193 363 1239 cum
394 1175 505 1239 littera
534 1176 639 1259 prima
669 1176 807 1239 nominis
830 1176 885 1240 sui
907 1175 1120 1261 baptismatis
1142 1180 1198 1241 aut
1220 1175 1312 1242 Reli-

131 1298 251 1384 qionis.
270 1300 427 1364 Nimirum
443 1299 497 1365 sui
521 1272 733 1383 baptismalis
750 1301 1011 1385 quotiescumque
1027 1302 1123 1366 alicui
1141 1299 1312 1387 Religioni

131 1440 248 1487 nomen
272 1442 337 1487 non
361 1420 458 1487 dedit.

220 1548 298 1615 251.
324 1550 480 1635 Magister
502 1550 581 1613 vero
613 1568 670 1612 seu
703 1546 866 1632 Officiolis
888 1548 1051 1615 Brevium
1085 1550 1191 1633 prouti
1226 1568 1313 1614 nunc

132 1671 313 1757 appellatur
336 1674 368 1737 in
390 1672 531 1745 Ueturia,
556 1674 741 1737 nominatur
756 1690 775 1735 a
791 1670 955 1737 cardinali
980 1670 1172 1737 Prodatario
1196 1678 1229 1738 et
1250 1671 1312 1737 sub

133 1798 200 1861 eins
224 1797 427 1872 auctoritate,
447 1796 577 1861 nomine
600 1796 756 1861 Gamerae
772 1797 978 1881 Apostolicae
1002 1794 1142 1862 officium
1168 1800 1311 1861 exercet.

134 1926 183 1988 lta
206 1922 328 1987 Bened.
345 1923 429 1989 XIV
453 1924 485 1988 in
509 1922 572 1987 iam
597 1924 650 1988 cit.
669 1924 775 1989 (lonst.
794 1958 838 1971 -
855 1923 960 1987 Hodie
984 1925 1104 1989 Brevia
1128 1926 1160 1988 in
1183 1925 1316 1989 Dataria

133 2067 197 2113 non
222 2049 330 2113 omnia
352 2054 530 2112 exarantur
554 2048 585 2111 in
609 2067 807 2133 pergamena
830 2045 888 2113 sed
911 2047 1065 2112 nonnulla
1088 2048 1121 2114 in
1148 2052 1240 2114 carta
1263 2068 1315 2112 or·

135 2172 268 2244 dinaria.
293 2172 431 2257 optimae
454 2170 580 2256 quidem
605 2172 777 2255 qualitatis.

223 2298 299 2365 252.
316 2298 520 2363 Secretarius
537 2299 690 2363 Brevium
707 2298 747 2363 ad
765 2299 935 2385 Principes
951 2303 1000 2363 est
1017 2299 1190 2364 Praelatus
1202 2300 1242 2365 R.
1255 2298 1315 2367 Ou-

135 2425 212 2496 riae,
238 2429 270 2489 et
293 2428 342 2489 est
366 2424 474 2507 Papae
499 2421 538 2486 ab
562 2424 674 2487 intimo
699 2422 865 2498 cubiculo;
890 2429 922 2489 et
945 2430 1018 2488 acta
1047 2424 1146 2489 latine
1174 2422 1313 2491 conficit.

136 2548 243 2615 Habet
265 2549 344 2616 dnos
366 2548 616 2615 Minutanteset
631 2549 713 2614 solet
726 2528 833 2615 *etiam
853 2548 1062 2615 substitutum
1085 2548 1218 2614 habere.
1236 2550 1316 2614 llius

135 2672 275 2740 officium
300 2678 349 2740 est
371 2674 492 2738 Brevia
514 2694 712 2761 praeparare
736 2674 891 2742 mittenda
915 2673 1073 2761 Regibus,
1099 2675 1313 2760 Principibus,

135 2800 302 2885 Episcopis
332 2805 365 2863 et
395 2800 466 2865 aliis
492 2800 572 2865 viris
604 2800 792 2866 illustribus.
819 2802 892 2885 lpse
915 2800 1029 2865 scribit
1051 2802 1181 2865 nomine
1206 2801 1316 2884 Papae

135 2921 360 3005 responsiones
375 2920 492 2985 litteris
509 2920 644 3006 Regum,
663 2922 861 3005 Principum,
880 2920 1111 3007 Episcoporum
1129 2926 1162 2984 et
1177 2920 1315 2986 aliorum

135 3047 279 3111 virorum
303 3046 478 3112 illustrium
501 3064 580 3129 quas
603 3044 776 3111 subscribit
791 3044 882 3131 Papa
898 3051 930 3110 et
944 3046 1148 3111 secretarius
1168 3045 1316 3131 obsignat

136 3172 246 3257 Papae
269 3171 386 3257 sigillo.
411 3173 590 3235 Praeterea
613 3171 834 3236 Allocutiones
858 3191 877 3234 a
901 3172 992 3255 Papa
1014 3170 1181 3236 habendas
1204 3176 1237 3236 et
1253 3170 1317 3236 Lit-

134 3299 223 3360 teras
247 3295 442 3382 Encyclicas
470 3296 537 3381 ipse
563 3316 703 3361 exarare
726 3296 817 3361 solet.
842 3295 1022 3368 Nonnullas
1051 3296 1177 3363 litteras
1204 3296 1319 3362 Secre-

134 3421 238 3485 tarius
260 3440 319 3485 sua
341 3424 464 3485 tantum
481 3420 716 3505 subscriptione
735 3421 848 3491 munit,
865 3424 899 3484 at
917 3421 951 3483 in
976 3421 1138 3485 nonnullis
1162 3420 1316 3487 solemnis

136 3552 287 3612 servatur
309 3547 414 3612 forma
438 3548 564 3623 Brevis,
589 3547 675 3612 diota
697 3547 759 3613 sub
783 3548 912 3614 canuto
936 3546 1132 3614 Piscatores.

135 3796 262 3861 saeculis,
284 3814 370 3867 usque
389 3796 423 3849 ad
443 3796 574 3851 Ioannem
587 3797 623 3850 lll
638 3796 778 3867 (560-573)
791 3813 880 3850 annos
898 3799 1084 3851 numerabant
1102 3814 1119 3849 a
1139 3796 1317 3861 Consulibus

137 3905 198 3960 dein
217 3904 263 3960 vel
282 3906 317 3959 ab
336 3905 562 3975 Imperatoribus,
574 3905 619 3959 vel
637 3906 671 3959 ab
688 3906 769 3959 annis
786 3906 980 3972 Pontificatus,
992 3906 1037 3961 vel
1056 3904 1140 3959 simul
1159 3906 1194 3960 ab
1213 3921 1269 3959 uno
1287 3908 1318 3958 et

53 4036 57 4041 ·
139 4014 171 4065 ab
188 4011 245 4066 alio
264 4012 384 4067 termino
402 4012 468 4065 anni
488 4014 718 4078 reconssbantur;
737 4012 825 4067 donec
845 4012 1211 4084 L00111(797-816)eoepit
1230 4026 1321 4066 annos

138 4136 284 4175 numerare
298 4137 314 4173 a
327 4119 370 4174 die
384 4120 586 4174 incarnationis
600 4118 717 4185 Domini,
731 4124 760 4175 et
773 4120 855 4173 hodie
870 4119 961 4174 adbuc
979 4120 1024 4174 hic
1043 4121 1204 4189 moslviget
1218 4135 1317 4189 nempe

139 4226 300 4281 numerandi
319 4241 407 4279 annos
419 4225 448 4278 in
462 4225 551 4279 Bullis
568 4245 585 4279 a
598 4226 644 4280 die
656 4228 702 4279 25
713 4228 818 4279 Martii,
838 4225 868 4279 ln
881 4226 1017 4280 Brevibus
1035 4228 1100 4280 anni
1119 4230 1317 4296 computantur

140 4349 157 4385 a
173 4332 216 4388 die
229 4334 265 4387 25
279 4332 438 4388 Decembris
457 4349 556 4401 nempe
575 4350 592 4385 a
605 4332 649 4387 die
664 4332 829 4387 Nativitatis
842 4332 871 4385 Ι).
887 4332 920 4387 Ν.
932 4362 969 4373 -
981 4334 1012 4388 ln
1024 4332 1114 4387 Bullis
1131 4334 1242 4387 initium
1259 4336 1317 4389 est:

141 4438 195 4494 Leo
216 4438 298 4493 XIII
312 4439 468 4509 Episcopus
487 4454 585 4493 servus
604 4457 752 4494 seruorum
771 4440 839 4508 Dei3
859 4440 889 4494 in
908 4442 1042 4495 Brevibus
1061 4440 1118 4496 Leo
1136 4440 1192 4496 ΡΡ.
1213 4440 1299 4495 XIII.
