3292 5109
431 307 476 355 ua
500 308 640 356 runicus
663 307 930 357 rocuusrnsmors
1223 293 1286 359 143

114 428 216 493 eolica
245 432 438 497 auctoritate
468 436 582 497 tenore
610 432 830 517 praesentium
862 432 1072 498 concedimus
1103 438 1136 499 et
1165 433 1285 521 imper-

113 558 202 621 timur
223 577 254 620 ›.

193 678 268 743 124.
293 676 385 745 Unde
401 698 420 743 e
439 678 699 765 Congregatioue
722 677 876 745 Generali
895 678 1008 745 habita
1031 698 1150 746 coram
1166 678 1284 755 SSmo,

113 822 217 888 nempe
233 804 425 869 Innocentio
448 804 492 877 X,
517 803 573 870 die
588 802 639 869 30
655 803 854 878 rutiilooe,
873 804 937 869 hoc
955 804 1076 891 prodiit
1098 805 1284 873 decretum:

115 928 317 994 ‹Referente
341 930 422 995 Eriro
439 930 475 993 Ι).
493 926 588 995 Oard.
606 928 697 995 Cesio
721 929 851 995 litteras
866 930 921 994 Fr.
939 930 1073 994 Antonii
1096 948 1116 993 a
1132 928 1164 995 S.
1179 928 1286 995 Maria

113 1052 181 1119 Ord.
204 1054 378 1134 strictioris
400 1052 624 1119 observantiae
644 1052 676 1120 S.
696 1052 867 1119 Francisci
883 1058 917 1118 et
934 1052 1101 1120 Praefecti
1124 1054 1285 1118 Missiouis

112 1174 250 1240 Sinarnm
275 1174 409 1243 Ordinis
433 1174 574 1241 eiusdem
597 1174 769 1242 scribentis
791 1174 833 1241 ab
855 1174 969 1240 insulis
994 1174 1197 1261 Philippinis,
1213 1194 1285 1240 esse

111 1298 147 1363 ibi
182 1300 307 1384 aliquos
343 1300 524 1386 Religiosos
562 1302 615 1384 qui
657 1298 930 1387 parvipendentes
967 1299 1099 1365 decreta
1137 1300 1286 1386 praelate

112 1420 137 1486 S.
158 1418 427 1509 congregationis
446 1422 486 1489 de
502 1424 600 1509 Prop.
617 1422 695 1488 Fide
723 1442 796 1489 curn
820 1424 962 1517 maximo
987 1423 1170 1487 animarum
1192 1440 1285 1509 prae·

112 1544 215 1610 iudicio
238 1551 399 1632 spargunt
420 1566 480 1632 per
502 1546 575 1613 illas
599 1552 717 1633 partes,
742 1546 957 1612 resolutiones
981 1552 1014 1611 et
1037 1545 1170 1611 decretu
1193 1563 1284 1631 prae

110 1668 186 1734 letae
208 1670 240 1736 S.
268 1672 536 1757 congregationis
560 1664 672 1737 facere
702 1675 828 1737 tautum
858 1670 1042 1758 opinionem
1075 1669 1282 1756 probabilem,

110 1794 148 1861 nti
169 1814 283 1880 puram
306 1800 340 1860 et
362 1794 539 1880 simplicem
559 1794 779 1862 cardinalium
804 1794 1069 1866 declarationem,
1082 1792 1168 1858 unde
1190 1811 1284 1879 posse

110 1922 196 1985 etiam
221 1922 426 1987 contrarium
458 1920 605 1997 delendi,
630 1922 747 1989 ssnus
770 1922 807 1987 D.
834 1922 871 1987 N.
897 1919 1120 2006 (Innocentius
1143 1919 1190 2004 X)
1211 1939 1284 1986 con·

110 2024 438 2113 firmavit'decretum
460 2068 485 2111 s.
510 2068 551 2112 m.
578 2047 700 2114 Urbani
726 2046 823 2120 Vlll,
848 2046 1004 2114 videlicet
1033 2046 1117 2131 quod
1140 2047 1284 2113 Decreta

111 2170 140 2235 S.
165 2171 445 2258 Conprepationis
478 2171 656 2238 Generalis
685 2172 728 2238 de
757 2170 864 2255 Prop.
888 2170 976 2237 Fide
1007 2170 1284 2257 quotiescumque

109 2292 169 2357 sint
190 2314 212 2359 a
233 2294 416 2377 Praefecto
441 2294 591 2361 ausam
614 2296 762 2379 firmata,
783 2292 1013 2359 aSecretario
1036 2291 1229 2375 subaaipto
1252 2296 1285 2357 et

109 2412 210 2499 cipitia
234 2416 380 2496 munita,
409 2414 479 2480 mm
504 2419 536 2481 et
562 2414 714 2479 actorem
739 2412 885 2480 babeant
913 2410 1166 2480 constitutionis
1189 2414 1283 2496 Apo·

110 2536 236 2604 italicae
260 2556 303 2603 ac
325 2537 369 2605 ab
392 2536 549 2605 omnibns
571 2543 602 2602 et
625 2536 768 2623 napulie
789 2535 1032 2604 inuiolabiliter
1054 2542 1235 2603 serventw
1250 2561 1282 2601 ».

192 2658 240 2724 Ab
272 2658 336 2724 hoc
367 2658 472 2733 sonte,
496 2661 710 2745 potissimum,
735 2662 880 2727 manavit
905 2660 960 2727 ius
991 2659 1210 2746 Pontifieinm
1240 2661 1284 2727 de

109 2781 206 2866 Prop.
230 2784 318 2849 Fide
324 2804 339 2868 ;
363 2784 517 2869 siquidem
540 2785 603 2849 hoc
626 2785 768 2851 maxima
792 2804 835 2849 ex
857 2790 950 2870 parte
982 2788 1190 2851 coustitutum
1221 2787 1283 2856 fuit

110 2904 258 2982 decretis,
282 2908 548 2975 instructionibus
571 2916 604 2975 et
626 2911 794 2996 rescriptis
817 2909 858 2974 ab
882 2910 995 2976 eadem
1019 2910 1121 2976 editis.
1147 2946 1166 2959 -
1191 2910 1282 2985 Quod

110 3031 153 3097 ius
174 3038 221 3099 est
243 3034 391 3117 speciale
413 3040 447 3099 et
469 3036 531 3099 iuri
556 3036 716 3101 communi
740 3034 885 3121 derogat,
902 3033 1050 3117 idemque
1074 3053 1140 3098 uon
1162 3035 1208 3100 ite
1230 3052 1283 3119 ap

110 3156 239 3240 plicatur
262 3162 299 3223 ut
322 3158 431 3244 vigeat
457 3160 644 3225 universnm
673 3162 706 3224 iu
737 3160 865 3246 singula
894 3161 1029 3245 regione
1057 3157 1114 3223 sed
1142 3159 1282 3243 speciale

110 3296 225 3363 qnoque
242 3286 291 3347 est
307 3300 366 3367 pro
383 3281 598 3366 peculiaribus
613 3282 760 3347 locorum
775 3280 1032 3355 conditionibus;
1057 3280 1152 3356 unde,
1169 3288 1282 3367 suapte

110 3409 231 3480 natura,
256 3410 306 3470 est
328 3405 378 3470 ius
401 3406 582 3491 peculiare,
607 3404 811 3471 substitutum
832 3406 895 3471 iuri
924 3406 1098 3487 communi,
1122 3405 1206 3490 quod
1228 3408 1282 3471 vel

110 3534 283 3598 executioni
307 3532 495 3599 demandari
519 3554 583 3597 non
606 3536 713 3618 potest
728 3533 781 3597 vel
798 3552 953 3619 expresse
969 3531 1158 3618 derogatum
1173 3532 1243 3597 fuit.
1262 3568 1280 3581 -

111 3654 314 3724 Nihilominus
334 3658 409 3742 quia
423 3657 473 3723 ius
489 3677 658 3724 commune
674 3662 723 3723 est
738 3659 772 3724 in
788 3660 999 3744 possessione,
1017 3657 1096 3723 adeo
1112 3663 1147 3722 ut
1162 3656 1283 3743 obliget

109 3800 227 3846 omnem
258 3780 388 3849 fidelem
419 3780 608 3849 Pontificiae
639 3785 823 3849 auctoritati
856 3782 1053 3859 subiectum
1078 3782 1197 3847 exinde
1227 3783 1282 3848 hic

110 3921 206 3968 maon
237 3904 462 3973 observandus
484 3910 548 3971 est:
575 3926 592 3969 ι
615 3907 658 3971 In
687 3906 885 3993 reqionibus
915 3906 993 3973 buia
1019 3906 1283 3994 Conprepationi

110 4024 256 4093 abiectis
286 4027 436 4111 imperat
464 4028 519 4093 ius
550 4048 728 4095 commune
758 4047 934 4116 quamque
962 4048 1084 4094 raum
1112 4048 1282 4113 persona-

110 4166 247 4235 rumque
269 4150 419 4218 inridica
442 4152 613 4219 ordinatio
630 4157 690 4219 aul
704 4154 862 4238 specialis
883 4153 1034 4239 lepitimo
1052 4152 1281 4237 praescriptio

112 4271 212 4339 εἰᾶενη
233 4274 304 4340 iuri
327 4277 501 4343 communi
522 4296 593 4344 non
616 4277 900 4345 contradicant».

194 4397 410 4474 Quamobrem
426 4400 675 4469 Constitutiones
691 4422 711 4467 a
726 4400 937 4469 Pontificibus
960 4401 1067 4469 editae
1091 4401 1206 4486 quibus
1229 4401 1286 4465 ali-
