3292 5109
316 260 385 324 478
776 279 981 328 insanarum
1005 279 1042 327 11.

412 397 438 452 9.
457 395 581 470 Infamia
592 368 739 464 mulinis
752 413 786 453 ex
799 397 957 468 suspicione
975 403 1046 465 orta,
1064 397 1136 470 quod
1155 397 1206 452 illa
1223 415 1273 453 suo
1290 396 1503 467 consanguineo

320 507 370 559 aut
387 503 464 559 afflui
482 505 566 559 nimis
583 505 745 571 familiaris,
765 507 878 576 cognita
897 505 935 558 sit
953 506 988 559 ab
1007 503 1118 572 eodem,
1140 505 1208 560 licet
1225 493 1346 575 suspicio
1363 506 1401 559 sit
1417 505 1505 571 tarn,

327 627 390 665 cum
410 628 509 683 nempe
528 613 581 666 nisi
600 612 808 668 matrimonium
827 611 1016 679 contrahatur,
1034 613 1136 668 mulier
1153 613 1278 682 graviter
1289 612 1441 678 diffamata,
1453 612 1501 668 rel

278 710 282 718 ’
320 718 438 788 innupta
457 727 623 785 remaneret,
643 719 686 774 vel
706 720 823 789 disparis
836 717 1002 773 conditionis
1015 719 1076 774 viro
1088 720 1192 773 nubere
1205 717 1328 783 deberet,
1339 722 1389 771 aut
1401 719 1502 786 gravia

319 823 421 880 damna
439 827 588 880 orirentur.
1489 801 1493 806 ’

414 935 453 988 10.
473 936 649 990 Raoclr'tlatia
668 938 848 1000 matrimonii,
867 935 939 1005 quod
957 935 1028 988 bona
1048 933 1103 988 fido
1121 937 1151 987 et
1169 931 1288 1002 publice,
1306 934 1418 985 servata
1438 929 1509 983 Tri—

320 1042 427 1098 dentini
452 1045 556 1110 torma,
581 1048 754 1096 contractum
775 1049 832 1098 est:
852 1043 918 1114 quia
937 1043 997 1097 eius
1021 1040 1165 1095 dissolutio
1182 1041 1230 1094 rix
1248 1040 1309 1094 beri
1328 1043 1421 1108 potest
1438 1039 1506 1093 sine

323 1149 436 1220 publico
460 1149 590 1204 scandalo
616 1155 644 1204 et
670 1151 747 1218 gravi
771 1149 886 1215 tiamne,
911 1149 1073 1219 praesertim
1098 1148 1249 1210 foeminae,
1272 1164 1294 1200 c.
1318 1147 1345 1210 7,
1365 1147 1407 1200 De
1432 1163 1502 1200 con-

320 1259 447 1328 sanguin.
468 1257 506 1310 nt
524 1257 546 1308 si
567 1256 641 1309 mala
666 1256 719 1310 tide
738 1257 830 1326 sponsi
856 1256 968 1325 nuptias
987 1255 1121 1320 inierunt,
1138 1257 1258 1323 gratiam
1284 1254 1504 1323 dispensationis

320 1363 435 1418 minime
453 1368 603 1426 merentur,
623 1365 662 1417 sic
682 1364 844 1432 disponente
863 1361 946 1417 Conc.
966 1361 1039 1415 Trid.
1057 1363 1128 1416 Sess.
1141 1363 1191 1427 at,
1205 1379 1265 1431 cop.
1280 1364 1309 1428 5,
1323 1363 1359 1414 cla
1372 1362 1504 1434 Reform.

318 1473 441 1526 matrim.

416 1577 455 1632 ll.
474 1577 639 1632 Parimrlum
656 1578 830 1632 matrimonii
846 1578 937 1640 minti,
949 1575 994 1630 rel
1007 1591 1102 1629 coram
1115 1575 1268 1628 acatholico
1283 1575 1410 1628 ministro
1423 1575 1505 1630 cele-

322 1683 432 1736 brandi.
451 1683 566 1744 Quando
590 1682 743 1752 periculum
768 1682 860 1746 adest,
885 1680 959 1751 quod
977 1680 1103 1734 volentes
1127 1680 1335 1733 matrimonium
1354 1680 1384 1733 in
1403 1677 1507 1750 aliquo

322 1787 407 1842 etiam
428 1804 462 1843 ex
481 1789 633 1842 maioribus
651 1787 783 1856 gradibus
802 1785 975 1853 contrahere,
989 1802 1023 1839 ox
1036 1785 1221 1855 denegatione
1239 1785 1453 1854 dispensationis
1466 1785 1504 1840 ad

322 1895 481 1948 ministrum
503 1892 689 1948 acatholicum
710 1894 843 1948 accedant
863 1909 911 1962 pro
930 1893 1035 1962 nuptiis
1053 1892 1227 1948 celebrandis
1245 1896 1339 1962 spreta
1357 1890 1506 1946 Ecclesiae

321 2001 499 2066 auctoritate,
518 2001 591 2053 iusta
610 2000 750 2054 iuvenitur
769 1999 942 2069 dispensandi
963 2015 1060 2063 causa,
1078 1999 1145 2069 quia
1163 1999 1242 2052 adest
1259 2013 1315 2052 non
1333 1997 1414 2051 modo
1432 2013 1505 2066 gra·

324 2107 466 2162 vissimum
486 2108 607 2162 fidelium
628 2107 797 2172 scandalum,
818 2108 865 2162 sed
885 2108 970 2162 etiam
990 2108 1074 2162 timor
1092 2107 1277 2178 perversionis
1295 2111 1324 2162 et
1336 2105 1504 2161 defectionis

321 2233 339 2270 a
352 2216 405 2270 fide
419 2214 514 2270 taliter
527 2217 670 2285 agentium
685 2221 714 2270 et
725 2215 896 2270 matrimonii
911 2216 1108 2285 impedimenta
1120 2215 1367 2281 contemnentium,
1379 2214 1506 2268 maxime

321 2323 350 2375 in
370 2322 539 2391 regionibus,
558 2322 605 2374 ubi
624 2318 753 2376 haereses
766 2321 879 2389 impune
898 2324 1068 2390 grassantur.
1089 2319 1117 2373 ld
1134 2320 1228 2390 docuit
1246 2319 1316 2375 haec
1335 2318 1361 2371 S.
1377 2319 1506 2387 Congre-

322 2427 401 2498 gatio
419 2426 447 2479 in
467 2426 652 2481 instructione
671 2427 715 2480 die
739 2427 768 2478 17
788 2427 854 2494 Apr.
876 2425 952 2491 1820,
972 2425 1006 2479 ad
1025 2423 1269 2494 Archiepiscopnm
1291 2424 1501 2486 Quebecensem

322 2531 395 2586 data.
416 2531 526 2585 Pariter
545 2547 606 2585 cum
627 2531 756 2584 vicarius
775 2531 951 2601 Apostolicus
964 2531 1082 2584 Bosniae
1095 2530 1270 2600 postulasset,
1285 2535 1378 2584 utrum
1391 2529 1502 2598 dispen-

323 2633 460 2687 sationem
471 2632 585 2703 elargiri
598 2639 691 2703 posset
701 2635 734 2687 iis
748 2635 902 2701 catholicis,
911 2636 958 2706 qui
973 2635 1078 2688 nullum
1090 2634 1165 2688 aliud
1176 2638 1343 2703 praetexunt
1355 2633 1507 2699 motivum,

323 2753 407 2808 quam
426 2755 559 2792 vesanum
578 2755 700 2793 amorem
721 2743 750 2793 ot
768 2736 850 2792 simul
870 2739 1055 2808 praevidetur,
1073 2739 1278 2808 dispensatione
1292 2738 1439 2808 denegata,
1452 2754 1505 2793 eos

322 2859 414 2900 coram
441 2847 532 2901 iudice
557 2847 662 2902 infideli
691 2847 850 2916 coniugium
876 2849 935 2902 tore
959 2848 1092 2914 inituros,
1112 2847 1137 2901 S.
1157 2847 1346 2917 congregatio
1363 2845 1389 2900 S.
1410 2846 1502 2902 Officii

323 2950 385 3006 Fer.
405 2951 450 3016 lV,
466 2954 498 3008 lt
518 2955 638 3023 Augusti
655 2953 730 3020 1322,
750 2954 884 3008 decrevit:
906 2954 1167 3023 ‹Respondendum
1186 2954 1304 3020 Oratori,
1325 2953 1397 3023 qnod
1411 2953 1441 3006 in
1452 2969 1505 3008 ex·

321 3077 338 3112 (
352 3061 443 3128 posito
462 3077 528 3114 casu
550 3063 644 3114 ulatur
659 3061 841 3114 facultatibus
859 3059 912 3113 sibi
932 3062 959 3113 iu
980 3061 1070 3113 Form.
1089 3060 1123 3117 11.
1136 3061 1297 3117 commissis.
1310 3065 1392 3130 prout
1405 3059 1433 3112 iu
1448 3059 1506 3112 Do-

323 3169 431 3224 ‹miuo
456 3169 585 3239 expedire
610 3169 812 3224 iudicaverit».
834 3168 1016 3223 Tantnmdem
1042 3169 1185 3223 dicendum
1205 3167 1239 3222 de
1263 3166 1402 3237 periculo,
1426 3165 1503 3238 quod

321 3287 386 3340 pars
404 3272 543 3326 catholica
561 3290 623 3327 cum
642 3271 799 3327 acatholico
817 3274 1024 3328 matrimonium
1043 3272 1186 3328 celebrare
1204 3273 1314 3328 audeat.

416 3378 457 3430 12.
479 3379 642 3434 Periculum
656 3382 804 3434 incestuosi
817 3383 1020 3435 concubinatus.
1035 3380 1077 3434 Ex
1089 3380 1215 3450 superius
1227 3382 1382 3434 memorata
1394 3378 1504 3431 instra·

323 3481 417 3535 ctione
429 3483 493 3536 anni
508 3483 585 3546 1829,
599 3483 699 3548 elucet,
719 3483 932 3552 dispensationis
951 3482 1111 3548 remedium,
1130 3499 1165 3536 ne
1184 3483 1246 3552 quis
1265 3483 1293 3535 in
1312 3481 1499 3536 concubinatu

323 3585 495 3641 insordescat
504 3603 566 3641 cum
581 3587 692 3655 publico
705 3586 835 3641 scandalo
848 3592 931 3657 atque
945 3587 1066 3643 evidenti
1080 3591 1211 3654 aeternae
1221 3586 1320 3640 salutis
1332 3585 1505 3651 discrimine,

321 3693 506 3750 adhibendum
526 3713 593 3750 esse.

416 3801 456 3856 13.
477 3803 641 3858 Periculum
664 3806 837 3858 matrimonii
860 3805 959 3858 civilis.
978 3802 1020 3856 Ex
1039 3802 1121 3857 dictis
1139 3801 1334 3871 consequitur,
1355 3798 1504 3869 probabile

321 3904 476 3974 periculum
495 3905 568 3976 quod
588 3905 639 3971 illi,
658 3905 706 3976 qui
724 3905 957 3974 dispensationem
971 3909 1079 3974 petunt,
1092 3921 1126 3959 ea
1143 3919 1198 3958 non
1217 3905 1340 3970 obtenta,
1354 3901 1505 3956 matrimo-

322 4013 400 4067 nium
420 4013 565 4067 dumtaxat
584 4014 681 4078 cioila,
702 4017 733 4066 ut
750 4011 844 4079 aiunt,
863 4012 1031 4068 celebraturi
1050 4012 1115 4078 sint,
1134 4027 1194 4066 esse
1214 4010 1371 4080 legitimam
1388 4009 1505 4080 dispeu-

320 4120 400 4175 sandi
418 4133 539 4175 caueam.

415 4227 455 4281 ll.
476 4229 600 4283 Remotio
618 4231 749 4297 pravium
768 4227 975 4281 scandalorum.

413 4337 454 4392 15.
477 4337 603 4400 cessatio,
613 4338 722 4408 publici
740 4339 946 4392 concubinatus.
