3292 5109
494 248 537 293 nn
561 247 700 295 runicus
724 246 989 295 eccunsnsrrcrs
1277 227 1343 293 383

166 372 231 417 non
254 352 391 417 indices.
423 372 441 414 ι(
465 353 487 435 S
511 351 586 417 368.
612 386 630 399 -
656 350 839 417 lurisdictio
864 351 1024 437 privativa
1054 351 1224 417 tribunalis
1247 352 1342 416 Vica-

167 480 266 544 riatus
302 498 361 563 pro
391 481 497 545 causis
526 480 753 544 alimentorum
785 477 827 543 ad
861 477 998 541 formam
1033 477 1243 562 chirographi
1275 476 1344 543 Cle·
1389 500 1391 505 ·

165 602 281 666 mentis
303 602 388 667 XIV
418 602 486 668 diei
508 602 532 669 5
555 602 701 688 Augusti
730 622 762 667 a.
786 602 879 667 1769
902 608 935 667 et
959 600 982 666 7
1003 602 1125 667 Martii
1153 600 1258 682 1772,
1283 619 1342 685 pro

166 724 272 787 causis
294 743 360 787 non
382 722 661 789 commercialibus
681 723 907 789 Haebreorum
931 728 964 787 et
986 722 1217 807 Neophitorum
1235 728 1267 787 et
1283 741 1342 807 pro

163 843 236 907 aliis
259 863 342 927 quae
365 841 467 908 eidem
483 848 672 909 reservatae
695 850 805 909 sunta
826 842 1034 909 Pontificibus
1058 839 1343 911 Constitutionibus

164 970 294 1055 integra
315 974 471 1034 manet».

254 1094 469 1171 Quamobrem
498 1094 607 1163 Coust.
635 1094 856 1163 «Romanae
883 1095 1049 1161 Cumae»
1081 1116 1141 1181 per
1172 1097 1231 1161 hos
1260 1096 1342 1182 legis

161 1218 318 1282 articulos
349 1217 462 1282 nullibi
485 1217 670 1303 derogatur,
694 1217 759 1280 imo
790 1214 1012 1281 confirmatur.
1036 1218 1164 1283 Etenim
1193 1218 1252 1282 etsi
1276 1222 1341 1281 sta-

164 1344 281 1415 tuitur,
318 1341 413 1407 Card.
448 1343 618 1407 vicarium
651 1360 766 1406 causas
800 1359 999 1425 cognoscere
1034 1342 1070 1407 m
1104 1342 1254 1407 secunda
1287 1342 1341 1407 m-

160 1464 297 1537 elantia,
321 1469 429 1528 tamen
452 1464 559 1548 aliqua
582 1467 720 1550 urgente
744 1464 871 1529 ratione
893 1464 965 1527 iure
993 1464 1249 1549 praeventionis,
1273 1464 1342 1548 ipse

164 1607 361 1673 cognoscere
384 1590 489 1672 potest
512 1604 625 1651 causas
648 1586 838 1671 assignatas,
858 1586 892 1649 in
916 1586 1022 1651 citatis
1045 1585 1268 1671 paragraphis,
1285 1585 1342 1651 Vi-

161 1713 346 1797 cesgerenti
366 1719 398 1776 et
422 1713 682 1777 Locumtenenti:
707 1714 811 1797 ipsum
836 1714 920 1777 enim
944 1712 1122 1779 Concilium
1147 1712 1233 1777 Trid.
1250 1712 1342 1778 hisce

161 1836 287 1922 legibus
309 1855 373 1901 non
397 1836 459 1902 luit
481 1836 690 1921 derogatum;
714 1836 770 1901 sed
794 1843 917 1901 tanturn
942 1838 1147 1903 constituitur
1178 1836 1341 1903 ordinaria
1368 1894 1371 1900 .

163 1961 358 2046 procedendi
380 1964 472 2041 ratio,
489 1963 590 2046 magis
613 1969 689 2048 apta
712 1964 932 2027 constitutioni
955 1963 1126 2029 tribunalis
1146 1960 1340 2029 Vicariatus.

251 2086 296 2148 At
318 2082 430 2149 Codex
453 2078 674 2170 Gregdrianus
697 2083 784 2149 haud
807 2104 926 2150 novam
950 2086 1075 2150 invexit
1104 2086 1199 2151 huius
1229 2083 1341 2149 Tribu-

162 2209 245 2273 nalis
268 2210 526 2273 constitutionem
557 2208 612 2273 sed
635 2214 780 2307 veterem
812 2208 1024 2275 confirmavit.
1055 2210 1149 2276 Card.
1182 2212 1228 2275 De
1252 2210 1360 2276 Luca'

159 2356 217 2419 op.
242 2337 293 2403 cit.
318 2338 407 2403 Dirc.
431 2338 475 2403 13
497 2360 531 2403 a.
555 2339 606 2413 14,
624 2340 706 2403 haec
733 2337 841 2405 habet:
868 2340 1020 2405 «Plures
1037 2360 1161 2425 quoque
1177 2342 1340 2407 adiutores

160 2482 201 2526 ac
223 2460 377 2526 officiales
401 2462 552 2527 vicarius
576 2461 717 2527 habet...
742 2462 886 2537 Quorum
910 2465 1033 2549 primus
1065 2470 1113 2529 est
1136 2465 1192 2529 ille
1219 2466 1271 2550 qui
1296 2465 1339 2530 di·
1421 2505 1423 2511 .

159 2588 246 2652 citur
270 2587 497 2670 Vicesgerens.
528 2587 593 2651 Iste
621 2587 707 2649 enirn
739 2584 901 2672 (fingendo
934 2588 1137 2653 Cardinalem
1169 2590 1338 2655 Vicarium

160 2716 313 2793 tanquam
333 2709 540 2796 Episcopum)
564 2729 681 2795 gerere
697 2706 815 2775 dicitur
839 2716 949 2797 partes
974 2712 1041 2777 eius
1065 2712 1138 2777 Vic.
1157 2714 1337 2787 Generalis,

159 2841 226 2899 tam
256 2837 346 2899 circa
375 2836 567 2901 exercitium
598 2834 829 2901 iurisdictionis
864 2837 1065 2922 Episcopalis
1092 2837 1275 2903 ordinariae
1306 2846 1339 2905 et

160 2959 328 3045 delegatae
352 2960 384 3023 in
408 2958 555 3025 omnibus
578 2960 683 3024 causis
704 2959 852 3025 civilibus
877 2965 909 3026 et
934 2962 1154 3027 criminalibus
1177 2970 1209 3029 et
1229 2964 1339 3027 mixtis

159 3088 229 3149 eius
252 3085 314 3149 fori
339 3104 435 3168 quam
459 3086 555 3149 etiarn
579 3086 667 3149 circa
690 3086 883 3150 exercitium
908 3085 1155 3171 pontificalium,
1181 3090 1212 3151 in
1237 3088 1337 3154 colla-

157 3214 247 3275 tione
269 3208 426 3279 ordinum,
451 3211 484 3273 in
508 3212 752 3275 consecratione
768 3212 991 3277 Ecclesiarum
1017 3217 1050 3277 et
1072 3212 1222 3277 altarium
1238 3218 1271 3278 et
1285 3234 1337 3278 sa-

134 3324 290 3399 ⁸crorum
320 3353 471 3398 vasorum
503 3339 535 3398 et
564 3335 597 3397 in
628 3334 907 3405 administratione
938 3336 1137 3402 Sacramenti
1163 3335 1336 3404 Confirma-

157 3458 264 3538 tionis‚
289 3457 363 3521 dum
387 3459 494 3522 omnia
517 3457 598 3521 haec
621 3459 730 3523 munia
753 3466 889 3525 exercet
912 3460 1067 3526 Vicarius
1090 3481 1148 3547 per
1171 3462 1259 3527 hunc
1282 3464 1336 3527 mi·

158 3582 295 3645 nistrum
311 3582 466 3644 maiorem
483 3600 540 3645 seu
555 3582 742 3667 generalem
759 3604 788 3647 ›.
814 3585 895 3648 Dein
917 3591 1075 3650 memorat
1089 3591 1157 3651 tres
1181 3587 1260 3651 alios
1275 3587 1336 3653 Vi-

157 3706 265 3768 carios
280 3705 505 3788 particulares,
520 3725 634 3790 nempe
651 3706 729 3771 duos
741 3706 1022 3784 Locumtenentes,
1040 3710 1176 3775 alterum
1194 3711 1335 3785 cio-ilem,

157 3828 372 3894 criminalem
402 3830 558 3912 alterum,
584 3836 617 3895 et
646 3832 743 3896 aliurn
774 3834 960 3907 vicarium,
986 3833 1105 3899 dictum
1129 3836 1335 3919 Deputotum

158 3972 217 4037 pro
241 3955 399 4038 regimine
422 3958 691 4021 monasteriorum
717 3958 910 4022 monialium.
930 3992 947 4005 -
966 3959 1200 4025 Locumtenens
1220 3961 1334 4027 crimi-

157 4078 248 4143 natis
269 4078 396 4144 habitus
420 4084 528 4146 astuti
553 4082 651 4148 iudex
673 4084 857 4149 ordinarius
874 4090 906 4149 et
922 4090 1079 4152 executor
1102 4088 1334 4153 sententiarum

157 4202 387 4277 criminalium3
411 4207 519 4267 tamen
549 4204 590 4268 ad
612 4205 764 4271 terendas
796 4207 973 4272 sententias
997 4208 1030 4271 in
1058 4209 1194 4293 negotiis
1224 4210 1334 4274 crimi-

157 4325 283 4390 nalibus
306 4328 479 4393 constituta
501 4328 563 4394 tuit
588 4330 812 4417 Comprepotio
844 4332 1041 4399 Crimiootis
1073 4334 1105 4395 in
1136 4353 1199 4417 qua
1221 4342 1333 4401 votum
