3292 5109
477 306 521 353 nn
546 306 685 355 mnrcns
708 307 973 355 sccnssmsmms
1261 289 1327 357 425

146 428 291 495 locutum
314 430 356 495 sit
378 430 418 495 de
442 430 599 499 iudicibus
622 433 782 520 Episcopo
803 432 1048 519 inferioritatem
1070 436 1224 502 Vicarius
1246 456 1327 502 vero

144 553 295 619 eamdem
317 575 390 620 cum
417 556 577 642 Episcopo
598 556 698 624 babet
719 558 982 633 iurisdictionem,
1004 560 1110 645 prouti
1138 560 1327 644 exploratis-

146 677 220 742 simi
242 679 323 743 iuris
346 678 478 774 estol.
502 680 709 755 Leurenium,
737 681 797 765 Op.
821 681 886 759 cc'l,
911 701 986 765 cap.
1010 682 1045 759 3,
1070 702 1102 768 q.
1125 682 1203 747 160.

237 799 272 883 2)
295 802 340 866 At
358 802 384 865 si
401 821 610 867 recurramus
625 802 666 867 ad
681 804 769 868 aliud
783 804 969 890 generalius
986 805 1190 891 principium,
1211 824 1327 890 nempe

143 944 263 991 causas
280 926 448 1011 'gravioris
469 927 621 992 momenti
646 946 712 991 non
735 929 863 993 censeri
884 926 1092 993 demandatus
1107 930 1242 995 Vicario
1264 931 1327 996 uisi

145 1068 309 1133 expresse
331 1052 572 1126 concedantur,
596 1058 675 1118 tunc
697 1052 803 1136 quoad
826 1054 1011 1119 criminales
1035 1074 1147 1120 causas
1175 1056 1327 1121 convenit

141 1174 231 1260 apud
261 1176 433 1250 Doctores,
465 1176 570 1243 eidem
599 1176 734 1243 Vicario
761 1178 954 1263 ‘competere
989 1197 1103 1243 causas
1137 1180 1326 1245 criminales

145 1297 282 1361 minoris
315 1298 484 1372 momenti,
521 1299 652 1363 minimo
685 1318 766 1363 vero
799 1300 991 1385 graviores,
1026 1298 1153 1384 ubsque
1186 1300 1326 1382 speciali

144 1419 323 1485 mandato.

236 1543 270 1628 3)
290 1542 380 1608 Idem
396 1541 565 1609 dicendum
581 1543 710 1610 videtur
725 1543 765 1610 de
781 1546 886 1611 causis
903 1545 1201 1620 matrimonialibus,
1220 1566 1326 1631 quam·

144 1665 197 1729 vis
219 1656 367 1731 nonnulli
388 1672 540 1733 auctores
561 1667 648 1733 aliud
664 1670 848 1753 opinentur,
864 1670 910 1734 uti
931 1668 1025 1733 docet
1041 1669 1229 1743 Leurenius,
1247 1671 1267 1735 l.
1285 1690 1324 1747 c,

144 1810 181 1855 n.
205 1789 248 1856 3.·
266 1791 483 1858 «Secundum
506 1791 757 1879 probabiliorem
779 1795 899 1880 poterit
922 1812 1048 1877 quoque
1071 1794 1224 1860 Vicarius
1247 1796 1325 1879 Epi-

144 1918 236 2001 scopi
266 1918 298 1981 vi
328 1915 426 1984 offleii
455 1919 522 1990 sui,
547 1938 606 1984 seu
629 1919 816 1985 Vicariatus
847 1919 1047 2005 generaliter
1075 1920 1135 1985 sibi
1166 1920 1325 1986 commissi
1428 1901 1430 1905 ’

143 2039 267 2125 absque
289 2042 423 2128 speciali
447 2042 641 2108 mandato...
658 2063 773 2109 causas
796 2044 1048 2109 matrimoniales
1073 2050 1326 2130 cognoscereet

144 2167 339 2233 iudicare».
365 2170 447 2233 ltem
471 2168 627 2243 Sanohez,
652 2170 702 2236 De
724 2174 817 2246 mat,
847 2170 880 2233 L.
898 2170 965 2243 III,
990 2170 1084 2253 Disp.
1100 2171 1161 2247 29,
1185 2192 1217 2236 a.
1235 2170 1286 2237 18.
1305 2206 1323 2221 -

143 2294 210 2359 Sed
233 2294 344 2360 omn'es
368 2297 575 2369 conveniunt,
598 2295 659 2360 bas
684 2316 797 2361 causas
821 2316 1019 2381 cognoscere
1038 2312 1135 2381 'posse
1155 2298 1324 2363 Vicarium

145 2422 341 2489 Generalem
366 2444 409 2488 eu
432 2422 564 2508 speciali
588 2421 747 2487 mandato.
765 2424 809 2488 Et
831 2420 927 2487 hodie
950 2422 1033 2487 haec
1056 2423 1164 2507 opinio
1180 2428 1228 2487 est
1252 2442 1326 2488 con·

143 2546 284 2613 formior
306 2550 401 2632 praxi
423 2548 588 2612 curiarum
612 2553 703 2612 recte
726 2546 966 2620 ordinatarum;
990 2545 1030 2610 ab
1047 2565 1149 2629 eaque
1172 2545 1326 2611 receden-

142 2670 221 2737 dum
251 2691 316 2735 non
347 2676 413 2740 est,
438 2672 498 2736 nisi
523 2677 639 2737 contra
669 2675 798 2737 extaret
828 2670 1026 2737 consuetudo
1056 2670 1199 2756 legitime
1229 2689 1324 2755 prae·

141 2796 277 2880 scripta.
307 2830 325 2844 ·
349 2795 432 2861 Nam
456 2814 574 2861 causae
596 2794 850 2862 matrimoniales
874 2793 1042 2859 habendae
1066 2800 1140 2859 sunt
1162 2795 1199 2861 in
1222 2814 1326 2861 celcra

143 2920 348 3007 praetorum
371 2938 558 2985 causarum
574 2920 618 2984 uti
635 2920 797 2984 evincitur
820 2938 863 2983 ex
886 2917 1105 3003 peculiaribus
1129 2916 1324 2984 Pontificum

142 3047 179 3105 et
202 3040 256 3107 SS.
281 3038 577 3125 congregationum
601 3038 926 3125 praescriptionibus;
951 3045 984 3104 et
1015 3041 1059 3104 uti
1090 3039 1243 3104 videntur
1273 3040 1326 3105 de·

143 3167 276 3231 clarere
310 3166 393 3231 haec
416 3165 519 3231 verba
546 3166 578 3232 S.
605 3166 723 3251 Congr.
748 3165 900 3237 Concilii,
925 3165 957 3228 in
981 3163 1063 3233 lost.
1088 3164 1155 3230 diei
1178 3164 1230 3229 22
1252 3165 1325 3229 Au·

142 3290 237 3375 quati
258 3289 359 3355 1840.
379 3311 398 3353 s
415 3292 595 3355 Praeterea
619 3310 691 3355 cum
714 3310 735 3355 a
757 3308 852 3354 sacro
870 3282 966 3355 Cone.
984 3287 1071 3353 Trid.
1089 3289 1110 3353 l.
1128 3309 1154 3356 c.
1173 3290 1325 3355 ucetiam

141 3432 166 3477 a
189 3432 215 3478 s.
231 3432 274 3477 m.
291 3413 411 3479 Beued.
435 3415 521 3480 XIV
537 3415 570 3479 in
594 3416 647 3480 cit.
665 3415 892 3479 constitutione
915 3412 979 3485 Dei
1001 3411 1266 3494 miserationc,§
1290 3412 1323 3488 l,

143 3554 319 3603 causarum
339 3537 622 3601 matrimonialium
645 3536 786 3621 cognitio
814 3534 978 3619 quibusvis
1009 3532 1165 3598 iudicibus
1196 3533 1326 3597 inferio-

142 3660 245 3744 ribus,
269 3662 506 3729 nonobstante
533 3662 645 3746 quovis
675 3660 846 3745 privilegio
869 3665 901 3726 et
920 3658 1201 3743 praescriptione,
1225 3658 1326 3724 fuerit
1364 3668 1368 3677 “

142 3789 282 3864 sublata,
305 3812 345 3857 ac
368 3792 601 3876 Episcoporum
624 3793 749 3853 tantum
766 3789 907 3853 examini
932 3792 964 3854 et
986 3788 1200 3853 iurisdictioni
1214 3807 1324 3853 reser-

141 3919 231 3985 vata,
256 3914 352 3978 etiam
375 3932 456 3998 prae
478 3910 656 3978 Abbatibus
678 3928 757 3975 vere
772 3908 920 3989 NulliuS,
943 3908 1020 3974 licet
1044 3908 1254 3975 Cardinalitia
1276 3907 1324 3972 di·

142 4040 269 4127 gnitate
292 4036 506 4122 fulgentibus,
530 4036 622 4101 iuxta
645 4034 677 4100 S.
702 4033 737 4101 G.
762 4032 994 4108 resolutiones;
1018 4032 1096 4097 hinc
1128 4032 1230 4099 tutius
1261 4032 1326 4098 erit

140 4167 182 4227 ut
203 4161 321 4226 nedum
344 4160 504 4226 sententia
526 4159 732 4244 proferatur,
756 4156 813 4223 sed
844 4158 940 4222 etiam
963 4160 1036 4221 acta
1065 4175 1238 4241 processus
1265 4176 1325 4242 per

141 4285 339 4369 Episcopum
361 4284 414 4349 vel
437 4302 496 4368 per
519 4281 783 4348 Ecclesiasticam
810 4298 982 4365 personam
1013 4278 1198 4362 specialiter
1220 4278 1261 4343 ab
1285 4298 1323 4344 eo

141 4407 358 4495 delegandam
381 4407 572 4475 conficiatur
588 4429 619 4473 ›.
644 4406 851 4493 Quapropter
878 4426 919 4472 ex
943 4406 1122 4473 intentione
1146 4425 1323 4479 canonum,
