3292 5109
335 263 398 329 106
850 282 935 329 rans
958 281 996 328 rr.

331 408 484 489 formula,
508 408 560 471 oui
583 406 731 472 redditur
760 406 929 492 responsio
958 404 1098 491 simplex
1119 408 1153 469 et
1178 402 1371 475 decretoria,
1394 421 1508 486 nempe

331 527 543 613 Affirmotioe
565 532 623 592 aut
646 526 820 613 rl'eqatioe.
847 562 866 575 ·
892 528 943 593 Ita
957 527 990 593 S.
1007 524 1044 594 G.
1060 526 1195 592 Goncnii
1217 525 1437 610 quaestionem
1454 541 1508 587 oe·

332 655 427 719 solvit
449 659 628 741 promotam
651 674 672 719 a
694 653 793 721 Curia
816 656 1012 720 Varsavien.
1037 656 1127 719 circa
1150 672 1320 739 processus
1345 650 1509 715 iudiciales

331 778 365 841 in
388 779 493 843 causis
515 776 813 849 matrimonialibus,
838 777 895 842 die
926 777 968 842 19
995 777 1089 841 lossii
1109 776 1211 848 1894,
1235 780 1269 840 et
1294 776 1341 839 ita
1369 770 1510 857 quotidie

331 922 367 968 se
389 904 476 989 gerit
490 903 521 969 S.
540 903 574 967 (l.
591 902 624 967 S.
640 901 747 968 Officii
771 908 805 967 et
821 902 1126 967 poenitentiarium
1149 898 1349 965 resolvendis
1371 917 1509 984 genera·

208 1048 212 1059 ·
329 1028 415 1095 libus
437 1030 608 1115 propositis
630 1027 880 1113 quaestionibus.
905 1030 950 1093 At
972 1027 1144 1111 aliquando
1166 1027 1305 1111 simplex
1326 1023 1510 1109 affirmatio

331 1152 384 1217 rel
396 1154 530 1239 nequtio
543 1172 608 1217 non
619 1152 831 1237 undequaque
843 1153 1025 1236 quaestioni
1036 1151 1194 1217 satisfacit
1204 1154 1238 1214 et
1253 1148 1392 1213 iudicum
1410 1149 1510 1211 inten-

330 1277 427 1352 tioni;
452 1296 553 1361 quare
573 1277 626 1341 vel
649 1278 826 1361 responsio,
842 1276 1034 1361 simpliciter
1056 1295 1161 1359 neque
1177 1271 1384 1359 affirmativa
1406 1289 1511 1353 neque

330 1405 499 1490 nequitiae,
515 1404 743 1490 aequipollenti
760 1406 925 1470 locutione
941 1404 1153 1489 exprimitur;
1175 1400 1228 1467 vel
1245 1398 1446 1485 responsioni
1463 1395 1512 1479 of.

330 1530 522 1615 fimnotioae
538 1536 594 1595 aut
616 1531 794 1615 nepotique
809 1530 941 1595 additur
956 1528 1092 1594 verbum
1108 1527 1156 1591 od
1174 1530 1330 1597 mentem,
1346 1543 1410 1608 qua
1429 1522 1512 1587 deoi-

331 1652 429 1716 sionis
442 1653 624 1737 explicatur
640 1673 753 1717 sensus
770 1659 802 1717 et
817 1654 876 1722 vis,
893 1651 1041 1717 addendo
1056 1648 1228 1713 nonnullas
1243 1645 1443 1711 conditiones
1454 1664 1512 1710 sen

329 1779 537 1844 limitationes
553 1778 697 1865 generali
714 1779 931 1863 responsioni;
947 1779 1000 1842 vel
1016 1780 1113 1843 etiam
1128 1780 1201 1860 post
1215 1792 1403 1857 responsum
1421 1770 1513 1855 affir-
1616 1811 1617 1814 =

330 1900 455 1965 motio-e
477 1907 533 1965 aut
556 1900 712 1985 neqotice
734 1905 935 1983 conceptum,
959 1898 1089 1963 additur
1107 1898 1207 1962 iuncto
1228 1895 1369 1961 modum
1386 1895 1440 1958 vel
1464 1894 1511 1958 ito
1616 1921 1617 1958 1

333 2030 446 2090 tomen
468 2031 523 2089 aut
545 2024 652 2107 aliqua
682 2024 888 2107 aequivalens
918 2024 1086 2108 conceptio
1109 2020 1293 2085 verborum.
1319 2018 1509 2083 Huiusmodi
1616 2043 1617 2058 ¹

333 2148 565 2231 explicationes
595 2146 757 2211 adduntur
786 2150 854 2212 tum
878 2148 911 2210 in
926 2144 1137 2211 resolvendis
1165 2144 1347 2222 abstractis
1370 2160 1430 2206 seu
1452 2140 1511 2206 do·
1616 2218 1618 2236 Ι

332 2270 522 2341 ctrinalibus
546 2272 625 2335 iuris
649 2268 906 2355 quaestionibus,
924 2248 1001 2335 ¹tum
1029 2270 1063 2332 in
1093 2266 1302 2353 expediendis
1330 2268 1512 2330 contentio·

331 2395 424 2461 nibus
447 2395 656 2461 iudicialibus.

423 2524 493 2587 Non
516 2543 602 2595 raro,
624 2522 785 2607 publicata
808 2522 1019 2605 affirmativa
1036 2521 1090 2585 vel
1112 2520 1273 2606 nepotioo
1288 2518 1512 2603 responsione,

330 2651 439 2711 tamen
462 2666 558 2713 merus
581 2652 728 2713 remanet
749 2651 888 2726 secreta,
905 2644 1033 2728 quando
1049 2664 1165 2730 nempe
1187 2644 1271 2708 baec
1294 2662 1359 2706 non
1381 2643 1514 2726 attingit
1616 2658 1618 2678 ¹

331 2770 480 2832 meritum
496 2770 700 2852 quaestionis,
717 2768 773 2833 sed
797 2769 903 2853 potius
926 2768 1120 2850 aequitatem
1137 2772 1193 2831 aut
1216 2764 1418 2850 prudentiam
1436 2783 1514 2828 exe·
1616 2773 1618 2808 ³

333 2894 479 2963 cutionis,
512 2912 569 2957 sen
599 2891 685 2956 aliud
718 2890 795 2957 facti
825 2892 992 2978 peculiare
1018 2890 1221 2965 adiunctum;
1252 2890 1316 2954 imo
1338 2887 1513 2970 aliquando

332 3014 422 3079 nulla
452 3015 547 3080 datur
570 3016 745 3101 responsio,
771 3014 827 3081 sed
859 3021 983 3080 tantum
1014 3016 1203 3081 decernitur
1227 3033 1245 3074 ‹
1266 3012 1313 3078 od
1334 3011 1387 3075 vel
1410 3010 1514 3077 itaetu
1616 3083 1617 3102 ἶ

332 3145 528 3205 monteio».
562 3139 633 3203 Hac
664 3138 703 3203 de
734 3158 772 3204 re
800 3141 927 3225 Ursaya
954 3140 1098 3223 Discept.
1123 3138 1183 3211 35,
1206 3144 1285 3204 tom.
1310 3137 1344 3208 3,
1366 3144 1460 3221 port.
1485 3138 1512 3210 1,
1616 3109 1618 3136 Ι

333 3284 426 3330 num.
453 3263 501 3327 92
523 3282 590 3347 seq.
619 3264 664 3327 ita
686 3262 830 3327 disserit:
856 3263 1119 3330 ‹Cohaerenter
1141 3263 1180 3328 ad
1208 3263 1265 3326 illa
1287 3260 1389 3327 verba
1410 3263 1515 3327 iuxta
1616 3333 1617 3344 χ

332 3390 496 3464 suentem,
529 3384 703 3449 notandum
733 3392 783 3450 est
813 3386 867 3450 bic
900 3406 974 3450 curu
1005 3388 1090 3451 Rota
1123 3386 1156 3449 in
1193 3384 1373 3451 Tiburtina
1395 3383 1514 3450 etde-
1616 3357 1617 3360 Ἴ

333 3503 500 3570 commiss.
517 3504 637 3568 Martii
654 3506 756 3579 1705,
780 3506 803 3588 5
821 3504 930 3579 Ratio,
954 3525 1074 3571 coram
1088 3506 1252 3578 Ausoldo,
1273 3504 1358 3590 quod
1381 3505 1413 3570 S.
1430 3502 1513 3571 Con·

333 3627 547 3710 gregatioues,
564 3630 597 3689 et
616 3626 680 3690 alia
697 3626 792 3693 Urbis
808 3626 996 3691 Tribunalia
1019 3628 1124 3692 solent
1140 3628 1186 3691 uti
1201 3626 1287 3691 dieto
1309 3625 1514 3691 rescribendi

333 3746 426 3810 modo
450 3748 500 3812 vel
523 3748 587 3812 alio
610 3747 714 3816 simili,
740 3754 817 3833 puta
840 3749 880 3813 ad
903 3750 944 3814 D.
969 3750 1157 3815 Pouentem
1179 3749 1233 3814 vel
1256 3749 1304 3814 ad
1326 3750 1367 3813 D.
1391 3748 1513 3815 Secre-

333 3873 460 3938 torium
483 3894 562 3939 cum
578 3872 695 3946 SSmo
712 3876 787 3958 quia
804 3874 925 3939 iudices
948 3874 1063 3939 nolunt
1084 3876 1193 3939 statim
1212 3874 1379 3960 publicare
1395 3892 1512 3939 eorum

333 3996 501 4081 rescripta,
526 3996 566 4060 ad
589 3997 651 4061 hoc
675 4002 710 4062 ut
732 4003 842 4082 partes
872 3998 1006 4064 edoctae
1033 4018 1055 4061 a
1077 3999 1262 4065 Secretario
1285 3996 1339 4061 vel
1362 3997 1513 4062 Pouente

333 4119 373 4185 de
396 4120 482 4185 dicta
505 4125 611 4185 mente
642 4120 860 4197 iudicantium,
885 4122 941 4186 illa
963 4142 984 4186 a
1006 4141 1042 4187 se
1070 4124 1148 4208 ipsis
1171 4122 1355 4188 executioni
1377 4120 1512 4186 deman-

333 4242 418 4316 dent,
442 4243 533 4309 iuxta
556 4262 665 4308 casum
689 4244 862 4310 decisionis
884 4245 983 4312 Rom.
1008 4246 1123 4329 Ampl.
1140 4247 1228 4312 [dccl.
1253 4246 1304 4311 24
1328 4245 1392 4329 Ap.
1416 4244 1512 4311 1705

335 4367 393 4453 fio.
417 4386 486 4433 cor.
506 4368 608 4434 Gard.
627 4369 730 4451 Capr.
748 4370 812 4434 Vel
835 4371 962 4454 qnando
985 4390 1166 4457 congruum
1182 4371 1376 4444 existimant.
1393 4374 1430 4435 ut
1451 4370 1510 4436 Se·
