3292 5109
524 314 569 361 nn
593 314 732 362 mmcns
756 314 1023 363 accersiasrrcrs
1318 295 1362 361 13

180 435 343 499 rationem
357 434 398 501 de
413 435 653 518 quaestionibus
668 437 702 502 iu
718 436 910 502 consistorio
932 436 1091 522 agitandis
1107 442 1140 501 et
1161 431 1361 509 definiendis,

179 562 217 623 at
238 554 331 621 firma
355 564 388 623 et
408 557 532 626 stabilis
561 579 627 626 nou
650 566 723 626 erat
749 563 923 627 constituta
946 560 1043 633 ratio,
1066 578 1131 644 qua
1152 562 1245 625 certo
1267 557 1363 623 ruodo

179 684 216 745 et
237 682 376 749 accitis
398 687 547 769 personis
570 690 625 751 ant
648 682 743 751 lieret
765 704 905 752 examen
929 682 1202 751 consistorialibua
1224 682 1362 750 decisio-

178 806 276 872 nibus
298 810 465 893 praevium
488 815 546 876 aut
566 828 606 877 ea
621 812 752 898 negotia
774 808 1023 878 absolverentur
1037 810 1144 875 miuus
1165 814 1251 895 apta,
1267 813 1304 873 ut
1325 810 1361 874 in

179 932 379 1001 consistorio
400 940 633 1005 tractarentur.
651 971 670 985 ·
688 937 773 1003 Sene
796 942 874 1002 tunc
896 937 1071 1001 constituta
1085 954 1150 999 uon
1166 937 1262 1001 erant
1276 934 1361 999 ordi-

178 1059 275 1124 naria
291 1060 436 1146 collegia,
453 1060 568 1145 quibus
586 1060 733 1126 nonnulli
756 1060 910 1146 adscripti
927 1058 1116 1126 cardinales
1134 1058 1361 1126 incumberent

178 1184 214 1247 in
236 1182 364 1268 aliquod
388 1204 490 1271 genus
513 1186 730 1271 negotiorum,
755 1204 839 1269 quae
861 1183 915 1250 vel
946 1188 1057 1271 postea
1084 1181 1299 1249 definirentur
1325 1183 1360 1248 in

179 1307 327 1393 plenario
343 1308 560 1376 Cardinulium
584 1316 747 1377 conventu
770 1332 829 1376 seu
847 1308 1076 1391 consistorio5
1098 1309 1150 1375 vel
1175 1307 1360 1375 immediate

181 1432 415 1520 expedirentur
448 1435 489 1503 ab
519 1436 596 1521 ipsis
628 1436 853 1504 Cardinalibua
883 1436 1019 1505 adiectis
1048 1435 1199 1503 adhaec
1228 1436 1360 1522 negotia

177 1561 350 1627 mactanda
372 1566 406 1629 et
431 1560 631 1639 definienda;
665 1562 858 1650 praehabita
889 1569 999 1631 minen
1033 1562 1210 1631 definitioni
1246 1565 1357 1650 Papae

178 1681 430 1759 consultatione;
454 1684 507 1749 vel
534 1686 643 1751 etiam·
657 1684 720 1750 hac
746 1684 986 1771 praetermissa
1014 1686 1047 1751 vi
1073 1684 1237 1771 generalis
1264 1704 1355 1749 man-

178 1802 254 1887 dati,
277 1824 298 1869 a
320 1804 544 1871 Cardinalibus
567 1806 631 1872 hoc
653 1804 803 1871 mandato
826 1806 982 1893 praeditis
1009 1806 1132 1872 directe
1156 1811 1188 1871 et
1210 1805 1357 1872 absolute

180 1926 423 2013 expedirentur.
447 1930 534 1995 -Eu
558 1931 641 1997 ratio
664 1930 903 1997 constitutionis
925 1930 957 1997 S.
986 1930 1291 2015 congregationum,
1313 1948 1356 1994 en

176 2054 355 2119 necessitas
376 2054 429 2119 cui
458 2054 676 2121 consulendae
699 2054 782 2121 haec
805 2056 944 2142 collegia
966 2054 1125 2120 destinata
1146 2053 1291 2120 luerunt.

268 2179 320 2245 Ex
350 2167 594 2247 auctoritatibus
620 2202 703 2266 quae
733 2180 847 2248 adduci
878 2186 1017 2267 possent
1044 2184 1188 2266 praestet
1217 2180 1355 2245 alteram

177 2304 317 2371 referre.
341 2309 391 2373 lta
414 2306 509 2373 card.
533 2304 695 2390 Paleotus,
719 2308 769 2374 De
787 2307 927 2375 Cornist.
951 2306 992 2373 P.
1018 2306 1052 2382 V,
1077 2312 1205 2391 quaest.
1223 2306 1272 2371 110
1291 2308 1354 2373 ait:

180 2450 199 2489 c
215 2428 489 2515 Congregetiones
512 2428 741 2511 cardinalium,
765 2448 845 2515 quas
868 2428 989 2496 Summi
1006 2426 1190 2511 Pontifices,
1207 2432 1241 2493 et
1257 2448 1354 2514 prae·

180 2551 293 2615 sertim
309 2550 418 2619 Sixtus
433 2552 476 2632 V,
493 2550 534 2617 ad
549 2572 720 2619 causarum
743 2550 949 2618 difficultates
972 2553 1070 2637 ipsius
1093 2552 1286 2617 auctoritate
1302 2572 1354 2617 co-

176 2675 379 2760 gnoscendas
393 2680 427 2741 et
440 2672 640 2744 definiendas
662 2678 888 2753 instituerunt;
912 2696 984 2743 esse
997 2683 1158 2763 tamquam
1174 2674 1258 2741 illias
1274 2676 1353 2742 con·

176 2798 313 2873 sistorii,
337 2799 378 2865 ab
402 2820 440 2866 eo
463 2800 564 2866 veluti
586 2800 677 2867 fonte
700 2806 939 2888 promanantes.
960 2820 992 2877 »3
1016 2805 1050 2866 et
1082 2800 1166 2866 idem
1199 2800 1293 2867 Card.
1319 2801 1353 2865 in

175 2926 303 3004 quaest.
328 2922 364 2986 11
386 2920 590 2989 adverterat:
617 2922 776 3007 <Magna
799 2920 874 2986 olim
902 2921 964 2987 fuit
992 2920 1211 2987 amarioribus
1232 2922 1354 2987 nostris

175 3042 301 3108 ratione
336 3045 516 3111 institutum
551 3050 587 3111 ut
623 3049 755 3131 praeter
778 3044 994 3122 consistoria,
1017 3043 1059 3109 ad
1089 3063 1173 3128 quae
1208 3042 1352 3109 universi

172 3361 325 3416 sedetiam
343 3361 392 3416 alii
417 3362 465 3433 qui
490 3362 535 3418 Illi
553 3379 665 3433 operam
693 3363 798 3418 dabant
825 3364 854 3419 in
882 3364 1005 3434 negotiis
1031 3364 1218 3435 expediendis.
1245 3364 1353 3423 Probat

171 3462 380 3531 Thomassinus,
399 3466 439 3521 De
457 3476 510 3522 oet.
530 3476 556 3522 et
573 3484 635 3521 noo.
649 3468 727 3523 Eccl.
747 3468 868 3539 discipl„
888 3468 919 3523 P.
939 3468 964 3534 1,
984 3468 1030 3523 lit.
1043 3470 1072 3536 2,
1091 3486 1151 3541 cap.
1167 3470 1231 3535 109,
1250 3487 1350 3526 nomeu

171 3566 299 3637 capellae
323 3573 594 3643 anteausurpatum
620 3572 707 3627 luisse
731 3574 759 3627 iu
779 3572 917 3627 Oratoriis
943 3573 1045 3628 Palatii
1071 3589 1170 3644 regum
1189 3573 1296 3631 calliae
1321 3579 1352 3631 et

169 3676 312 3733 derivasse
330 3695 347 3732 a
366 3698 454 3752 cappa
472 3696 521 3736 seu
539 3698 623 3751 capso
644 3682 827 3753 reliquiarum
846 3682 872 3736 S.
893 3682 1009 3737 Martini
1029 3700 1101 3754 quae
1120 3683 1149 3737 iu
1168 3700 1203 3739 eo
1221 3700 1349 3739 asserva·

169 3783 254 3839 batur
271 3789 301 3839 et
322 3784 356 3839 ad
377 3803 460 3857 quam
482 3790 695 3858 praestabantur
714 3794 889 3845 sacramenta
919 3790 949 3845 in
978 3789 1096 3844 iudiciis.
1124 3789 1177 3845 Sed
1196 3788 1245 3844 alii
1265 3789 1350 3850 aliam

168 3891 315 3962 assignant
333 3893 478 3963 originem.
497 3894 538 3949 cl.
558 3895 600 3949 Du
619 3894 714 3967 cange
735 3896 764 3950 in
786 3897 877 3952 close.
897 3898 1009 3954 Mediae
1029 3908 1056 3953 et
1073 3897 1124 3969 inf.
1145 3898 1244 3951 latinia.
1264 3899 1351 3953 verbo

170 3996 299 4068 capelle.
319 3998 463 4068 capellani
483 4000 589 4071 Papae,
608 4006 754 4071 'progressu
778 4002 926 4073 temporie.
949 4003 1016 4057 facti
1045 4007 1111 4057 suut
1135 4002 1349 4058 Poeuiteutiarii

167 4109 199 4161 et
216 4105 372 4161 Auditor-es.
400 4105 514 4162 Scilicet
537 4107 759 4174 Poenitentiarii‚
778 4110 984 4180 quiescebant
1008 4111 1130 4181 negotiis
1152 4112 1205 4165 lori
1229 4111 1349 4179 interni,

165 4211 328 4279 Auditores,
340 4213 388 4283 qui
406 4214 526 4283 negotiis
544 4215 597 4269 lori
617 4216 734 4270 externi.
749 4216 844 4272 Facile
863 4217 1019 4287 explicatur
1045 4219 1182 4289 quomodo
1201 4236 1235 4275 ex
1254 4218 1349 4289 capel-

165 4316 241 4372 lanis
259 4334 309 4372 seu
333 4333 367 4373 ex
390 4316 499 4375 clericis
525 4320 642 4375 addictis
669 4320 762 4377 domui
788 4323 948 4393 pontificiae
975 4326 1051 4395 Papa
1074 4325 1193 4395 elegerit
1219 4325 1350 4397 primitus

164 4442 233 4481 suos
250 4426 407 4482 adsessores
425 4444 473 4482 seu
493 4428 606 4483 intimos
628 4430 810 4484 consiliarios.
