3292 5109
499 308 544 355 uu
568 306 707 357 rnorcrrs
732 308 996 356 nccuusrrsrrcrs
1282 292 1346 357 341

164 430 262 496 rente
285 427 393 513 aliqua
416 429 622 515 eleemosyna
648 428 765 494 iudicio
788 430 888 515 ipsius
915 429 1071 495 ordiuarii
1096 431 1282 497 executoris
1298 440 1350 498 ta-

165 554 277 620 xanda
299 560 331 621 et
354 554 543 619 definienda.
576 554 619 619 Et
640 564 709 621 tum
740 554 968 641 eleemosynae
997 561 1065 621 tum
1097 555 1347 631 satisfactionis,

161 680 235 745 tum
258 680 476 764 poenitentiae
499 680 650 745 salutaris
673 682 833 767 imposito
856 687 906 747 est
928 680 968 745 ad
991 680 1190 747 validitatem
1219 680 1350 768 dispen-

164 806 300 870 sationis
324 806 585 889 quotiescumque
608 808 755 891 apposita
777 806 922 872 clausula
944 807 1007 870 hoc
1030 807 1150 891 exigat,
1168 808 1213 871 uti
1237 826 1350 872 neces·

162 928 287 992 sariam
315 929 563 1012 condideram
587 933 732 1012 quamvis
764 949 844 1015 opus
874 931 1054 1014 impositum
1082 928 1123 994 ab
1154 930 1352 1014 impetrante

163 1058 315 1142 gruttam,
340 1060 439 1140 possit
462 1058 588 1144 expleri
612 1059 707 1122 etiam
731 1062 802 1143 post
825 1058 1067 1131 executionem
1093 1055 1149 1121 sed
1171 1076 1250 1122 sane
1280 1078 1350 1121 ma-

164 1183 256 1247 xIme
278 1181 409 1267 expedit
431 1188 466 1247 ut
489 1183 520 1247 id
543 1187 619 1247 ante
642 1184 867 1248 executionem
891 1180 956 1248 fiat.

302 1304 336 1390 3)
361 1304 617 1371 Poenitentiaria
633 1306 764 1390 apponit
782 1306 880 1370 etiam
907 1305 1083 1370 clausulam
1104 1309 1140 1373 ut
1153 1306 1240 1371 lator
1259 1304 1349 1370 exhi·

163 1426 243 1491 beat
264 1424 358 1491 fidem
382 1429 628 1495 sacramentalis
656 1428 878 1494 consessionis.

302 1554 336 1640 4)
360 1554 428 1619 Nisi
457 1555 671 1639 exprimatur,
703 1574 768 1619 non
799 1521 994 1620 subauditur
1020 1555 1180 1620 clausula:
1206 1574 1224 1618 <
1249 1555 1349 1619 Dum-

163 1676 261 1741 modo
284 1677 326 1741 ad
357 1678 576 1763 Apostolicam
599 1678 763 1743 Dateriam
794 1698 854 1765 pro
885 1678 999 1743 eadem
1022 1677 1269 1762 ,dispensatione
1299 1696 1349 1740 re·

161 1822 281 1868 cursus
311 1801 416 1868 factus
440 1822 505 1867 non
535 1802 634 1867 fuerit
658 1824 688 1868 a.
717 1803 846 1869 Etenim
868 1803 951 1867 haec
978 1801 1192 1888 praescriptio
1216 1801 1346 1866 exiam

162 1927 346 2012 explicatis,
363 1926 562 2012 quaeratim,
579 1926 681 1993 efficii
696 1926 943 2012 competentiam
961 1926 1256 2011 Congregationum
1271 1924 1347 1988 alio

163 2069 302 2133 rumque
322 2048 528 2125 Officiorum;
552 2049 708 2134 siquidem
724 2070 822 2115 unum
839 2050 1064 2135 Dycasterium
1081 2069 1146 2114 non
1161 2054 1269 2134 potest
1290 2069 1345 2114 ne·

161 2176 254 2260 gotia
270 2175 424 2259 expedire
440 2194 522 2259 quae
538 2174 578 2239 ab
595 2175 657 2239 alin
670 2174 874 2241 cumulatiore
890 2178 1091 2260 competente
1106 2179 1345 2260 praeoccupata

162 2300 310 2366 fuerunt.
327 2299 389 2365 Sed
406 2299 610 2365 Poenitentia
625 2298 721 2364 hodie
736 2300 867 2364 omnino
886 2300 1078 2385 specialibus
1097 2298 1218 2365 fruitur
1241 2299 1347 2364 facul-

100 2510 108 2521 ·
161 2426 294 2499 tatibus,
312 2425 425 2509 quibus
441 2425 527 2490 valet
542 2426 706 2511 negotium
725 2422 861 2491 definire
877 2426 936 2490 etsi
952 2444 1106 2490 recursus
1121 2424 1162 2488 ad
1177 2425 1342 2488 Datariam

166 2550 273 2615 Iactus
296 2550 405 2615 fuerit.

257 2674 332 2739 279.
358 2672 407 2739 Ob
425 2673 579 2738 materiae
595 2674 854 2739 coniunctionem
867 2677 967 2756 utque
982 2673 1086 2759 stylus
1102 2674 1270 2757 utriusque
1286 2672 1342 2740 Of·

162 2796 231 2863 ficii
254 2798 395 2863 uicissim
418 2798 608 2879 Illustretur,
632 2798 722 2863 iuvat
743 2798 918 2863 subtexere
941 2800 1214 2883 praescriptiones
1238 2819 1344 2884 nuper

161 2922 258 2987 datas
274 2942 294 2987 a
309 2922 418 2987 Leone
442 2922 524 2987 XIII
549 2920 653 3004 quoad
676 2921 796 3007 stylum
821 2923 982 2989 Datariae.
999 2924 1032 2986 in
1056 2921 1346 3009 dispensationibus

165 3045 465 3119 matrimonialibus,
489 3047 721 3131 aliquantisper
744 3047 890 3112 eumdem
913 3049 1129 3114 immutantes.
1159 3048 1348 3113 Praemitti-

162 3190 238 3236 mus
262 3172 426 3236 Datariam
450 3171 611 3238 clausulas
635 3191 735 3257 usque
757 3171 910 3237 habuisse
931 3173 1090 3258 proprias,
1110 3178 1219 3238 tamen
1241 3171 1347 3256 quoad

162 3294 376 3360 substantiam
397 3296 437 3361 ab
456 3296 519 3361 Illis
541 3295 727 3361 adhibitisa
746 3297 1000 3361 Poenitentiaria
1018 3316 1086 3380 pro
1108 3297 1187 3380 soro
1209 3296 1345 3363 interrae

164 3438 232 3484 non
249 3421 464 3486 essentialiter
487 3422 610 3487 alienas
633 3422 745 3497 fuisse;
772 3441 859 3488 nunc
874 3441 955 3487 vero
978 3422 1117 3505 aliquam
1141 3409 1346 3489 essentialem

164 3542 373 3608 Intercedere
388 3539 602 3608 dIfferentiam
625 3549 697 3629 post
719 3545 956 3623 Immutationes
971 3566 1076 3630 nuper
1091 3544 1246 3620 Inductas‚
1263 3565 1347 3630 quae

163 3668 211 3731 ita
234 3687 268 3731 se
291 3666 422 3742 habent,
440 3666 595 3753 probatae
618 3668 763 3734 aLeone
778 3670 863 3735 XIII
889 3671 923 3734 in
946 3653 1109 3735 audientia
1132 3671 1188 3736 die
1202 3672 1253 3737 28
1274 3670 1346 3736 Aa·

162 3792 260 3877 quati
282 3792 383 3859 1885.

304 3913 335 3999 I)
360 3916 434 3981 <In
466 3917 648 4001 apostolmis
676 3918 794 3983 litteris
825 3915 939 4001 quibus
960 3937 983 3983 a
1006 3919 1139 3983 Dataria
1161 3919 1349 4005 ApostoIIca

161 4035 389 4101 conceduntur
412 4037 666 4121 dispensationes
697 4040 950 4105 matrimoniales
981 4044 1170 4107 omittantur
1199 4042 1241 4107 ab
1269 4043 1348 4109 hinc

161 4166 338 4246 sequentes
363 4160 545 4227 clausulae:

302 4283 336 4369 α)
364 4308 381 4347 «
405 4284 438 4350 Si
460 4287 589 4350 veniam
613 4290 688 4351 ate
711 4288 865 4372 petierint
887 4286 1054 4354 humiliter
1076 4312 1108 4353 ›.

303 4409 334 4497 b)
361 4432 378 4473 s
398 4411 540 4497 Recepto
563 4413 652 4497 prius
675 4412 716 4477 ab
740 4414 787 4480 eis
808 4414 990 4481 iuramento
1014 4416 1097 4500 quod
1121 4435 1186 4481 non
1208 4416 1267 4483 sub
1291 4438 1349 4504 spe
