3292 5109
287 251 355 319 266
808 270 893 317 enus
917 269 954 316 11.

287 395 378 461 Unde
402 394 436 459 in
459 394 626 478 rescriptis
651 393 845 476 exprimitur
868 412 996 476 semper
1020 411 1090 457 rem
1120 390 1228 456 dirimi
1259 395 1293 455 et
1323 390 1473 475 expediri

287 537 332 583 ero
359 518 545 583 Abdicatio
569 515 678 582 Semi.
703 514 907 589 -Quocirca
929 515 1013 580 haec
1033 515 1255 601 (longusque
1278 518 1471 599 potestatem

285 640 385 706 habet
408 638 720 705 adrniniotratioom
739 656 797 702 seu
821 637 1034 703 emeratioom
1058 636 1237 723 perfectam
1261 636 1317 701 sed
1340 635 1473 701 manda·

286 769 354 829 tum
386 762 490 847 potius
522 762 758 828 consultiorem.
789 761 885 826 Nulla
914 759 1054 845 proinde
1084 760 1115 823 ei
1146 761 1299 845 competit
1329 766 1474 845 potestas

284 886 456 952 iudicialis
472 890 504 950 et
520 885 719 971 legislatione,
744 884 898 969 nullaque
913 883 944 949 ei
960 882 1115 948 tribuitur
1129 887 1271 969 potestas
1286 884 1470 950 ordinaria

285 1014 341 1078 sed
366 1013 434 1076 eius
458 1016 507 1077 est
530 1010 676 1095 negotia,
701 1015 797 1075 antea
830 1010 970 1075 examini
1002 1011 1165 1095 supposita
1189 1013 1221 1073 et
1244 1009 1316 1073 fere
1338 1029 1471 1095 semper

285 1156 441 1224 expresso
468 1140 544 1200 iloto
576 1135 772 1207 consultivo,
806 1134 939 1200 deferre
962 1134 1003 1199 ad
1027 1135 1119 1199 Rom.
1145 1131 1336 1200 Pontificem
1359 1155 1378 1199 a
1402 1156 1469 1220 quo

284 1258 491 1325 definiuntur.
518 1256 644 1324 Exinde
669 1262 718 1323 est
741 1252 957 1344 Congregatio
980 1257 1034 1323 rui
1056 1256 1193 1343 pencris
1208 1262 1242 1324 et
1257 1260 1402 1341 quamvis
1425 1260 1469 1322 sit

279 1388 449 1465 perpetuo
475 1386 584 1446 tamen
613 1386 661 1446 est
687 1381 972 1447 entraordinaria
1000 1401 1057 1447 seu
1085 1382 1241 1469 delegato
1268 1388 1301 1447 et
1323 1384 1400 1447 hinc
1422 1382 1469 1447 di·

283 1516 414 1594 screpat
435 1509 475 1573 ab
499 1509 570 1573 aliis
594 1509 752 1573 hacteuus
776 1509 957 1593 explicatis
996 1512 1000 1519 '
1180 1504 1183 1510 ’

373 1634 448 1699 218.
467 1633 552 1697 Huic
565 1632 596 1697 S.
611 1631 861 1717 Congregationi
875 1631 1064 1697 Cardinales
1079 1637 1112 1699 et
1123 1631 1332 1699 Consultores
1346 1633 1467 1707 adscri-

282 1757 412 1839 buntur,
429 1777 564 1821 numero
589 1756 676 1822 haud
700 1756 924 1823 determinato.
949 1758 1127 1823 Secretarii
1146 1778 1263 1823 munus
1282 1760 1367 1845 gerit
1383 1780 1468 1825 uuus

282 1900 301 1946 e
325 1882 492 1947 Romanae
517 1882 634 1947 Curiae
658 1880 825 1965 praelatis,
842 1900 936 1963 quom
954 1880 1108 1945 adiuvant
1130 1880 1410 1947 Sub-secretarius
1434 1888 1469 1947 et

281 2006 380 2090 aliqui
404 2003 576 2071 Officiales.
605 2004 696 2069 Haec
711 1987 931 2089 congregatio
949 2022 1014 2067 non
1031 2002 1130 2068 habet
1143 2003 1349 2080 cardinalem
1367 2006 1468 2070 Prae

281 2130 411 2210 fectum,
435 2128 490 2192 sed
515 2132 684 2212 permanet
707 2126 764 2191 sub
789 2126 972 2191 immediata
987 2125 1202 2211 dependentia
1218 2128 1339 2192 Summi
1356 2128 1466 2195 Ponti-

281 2251 351 2318 flcis
374 2259 406 2319 et
425 2254 483 2318 sub
499 2253 679 2318 directione
695 2254 769 2317 Emi
789 2252 965 2317 secretarii
981 2250 1109 2324 Status:
1125 2252 1216 2318 hisce
1230 2252 1322 2318 adest
1337 2254 1468 2320 assidue

281 2379 371 2463 quasi
394 2379 575 2443 consultrix
600 2381 632 2441 et
655 2377 726 2442 ideo
750 2376 871 2441 residet
891 2379 922 2441 in
943 2377 1067 2441 Palatio
1085 2377 1273 2461 Apostolico
1288 2380 1462 2448 Vaticano.

280 2524 381 2589 prope
405 2504 621 2570 Secretariam
644 2504 760 2577 Status,
778 2508 875 2586 atque
891 2503 1074 2568 ordinarios
1099 2492 1293 2588 congressus
1317 2503 1466 2570 celebrat

279 2630 313 2692 in
336 2628 467 2693 aedibus
492 2629 589 2713 ipsius
615 2628 792 2694 Secretarii
818 2628 936 2693 Status.

369 2757 508 2820 Praeter
531 2752 705 2824 officiales,
732 2753 882 2818 nonnulli
907 2752 1032 2820 admitti
1047 2754 1152 2820 solent
1170 2754 1342 2836 candidati,
1363 2757 1463 2843 uulgo

278 2878 509 2963 apprendirti,
534 2898 591 2942 seu
615 2876 800 2959 aspiranti,
826 2878 879 2959 qui
904 2878 951 2941 sic
975 2878 1145 2942 initiantur
1167 2878 1381 2964 diplomaticis
1405 2902 1464 2945 ne-

279 3002 373 3087 gotiis
396 2998 559 3085 gerendis,
583 3017 631 3070 ac,
652 2998 783 3083 speciali
808 2997 884 3062 dein
901 2998 987 3063 tacto
1003 2999 1157 3082 periculo,
1174 3000 1373 3085 legationum
1389 3021 1463 3086 apo-

278 3125 463 3192 stolicarum
487 3122 690 3187 destinantur
715 3120 836 3187 officiis.

366 3251 442 3315 219.
468 3250 621 3334 Spectant
645 3251 810 3314 enimvero
833 3248 877 3313 ad
900 3250 986 3315 hane
1002 3250 1033 3315 S.
1050 3249 1343 3335 congregationem
1360 3269 1463 3335 quae-

278 3377 398 3442 stiones
421 3382 453 3441 et
477 3378 720 3441 controversiae
746 3376 1092 3463 politico-religiosae,
1116 3396 1174 3442 seu
1197 3380 1400 3462 pertinentes
1421 3378 1461 3443 ad

277 3500 327 3565 ius
357 3499 518 3583 publicum
551 3498 814 3563 ecclesiasticum.
841 3499 992 3583 Exempli
1016 3500 1140 3583 gratia,
1170 3501 1198 3564 si
1225 3500 1459 3566 concordatum

276 3626 352 3689 iniri
375 3624 491 3689 debeat
514 3642 587 3688 cum
612 3622 766 3707 Principe
789 3600 894 3695 civili,
920 3641 974 3688 res
999 3622 1196 3689 submittitur
1218 3626 1352 3709 praevio
1381 3645 1460 3689 exa·

276 3749 354 3813 mini
379 3752 411 3812 et
435 3746 664 3811 consultationi
696 3746 791 3811 huius
815 3744 1085 3832 congregationis
1113 3753 1146 3813 et
1168 3747 1209 3811 ab
1233 3768 1272 3812 ea
1294 3748 1459 3813 schemata

275 3893 333 3937 seu
355 3873 484 3938 articuli
508 3871 619 3937 talium
645 3872 752 3957 legum
777 3873 892 3958 peragi
914 3874 1030 3954 solent,
1051 3874 1125 3939 dein
1142 3873 1461 3959 approbandaruma

276 3996 405 4062 Summo
436 3994 602 4061 Pontifice.
623 4032 641 4043 -
660 3998 760 4077 Item,
785 3998 811 4061 si
836 3996 869 4059 in
894 3997 1092 4080 exequendis
1123 3979 1334 4062 Concordatis
1364 3997 1462 4063 dubia

275 4122 474 4201 exoriantur,
499 4119 538 4184 de
560 4119 706 4205 legitima
729 4120 846 4185 horum
871 4120 1138 4205 interpretatione
1162 4122 1244 4187 solet
1258 4142 1360 4208 agere
1375 4123 1459 4186 haec

275 4242 500 4329 Congregatio.
523 4278 541 4290 -
563 4242 689 4307 Verum
715 4242 782 4306 eius
807 4240 1059 4308 deliberationes
1083 4249 1116 4309 et
1137 4242 1326 4318 decisiones,
1351 4247 1460 4311 cuius·

274 4388 411 4452 cumque
446 4368 594 4453 generis,
632 4366 826 4452 definitivae
863 4386 928 4433 non
964 4373 1039 4433 sunt
1073 4369 1131 4434 sed
1164 4371 1268 4455 magis
1299 4372 1459 4437 conatib-
