3292 5109
336 226 400 291 108
853 246 936 293 enas
961 247 998 293 11.

332 368 547 434 lemnitatibus
571 370 604 434 in
627 370 763 455 negotiis
787 368 997 443 resolvendis,
1021 372 1124 457 magis
1148 371 1302 454 aequitati
1325 368 1456 435 student
1484 372 1516 433 et

332 490 416 555 bono
440 491 577 577 publicu,
602 512 697 577 quam
721 494 916 561 inhaereant
940 496 1041 581 rigori
1064 496 1145 561 iuris
1168 494 1290 580 scripti.

422 615 599 683 Maximum
627 638 707 684 vero
743 621 880 685 interest
914 620 1088 685 discrimen
1123 620 1209 684 inter
1240 616 1336 683 dubia
1359 618 1392 682 in
1419 634 1515 700 quae

219 752 224 761 '
332 741 488 807 stionibus
511 742 683 808 abstractis
708 749 740 809 et
762 742 828 807 alia
850 742 946 808 dubia
970 744 1002 807 in
1027 743 1258 809 controversiis
1281 741 1413 827 proprie
1438 737 1515 803 iudi·

331 862 467 929 cialibus
490 866 722 960 concinnanda.
757 868 836 931 Nam
861 867 894 929 in
917 864 1155 949 quaestiouibus
1179 861 1412 930 doctrinalibus
1435 862 1514 926 reti·

332 991 429 1051 netur
445 986 531 1052 dubii
548 988 687 1053 formula
704 990 877 1075 proposita,
895 990 920 1053 si
937 988 1085 1054 videatur
1101 1008 1246 1074 congrue
1261 986 1441 1072 quaestioni
1467 1003 1516 1048 re·

333 1112 511 1197 spondere;
535 1133 628 1179 secus
643 1114 707 1178 alia
723 1115 905 1199 concipitur
926 1133 972 1179 aar
993 1114 1101 1199 officio
1125 1115 1228 1199 magis
1243 1117 1319 1199 apta
1333 1111 1515 1196 quaestioni

333 1239 367 1301 et
382 1237 551 1300 intentioni
568 1236 599 1301 S.
617 1235 893 1321 congregationis.
911 1238 938 1301 E
954 1242 1070 1301 contra
1086 1236 1118 1301 in
1135 1257 1172 1301 re
1189 1229 1328 1302 iudiciali
1349 1236 1448 1301 dubia
1461 1234 1516 1299 vel

333 1359 463 1425 dubium
487 1362 688 1427 concordare
711 1364 886 1428 maximum
906 1363 1036 1429 lacessit
1051 1366 1215 1450 negotium
1235 1362 1515 1434 contendentibus,

332 1484 450 1569 quippe
473 1486 506 1549 in
529 1484 614 1551 dubii
631 1486 770 1550 formula
786 1487 972 1552 continetur
995 1487 1238 1551 controversiae
1261 1504 1386 1551 summa
1410 1488 1444 1549 et
1466 1486 1518 1547 iu-

333 1604 406 1670 dicii
424 1606 509 1672 basis
526 1610 740 1673 constituitur.
759 1608 844 1673 Hinc
861 1629 920 1693 per
935 1610 1110 1695 legitimam
1126 1611 1320 1680 citationem,
1338 1608 1429 1693 ipsae
1444 1627 1520 1693 par-

332 1739 383 1799 tes
398 1740 453 1800 aut
468 1752 577 1799 eorum
590 1740 818 1820 procuratores
832 1742 1054 1801 convocantur
1066 1741 1101 1801 ut
1115 1736 1183 1802 suis
1195 1734 1318 1799 iuribus
1332 1734 1517 1800 consulant.

427 1858 498 1924 102.
524 1860 567 1924 At
590 1860 815 1942 responsiones
838 1858 907 1923 sive
922 1856 1111 1931 decisiones,
1129 1860 1224 1924 etiam
1249 1877 1313 1922 non
1329 1855 1520 1922 definitivae

334 1980 464 2063 negotii,
487 1982 586 2045 certis
605 1978 751 2044 formulis
775 1981 914 2064 exprimi
930 1980 1045 2062 solent,
1063 1999 1144 2064 quae
1161 2000 1301 2066 praxeos
1318 1980 1349 2045 S.
1366 1980 1519 2065 Congre-

333 2105 497 2189 gationum
521 2108 669 2191 imperito
701 2106 883 2172 difficiliora
914 2107 1081 2174 intellectu
1103 2111 1194 2182 sunt;
1218 2107 1297 2171 hinc
1320 2106 1519 2191 praecipuas
1622 2183 1623 2190 ἵ

257 2209 261 2217 ’
335 2227 462 2291 referre
486 2228 618 2293 iuvat·
638 2231 706 2294 Non
730 2250 806 2295 raro
832 2230 1003 2294 instantiae
1026 2228 1066 2293 ad
1091 2229 1122 2296 S.
1139 2227 1418 2316 Congregationes
1442 2250 1519 2315 pro·
1622 2225 1623 2236 ²

334 2349 465 2433 positae,
491 2351 542 2416 vel
566 2351 606 2416 ad
630 2373 758 2417 causam
783 2354 968 2419 iudicialem
990 2353 1272 2427 introducendam,
1298 2353 1351 2418 vel
1374 2353 1416 2418 ad
1440 2374 1521 2440 gra·
1622 2407 1623 2446 3

333 2474 410 2537 tiam
434 2476 683 2561 impetrandam,
709 2477 859 2544 videntur
882 2499 947 2543 non
978 2478 1212 2560 admittendae,
1237 2484 1269 2543 et
1295 2483 1374 2543 tunc
1399 2481 1518 2563 reponi

334 2595 416 2662 solet
438 2597 501 2662 bac
524 2599 676 2665 formula:
702 2602 823 2667 lectum
846 2608 903 2667 aut
924 2605 1046 2669 lectum
1069 2604 1117 2669 ad
1140 2602 1349 2684 instantiam,
1366 2621 1425 2667 seu
1445 2604 1522 2687 ipsa

334 2719 550 2807 Congregatio
585 2704 706 2791 tectam
739 2726 922 2792 instantiam
960 2727 1089 2801 reiecit;
1120 2731 1177 2793 aut
1205 2727 1371 2802 relatum,
1396 2744 1521 2812 nempe
1622 2729 1623 2762 ⁴

336 2843 487 2909 Pontifex
510 2848 656 2912 relatam
687 2849 871 2912 instantiam
902 2868 968 2912 non
998 2846 1226 2939 admittendam
1251 2868 1323 2913 esse
1344 2847 1521 2925 iudicavit;

334 2970 390 3033 aut
411 2987 482 3033 non
497 2969 672 3053 annedae,
691 2975 745 3034 aut
760 2970 950 3066 simpliciter
966 2970 1157 3037 rescribitur
1172 2970 1278 3035 Nihil.
1295 3004 1312 3018 ·
1329 2969 1362 3035 Si
1382 2976 1521 3036 contro-

333 3094 461 3158 versiae
484 3095 546 3159 iam
571 3096 773 3161 introductae
796 3096 969 3161 videantur
993 3097 1127 3162 ulterius
1158 3116 1224 3160 non
1248 3096 1520 3180 prosequendae,

333 3224 388 3283 aut
412 3223 567 3288 nonnulla
598 3222 788 3288 documenta
819 3224 927 3296 allata,
951 3223 1091 3305 aliquam
1123 3222 1377 3286 controversiam
1409 3223 1522 3307 respi-

335 3343 462 3424 cientia,
486 3344 658 3410 videantur
681 3366 746 3410 non
770 3345 972 3418 attendenda,
997 3352 1074 3410 tunc
1097 3344 1194 3409 datur
1215 3344 1384 3408 decretum
1407 3342 1523 3427 Repo

333 3472 453 3551 nalum
477 3470 667 3535 rescribitur
690 3472 805 3539 Dilata
828 3490 925 3554 quum
949 3471 1191 3535 controversiae
1214 3469 1267 3533 vel
1291 3470 1410 3555 negotii
1436 3468 1521 3535 defi-

334 3592 414 3655 nitio
445 3592 530 3659 haud
560 3592 690 3659 decerni
722 3599 837 3679 potest,
862 3596 1002 3658 manime
1026 3595 1101 3678 quia
1130 3596 1256 3679 potiora
1287 3590 1522 3661 desiderantur

334 3726 536 3806 argumenta.
554 3720 644 3786 Unde
668 3721 748 3785 solet
772 3721 867 3784 etiam
884 3716 1020 3783 rescribi
1039 3752 1056 3766 -
1075 3717 1190 3783 Dilata
1212 3722 1245 3783 et
1267 3716 1522 3784 coadiucentur

331 3846 550 3930 probationes
575 3866 616 3929 ·‚·
639 3852 673 3910 et
696 3846 729 3910 in
761 3845 867 3910 causis
898 3863 1034 3928 quarum
1065 3845 1206 3908 maxime
1236 3844 1375 3909 interest
1395 3840 1521 3907 bonum

335 3970 506 4056 publicum,
528 3972 574 4035 uti
597 3972 630 4035 in
653 3968 942 4033 matrimonialibus
958 3967 1086 4033 additur
1110 4002 1128 4015 -
1156 3966 1411 4033 Coadiuaentur
1430 3985 1520 4049 pro·

335 4095 485 4163 dationes
508 4095 560 4160 vel
582 4070 810 4178 suppleantur
841 4098 919 4158 acta
942 4093 1042 4158 tanta
1071 4090 1328 4156 instructionem
1358 4090 1520 4157 dandam

334 4242 358 4288 a
380 4222 566 4305 Defensore
589 4219 800 4287 matrimonii
824 4238 870 4285 ecc
891 4218 1024 4303 officio;
1051 4217 1104 4282 vel
1132 4217 1338 4302 simpliciter:
1366 4217 1520 4284 Gaudiu-

334 4352 456 4415 vcntur
474 4345 694 4429 probationes
717 4352 747 4411 et
770 4344 817 4409 ad
840 4349 996 4409 mentem.
