3292 5109
497 297 542 344 na
566 297 706 345 runicus
729 298 995 347 nocnnsmsarcrs
1283 280 1350 349 333

168 420 223 486 vel
245 419 446 488 obtinendae
469 440 568 507 super
590 420 751 506 publico...
777 442 946 489 nuuaono
969 443 1027 489 seu
1050 442 1228 498 rosrouau
1251 432 1351 511 super

142 545 233 610 'alio
256 544 384 631 publico
408 544 634 631 impedimento
657 546 837 631 legitimam
852 546 1028 614 obtinuerit
1045 548 1349 635 dispensationem...

169 678 300 738 servata
322 672 429 736 forma
451 671 667 737 litterarum...
692 672 846 739 obtentae
868 692 925 738 seu
952 673 1154 741 obtinendae
1184 676 1349 762 dispensa·

169 797 320 862 tionis».
345 794 416 869 Qua
443 796 548 860 forma
572 796 839 870 Poenitentiaria‚
864 797 1050 865 dammodo
1074 798 1207 864 obtenta
1236 802 1278 865 sit
1307 799 1351 865 di·

169 919 331 1004 spensatio
354 938 452 1003 super
475 917 603 1004 publico
619 916 784 1003 dispensat
798 917 840 984 ab
856 920 983 985 occulto
999 924 1033 988 et
1047 921 1207 987 revalidat
1220 921 1348 986 litteras

169 1045 415 1130 dispensationis
437 1064 535 1131 super
557 1043 701 1131 publico;
726 1048 753 1111 si
776 1066 843 1111 non
873 1048 915 1111 sit
941 1046 1072 1113 obtenta
1102 1047 1195 1114 iubet'
1212 1053 1248 1115 ut
1271 1047 1350 1113 obti-

169 1175 286 1236 neatur
309 1169 502 1255 dispensatio
525 1190 623 1256 super
646 1169 774 1256 publico
798 1176 831 1236 et
854 1190 1033 1245 rosrouau
1052 1172 1135 1239 haec
1152 1173 1283 1239 obtenta
1299 1174 1352 1256 sit,

170 1295 306 1361 intendit
329 1294 516 1380 dispensare
540 1295 637 1360 etiam
660 1294 700 1359 ab
725 1295 852 1360 occulto
876 1294 934 1381 (l).

260 1422 536 1487 Poenitentiariae
559 1422 704 1487 strictior
727 1429 775 1489 est
798 1422 936 1489 facultas
964 1421 1166 1508 dispensandi
1191 1428 1224 1490 in
1248 1412 1350 1511 impe·

171 1546 319 1613 dimentis
343 1546 630 1613 matrimonialibus
653 1548 748 1611 etiam
773 1548 909 1613 occultis
930 1554 997 1613 tum
1014 1568 1073 1633 pro
1089 1552 1266 1615 contractis
1283 1557 1351 1617 tum

170 1690 230 1755 pro
246 1668 476 1735 contrahendis
492 1670 664 1754 coniugiis;
690 1670 772 1734 ratio
788 1675 896 1733 autem
913 1669 1090 1754 repetenda
1105 1675 1154 1735 est
1174 1691 1217 1736 ex
1233 1677 1352 1740 natura

170 1794 472 1879 impedimentorum
501 1793 784 1859 matrimonialium
816 1813 899 1877 quae
927 1794 980 1858 vel
1012 1800 1086 1860 actu
1117 1795 1246 1879 publica
1276 1801 1353 1861 suni

170 1916 225 1980 vel
239 1935 316 1979 mox
331 1917 449 1979 natura
464 1917 523 1978 sua
538 1914 665 1999 publica
680 1912 773 1989 fient;
793 1914 970 1980 cuiusmodi
987 1921 1061 1981 sunt
1077 1918 1349 2001 consanguinitas,

170 2036 310 2103 affinitas
326 2058 368 2103 en
384 2038 501 2123 copula
522 2037 620 2110 licita,
639 2040 788 2124 cognatio
804 2040 979 2124 spiritualis
995 2046 1029 2107 et
1043 2040 1172 2126 publica
1187 2043 1350 2107 honestas.

261 2162 337 2227 274.
355 2164 503 2227 Iamvero
526 2168 594 2228 tum
611 2164 867 2228 poenitentiario
885 2169 953 2228 tum
976 2166 1073 2228 etiam
1089 2166 1222 2229 Dataria
1245 2166 1352 2229 huius·

171 2288 256 2354 modi
291 2288 545 2374 dispensationes
580 2287 762 2352 concedere
792 2288 898 2354 solent
933 2290 1140 2373 exequendas
1169 2291 1207 2356 ia
1235 2290 1352 2373 famma

171 2414 304 2495 miata5
334 2412 390 2477 sed
421 2409 592 2495 aliquando
623 2412 664 2477 in.
686 2410 803 2493 forma
834 2412 1026 2478 adamussim
1058 2415 1220 2496 gratiosa,
1249 2416 1351 2481 veluti

172 2538 379 2623 quandoque
405 2539 438 2603 in
469 2537 688 2603 sanationibus
719 2538 756 2601 ia
785 2538 913 2605 radice.
939 2540 1053 2604 Gratia
1078 2558 1158 2603 vero
1186 2537 1351 2623 dispensa-

171 2660 268 2724 tionis
298 2664 347 2725 esi
377 2660 439 2724 iam
468 2659 562 2742 sacia
592 2679 688 2743 quum
720 2660 892 2746 expeditur
914 2660 949 2724 in
973 2660 1079 2724 forma
1107 2660 1262 2747 qratiosa
1293 2681 1351 2725 seu

171 2782 292 2857 misula,
318 2787 367 2847 est
387 2782 548 2864 facienda
571 2786 603 2847 in
627 2783 734 2847 forma
756 2783 1000 2856 commissoris,
1017 2802 1100 2866 quae
1123 2782 1219 2847 hodie
1242 2787 1352 2847 tamen

172 2909 207 2973 in
229 2908 410 2974 huiusmodi
434 2910 572 2994 negotiis
594 2907 741 2973 adhiberi
765 2929 843 2973 raro
867 2910 1032 2994 contingit.

264 3030 480 3106 Quamobrem
505 3052 546 3096 ex
569 3032 675 3097 forma
697 3032 851 3118 gratiosa
865 3039 930 3096 'seu
952 3031 1064 3097 mimia
1087 3036 1281 3099 executores
1298 3051 1351 3095 re-

173 3157 366 3242 scriptorum
383 3163 457 3222 sunt
474 3156 619 3240 equidem
636 3158 821 3225 necessarii.
836 3156 890 3221 sed
908 3157 1037 3221 insimul
1054 3155 1164 3222 sedulo
1180 3157 1350 3222 intendere

173 3275 292 3341 debent
313 3278 346 3341 in
369 3276 578 3379 observandis
601 3277 753 3343 clausulis
776 3276 842 3342 sub·
858 3276 971 3360 quibus
994 3278 1071 3363 ipsis
1087 3276 1280 3342 demandata
1301 3282 1351 3344 est

174 3400 332 3467 executio.
352 3436 397 3447 -
421 3402 489 3464 Iam
512 3420 592 3464 vero
616 3400 720 3483 quoad
743 3400 916 3467 clausulas
938 3420 995 3465 seu
1019 3400 1228 3467 conditiones
1250 3401 1352 3466 inseri

173 3524 291 3597 solitas,
317 3524 489 3610 diligenter
512 3524 742 3610 dispiciendum
767 3530 817 3590 est
840 3546 997 3609 quaenam
1014 3546 1056 3590 ex
1071 3525 1123 3591 his
1145 3546 1257 3591 veram
1273 3546 1351 3592 con-

262 3774 301 3842 (l)
322 3774 495 3845 Proindaquo
515 3779 557 3828 est
576 3774 689 3828 omnino
707 3776 851 3828 abstracta
868 3779 898 3829 et
916 3774 1075 3831 academica
1098 3775 1225 3846 quaestio
1243 3775 1352 3843 agitata

174 3881 332 3937 aSanobez
354 3884 396 3936 Da
414 3884 482 3938 Mat.
509 3884 586 3950 VIII,
604 3885 654 3949 23,
673 3901 700 3939 a.
723 3884 752 3947 7,
779 3883 827 3954 qui
853 3884 973 3938 affirmat
997 3884 1093 3939 ualere
1117 3884 1352 3954 dispensationem

173 3992 257 4042 antea
275 4005 433 4043 concessam
452 4006 469 4042 a
489 3988 711 4043 poenitentia-ia
728 4005 815 4059 saper
829 3990 951 4056 occulta
971 3988 1153 4055 D'Annibale‚
1167 3988 1224 4056 III,
1236 4008 1263 4043 a,
1277 3990 1352 4058 348,

174 4104 227 4149 aot.
241 4094 283 4147 23
301 4095 350 4161 ait,
371 4095 525 4149 consultius
544 4112 604 4150 esse
623 4094 743 4166 priorem
762 4097 840 4167 sequi
859 4097 943 4163 viam,
955 4113 1005 4151 seu
1023 4096 1150 4151 adeundo
1168 4100 1252 4152 antea
1265 4097 1351 4152 Data-

173 4201 260 4268 riam3
279 4219 361 4273 quem
380 4204 505 4274 sequitur
524 4204 663 4274 Gasparri‚
683 4206 725 4259 De
744 4207 813 4259 Mat.
834 4205 857 4270 I,
877 4206 943 4259 327
950 4222 957 4272 3
976 4204 1114 4274 Giovane,
1134 4206 1173 4273 II,
1192 4208 1205 4272 t
1225 4208 1254 4273 5,
1273 4223 1300 4259 a.
1320 4207 1353 4261 11

173 4313 260 4379 negat
278 4308 373 4365 valore
392 4310 625 4379 dispensationem
644 4310 668 4364 si
686 4314 771 4366 antea
789 4310 905 4366 adeatur
924 4310 950 4365 S.
971 4310 1197 4367 Poenitentiaria.
1212 4310 1265 4367 Sed
1282 4310 1350 4366 baec

173 4416 230 4472 sint
249 4416 282 4471 ad
301 4416 485 4472 eruditionem
504 4418 587 4473 dicta.
