3292 5109
316 274 380 341 134
843 294 928 345 rans
951 295 989 343 ιι.

315 414 477 483 Gamerae
493 416 700 503 Apostolicae
716 417 832 499 debita,
851 417 1038 505 praedictae
1054 419 1347 506 congregationi...
1364 422 1496 490 realiter

313 544 347 605 et
379 560 453 605 cum
487 538 604 607 effectu
635 541 826 626 persolvere
847 546 1021 607 teneantur
1041 564 1074 607 ›.
1097 541 1194 611 Haec
1215 543 1297 609 iura
1318 546 1496 611 consistunt

313 664 348 730 in
374 665 533 733 solutione
556 668 805 755 quingentorum
829 667 1019 735 ducatorum
1042 670 1114 734 auri
1137 668 1177 735 de
1200 668 1348 736 (temera.

405 788 584 855 Praeterea
607 790 704 855 huius
727 790 759 857 S.
784 790 884 877 Cong.
910 792 1038 857 aerario
1060 791 1148 857 aliud
1170 792 1308 858 accessit
1336 790 1496 857 redituum

313 929 417 995 genus
445 912 504 977 sub
527 910 586 979 Pio
611 914 689 987 Vll,
715 916 778 999 qui,
796 915 830 978 in
853 913 961 982 Const.
988 915 1180 982 Catholicae
1200 916 1300 981 Fidei
1318 934 1496 1001 propaga-

314 1034 415 1112 tioai,
441 1056 554 1103 omnes
584 1038 774 1122 spoliorum
804 1044 983 1125 proventus
1006 1037 1163 1105 Gamerae
1186 1040 1393 1127 Apostolicae
1423 1061 1495 1126 spe-

314 1164 457 1236 ctantes,
486 1163 622 1249 posthac
644 1162 791 1229 attribuit
814 1164 1064 1250 congregationi
1087 1164 1138 1230 De
1159 1163 1266 1248 Prop.
1289 1164 1329 1229 F.
1355 1198 1374 1213 -
1399 1164 1498 1231 Cuius

313 1290 580 1375 praescriptionis
598 1292 725 1356 occasio
751 1296 848 1357 enata
870 1295 986 1356 estex
1007 1290 1262 1372 necessitatibus,
1285 1292 1318 1355 in
1342 1310 1424 1375 quas
1446 1294 1495 1355 in-

314 1412 392 1480 cidit
409 1413 508 1481 Sedes
524 1415 712 1501 Aposlolica
727 1416 917 1482 incumbens
932 1418 965 1481 in
981 1416 1199 1483 defensionem
1217 1437 1295 1483 suae
1308 1417 1499 1502 temporalis

313 1536 445 1605 ditionis
468 1538 625 1605 aduersus
650 1546 857 1627 erumpentes
880 1542 1044 1606 exercitus
1068 1541 1264 1627 Napolecnis
1284 1542 1298 1605 I
1322 1540 1383 1606 snb
1406 1542 1497 1606 initio

313 1661 412 1728 huius
429 1663 561 1730 saeculi.
578 1663 795 1739 Quamobrem
819 1665 917 1729 etiam
939 1665 1103 1730 aerarium
1119 1663 1215 1730 huius
1229 1663 1501 1749 Congrmationis

313 1802 389 1849 suas
413 1783 524 1851 debuit
546 1786 751 1872 suppeditare
774 1806 852 1873 opes
867 1788 1027 1871 supremis
1042 1792 1076 1852 et
1089 1785 1314 1873 ingruentibus
1327 1786 1500 1852 Ecclesiae
1617 1840 1619 1845 .

312 1913 489 1995 aerumnis,
513 1910 628 1997 quibus
650 1912 775 1980 invicte
801 1915 964 1999 perpessis
987 1915 1089 2000 magis
1112 1933 1207 1998 quam
1233 1912 1385 1987 devictis,
1410 1913 1498 1978 haud

313 2034 464 2118 possibile
495 2035 557 2102 init
587 2033 736 2101 Pontifici
764 2036 823 2100 Pio
846 2037 913 2101 VII
942 2038 1103 2123 integram
1133 2038 1306 2103 restituere
1336 2037 1500 2123 pecuniae

313 2176 470 2222 summam
493 2165 603 2225 mutuo
627 2164 803 2245 acceptam.
821 2159 948 2225 Verum
966 2166 1001 2226 ut
1015 2158 1217 2226 indemnitati
1239 2161 1347 2246 aliqua
1370 2163 1501 2229 ratione

315 2286 574 2371 prospiceretur,
599 2284 702 2351 eidem
734 2286 897 2352 concessit
925 2291 1104 2371 proventus
1126 2286 1311 2373 spoliorum.
1344 2288 1500 2353 Nostrum

314 2428 379 2473 uon
405 2413 454 2475 est
476 2410 646 2495 explicare
676 2430 738 2494 quo
770 2410 864 2475 modo
897 2412 1134 2477 constituantur
1156 2410 1497 2497 spoliorum‘reditus,

314 2534 355 2599 de
379 2533 492 2619 quibus
515 2554 622 2600 sermo
639 2527 779 2601 habetur
795 2536 828 2600 in
844 2541 986 2601 tractatu
1008 2535 1059 2602 De
1081 2535 1190 2603 rabia.
1216 2536 1432 2602 Nihilominus
1457 2536 1500 2601 ad

314 2678 428 2724 eorum
444 2660 607 2726 notionem
625 2660 889 2733 adumbrandam
903 2663 991 2726 iuvat
1006 2660 1088 2727 baec
1104 2660 1233 2725 reterre
1246 2657 1350 2726 verba
1362 2660 1415 2724 Pii
1428 2660 1500 2726 VII
1617 2711 1618 2726 ,

313 2784 350 2847 in
374 2784 477 2851 citato
501 2792 621 2853 coast:
639 2807 656 2847 c
673 2786 992 2853 adnimadvertentes
1007 2786 1146 2851 tandem
1167 2786 1357 2869 spoliorum
1379 2774 1521 2851 iura...'
1617 2809 1619 2886 ὲ

309 2910 527 2991 potissimam
557 2911 726 2994 respicere
749 2911 801 2977 ael
823 2910 960 2993 fructas
991 2909 1230 2997 beneficiorum
1257 2910 1501 2979 ecclesiastico-

312 3056 394 3103 rum
417 3035 460 3101 de
483 3042 634 3119 tempore
656 3054 776 3102 eoram
798 3034 987 3101 uacationis
1006 3034 1059 3099 ael
1080 3032 1169 3100 bona
1186 3052 1420 3116 pesonarum
1442 3036 1503 3100 ael

313 3160 530 3249 regularium
554 3165 655 3226 eontra
678 3160 839 3233 claustra,
864 3164 924 3223 aut
946 3156 1261 3225 Ecclesiasticoram
1290 3165 1392 3224 eontra
1414 3160 1504 3227 resi·

314 3284 477 3359 dentiam,
502 3288 562 3349 aut
585 3282 712 3367 absque
736 3280 881 3349 testandi
902 3281 1066 3364 facultate
1087 3279 1354 3348 decedendum»
1380 3281 1437 3370 (l).
1499 3346 1502 3350 ,

404 3566 446 3639 (1)
464 3567 509 3620 lus
528 3565 679 3635 spoliorum
698 3564 807 3619 derivat
825 3582 859 3620 ex
878 3564 1023 3635 principio,
1041 3566 1116 3619 bona
1131 3563 1340 3630 beneficiorum,
1355 3566 1503 3634 superflua
1617 3533 1619 3596 ἶ

313 3669 499 3735 beneficiatis,
512 3668 654 3724 Ecclesiae
667 3672 696 3723 et
708 3668 876 3739 pauperibus
889 3668 1072 3738 impertienda
1089 3684 1164 3726 asse:
1183 3667 1255 3723 unde
1274 3667 1375 3723 eruditi
1393 3667 1503 3727 docent

313 3792 415 3831 nomen
428 3776 567 3831 derivasse
580 3794 614 3831 ex
627 3791 661 3831 eo
673 3776 739 3847 quia
759 3776 814 3839 iarn
833 3793 852 3830 a
870 3776 983 3830 saeculo
994 3774 1033 3830 v1
1049 3776 1079 3830 in
1098 3780 1190 3831 morte
1207 3774 1418 3845 Episcoporum,
1429 3776 1505 3833 Car·
1617 3794 1619 3799 ·

313 3879 461 3946 dinalinm,
473 3878 591 3935 aliorum
605 3880 836 3935 beneficiatorum
848 3883 879 3934 et
890 3879 977 3934 etiam
990 3878 1157 3938 Pontificum
1169 3878 1266 3933 clerici
1277 3882 1307 3934 et
1318 3876 1384 3933 laici
1397 3894 1501 3934 eorum
1617 3946 1619 3949 y

312 3984 413 4038 domus
424 3983 594 4039 invadebant
606 3982 714 4038 easdem
730 3983 925 4053 depraedatori
937 3999 986 4038 seu
997 3984 1159 4055 spoliatura·
1174 4000 1244 4055 quas
1261 3983 1297 4038 ad
1314 3984 1503 4054 praepedien-

313 4091 363 4145 das
382 4092 479 4145 turbas
497 4095 526 4146 el
543 4090 721 4161 direptiones,
737 4092 829 4162 spolia
845 4090 988 4161 Episcopis
1006 4092 1120 4146 fuerunt
1138 4094 1288 4156 reservata3
1301 4088 1372 4145 baec
1388 4096 1503 4159 autem,

314 4214 463 4269 progressu
481 4197 623 4269 temporis,
644 4200 793 4253 cesserunt
806 4197 870 4254 Sedi
895 4197 1074 4267 Apostolicee
1093 4202 1272 4268 posteaquam
1294 4197 1365 4252 haec
1385 4198 1501 4253 benefi-

313 4306 420 4361 ciorum
439 4304 604 4361 collationes
621 4306 674 4361 sibi
695 4306 861 4361 reservarit.
879 4302 922 4360 Cf.
936 4303 1111 4371 Thomassin,
1130 4306 1186 4360 Vct.
1200 4314 1227 4361 el
1238 4320 1300 4358 noo.
1314 4306 1382 4358 eccl
1395 4306 1500 4376 discip.

318 4414 394 4468 Tam.
414 4412 463 4467 ΙΙΙ
483 4415 501 4467 l.
526 4416 554 4468 2.
574 4431 597 4470 c.
624 4414 662 4467 51
687 4430 742 4485 seq.
768 4412 873 4480 Hodie,
891 4414 927 4467 ob
952 4411 1081 4481 vigentes
1105 4410 1183 4483 leges
1206 4411 1402 4478 concordatas,
1422 4413 1501 4483 apud
