3292 5109
432 288 475 333 ne
501 286 639 335 runicus
664 286 929 336 eccnesrasrrcrs
1226 272 1270 337 93

103 412 147 495 qui
168 412 228 476 etsi
254 411 343 476 nullo
367 413 550 497 potirentur
565 410 692 497 publico
716 433 862 486 munere.
880 420 988 481 amen
1011 416 1044 481 in
1065 435 1104 481 eo
1126 435 1204 481 casu
1227 417 1271 479 iu·

102 534 169 599 dic's
191 534 334 621 delegati
358 534 462 601 officio
487 536 715 623 fungebantur.

177 659 234 726 92.
262 660 339 725 Pius
355 660 420 725 Vll
438 666 508 747 post
534 664 716 728 restitutum
740 664 957 748 principatum
972 664 1111 737 civilem,
1128 663 1271 730 funditus

102 788 212 851 curiam
234 789 419 853 instaurare
442 805 615 873 aggressus
631 793 680 853 est
695 792 727 852 et
742 788 775 853 in
791 807 850 855 suo
866 789 988 854 celebri
1011 794 1105 857 motu
1124 790 1271 874 proprio

102 946 114 957 ·
130 908 268 981 thndo
283 928 350 993 per
363 910 578 977 ammirabile
593 911 822 995 dispostzioae
838 948 852 961 ·
873 913 942 979 diei
958 913 982 979 6
996 912 1079 979 Iulii
1093 912 1178 979 1816
1196 914 1270 978 tun-

103 1032 243 1099 demente
267 1034 351 1113 iecit,
365 1033 479 1117 quibus
503 1053 556 1099 res
580 1032 707 1119 publica
732 1036 764 1099 iu
789 1040 856 1100 toto
876 1034 968 1102 Statu
992 1033 1163 1101 Pontificio
1186 1055 1273 1100 nova

103 1158 295 1223 ordinatione
325 1158 646 1245 componeretur-(1).
672 1160 776 1225 Huius
799 1160 944 1247 vestigiis
969 1160 1087 1228 institit
1111 1178 1270 1243 quamma-

105 1286 179 1351 xime
211 1286 391 1371 Gregorius
413 1284 507 1357 XVI,
528 1284 581 1369 qui
613 1286 645 1349 in
676 1285 749 1351 cotl.
780 1286 834 1351 cit.
866 1306 925 1370 pro
956 1288 1094 1371 negotiis
1124 1285 1272 1352 civilibus

105 1410 173 1477 haec
196 1412 405 1477 conservarit
427 1412 538 1475 curiae
561 1410 753 1486 tribunalia;
777 1431 911 1499 nempe:

230 1534 262 1619 l)
284 1535 424 1600 tribunal
450 1535 643 1621 Signaturae
666 1536 829 1612 Iustitiae;

228 1658 262 1741 2)
287 1656 429 1723 tribunal
452 1658 483 1725 S.
510 1659 627 1735 Rotae;

228 1786 261 1873 3)
286 1790 319 1849 et
341 1785 485 1850 Revrirae
509 1785 663 1851 Gamerae
690 1785 911 1868 apostolicam

229 1911 261 1996 4)
285 1910 428 1976 tribunal
443 1908 616 1975 eluditoris
639 1908 813 1983 Gamerae;

229 2033 262 2122 5)
285 2032 427 2100 tribunal
451 2032 617 2099 Senatoris
641 2032 763 2097 Rornae
787 2050 845 2096 seu
868 2031 1034 2117 Capitolii;

228 2158 260 2243 6)
284 2157 425 2223 tribunal
449 2156 650 2223 Commercii.

189 2285 308 2350 Causae
338 2282 524 2347 criminales
554 2288 655 2347 status
679 2282 900 2347 Ecclesiastlci
929 2287 1116 2347 reservatae
1140 2282 1273 2348 fuerunt

108 2407 141 2471 io
162 2408 268 2493 gradu
290 2405 530 2490 appellationis
553 2404 805 2491 congregationi
833 2402 1030 2487 Consultae,·
1052 2410 1086 2471 et
1100 2406 1138 2470 ia
1153 2407 1273 2489 prima

109 2532 257 2599 aeremia
281 2553 340 2618 pro
366 2532 451 2597 Urbe
478 2532 582 2596 Roma
616 2531 808 2595 cumulative
840 2535 896 2597 aut
929 2529 1084 2595 tribunali
1116 2531 1271 2599 Gubernii

110 2680 159 2725 seu
180 2660 409 2727 Gubernatoris
435 2657 529 2725 Urbis
563 2662 619 2722 aut
650 2655 804 2722 tribunall
837 2654 1001 2723 Auditoris
1034 2656 1190 2722 Gamerae
1218 2664 1274 2723 aut

110 2783 247 2851 tribunali
271 2783 417 2868 Capitolii
441 2786 497 2847 aut
520 2780 699 2844 Vicariatui
725 2780 835 2864 quiin
859 2779 996 2844 clericos
1026 2800 1116 2844 suam
1143 2800 1272 2865 compe·

112 2908 227 2971 tentiam
249 2908 378 2990 integre
402 2904 543 2971 retinuit.

187 3033 223 3098 ln
245 3052 331 3097 nova
353 3031 556 3097 ordinatione
573 3030 680 3097 Status
704 3030 807 3095 civilis
823 3028 1044 3095 Ecclesiastici
1060 3028 1123 3093 duo
1139 3048 1271 3113 congre·

118 3156 241 3239 gatioues
256 3177 299 3221 ex
315 3154 538 3221 Gardinalibus
558 3154 777 3219 coalescentes
792 3154 899 3219 locum
915 3152 1100 3218 habuerunt
1114 3152 1207 3217 novis
1229 3153 1273 3217 le·

118 3280 193 3363 gibus
214 3282 412 3345 constitutae.
431 3314 448 3326 -
468 3278 592 3348 Altera,
613 3297 728 3363 nempe
745 3278 960 3362 Congregatio
976 3278 1065 3342 Boni
1083 3276 1272 3362 regiminis,

118 3404 169 3467 iam
182 3404 301 3489 saepius
324 3408 511 3475 memorata,
529 3400 676 3466 ordinata
693 3400 754 3466 luit
768 3398 809 3463 ad
826 3400 1026 3485 expedienda
1046 3400 1177 3485 negotia
1199 3420 1273 3464 con·

119 3528 236 3593 tentiosa
264 3526 386 3592 ordinis
416 3524 672 3599 administraturi,
700 3525 732 3588 in
759 3523 864 3609 gradu
890 3524 1115 3609 appellationis
1137 3523 1177 3588 ab
1201 3525 1273 3589 aliis

121 3652 400 3739 mugregationibus
423 3652 456 3727 in
473 3650 648 3736 provinciis
664 3650 771 3715 Status
787 3650 977 3719 constitutis.
991 3653 1027 3714 ut
1043 3648 1223 3714 iudicarent
1239 3651 1272 3713 in

120 3775 205 3857 prima
225 3783 279 3843 aut
300 3775 449 3841 ulteriori
472 3773 624 3840 instantia
647 3773 720 3837 lites
744 3774 776 3837 in
802 3772 899 3837 rebus
929 3771 1201 3846 administrativis,
1217 3792 1272 3839 re-

121 3900 269 3982 spicientes
299 3868 544 3967 communitates
571 3920 628 3965 seu
652 3898 825 3984 municipia
856 3898 1042 3984 oppidorum
1073 3898 1274 3982 aliarumque

193 4202 229 4275 (1)
247 4202 324 4257 Tunc
349 4202 470 4257 abolitus
488 4202 543 4257 suit
560 4202 588 4255 in
608 4202 781 4272 processibus
803 4198 995 4254 criminalibus
1014 4186 1226 4270 inperpetuum
1244 4205 1275 4255 et

123 4306 228 4364 absolute
252 4328 315 4365 usus
339 4310 532 4381 quaestionum
557 4325 606 4364 seu
631 4318 765 4363 torturae.
789 4304 905 4376 iuquam
929 4306 1071 4371 absolate,
1090 4306 1191 4377 quippe
1215 4305 1272 4358 iam

124 4418 191 4469 uta
205 4415 358 4473 huiusmodi
376 4434 436 4473 mos
454 4418 618 4473 interdictus
635 4418 735 4471 suerat.
