3292 5109
481 310 524 358 ns
548 310 687 360 ruorcns
711 310 977 359 accussmsrrcrs
1263 292 1331 360 215

140 430 248 513 gium.
285 465 302 478 -
340 430 591 517 Praeparatoria
623 432 762 501 habetur
793 434 827 498 in
865 434 990 501 Palatio
1019 432 1205 520 Apostolico
1237 436 1331 517 eique

140 558 370 624 interveniunt
392 564 425 624 et
447 557 635 625 Cardinales
659 564 691 625 et
715 559 943 637 consultorem
974 560 1031 625 sed
1062 559 1103 625 ab
1132 558 1184 625 his
1206 564 1330 624 tantum

139 685 259 747 votum
282 681 398 748 fertur.
425 718 442 731 -
467 684 602 749 Demum
626 684 790 771 generalis
812 685 954 751 habetur
976 706 1088 751 coram
1111 686 1142 752 S.
1171 684 1330 751 Pontifice

139 812 176 871 et
202 808 236 873 in
260 828 300 873 ea
322 806 509 895 suffragium
541 815 725 895 praestatur
752 810 857 896 primo
886 830 907 876 a
928 809 1190 905 consultoribus,
1214 810 1330 875 deinde

138 950 160 994 a
187 931 426 999 cardinalibus.

240 1058 312 1123 180.
339 1058 393 1123 Ius
408 1058 593 1146 liturgicum
615 1060 756 1125 maxime
773 1062 918 1126 consistit
933 1062 967 1125 in
981 1060 1195 1125 decisionibus
1209 1058 1250 1124 ab
1266 1058 1330 1124 hac
1345 1068 1348 1071 ’

139 1180 407 1268 congregatione
431 1182 525 1248 editis
540 1188 607 1249 tum
624 1182 664 1249 ad
683 1184 931 1270 interpretanda
953 1184 1143 1251 authentice
1160 1181 1330 1248 Pontificio

138 1305 297 1379 Decreta,
313 1312 381 1372 tum
404 1308 446 1373 ad
469 1328 569 1375 novas
592 1309 723 1395 regulas
747 1310 1000 1377 constituendas.
1025 1309 1240 1384 Quamobrem
1256 1329 1329 1375 con-

138 1431 321 1495 sultissimo
337 1434 511 1518 proposito,
529 1438 639 1499 nostra
655 1438 771 1507 aetate,
788 1434 852 1499 viri
866 1440 1069 1521 praestantes
1088 1435 1231 1499 animum
1246 1432 1330 1498 adie-

139 1558 274 1635 cerunt,
291 1559 327 1619 ut
350 1554 543 1641 colligerent
565 1556 598 1621 in
622 1576 721 1621 unum
745 1576 858 1623 omnes
876 1556 1055 1623 decisiones
1078 1557 1174 1623 huius
1190 1557 1289 1643 Cong.
1311 1590 1327 1604 ·

139 1680 322 1767 Superiore
353 1683 482 1747 saeculo
517 1683 636 1768 prodiit
663 1684 811 1750 Venetiis
841 1703 895 1749 an.
926 1684 1013 1749 1730
1042 1684 1130 1770 typis
1167 1681 1328 1749 Leonardi

140 1806 290 1871 Pithonii
316 1826 395 1892 opus
419 1808 623 1893 inscriptum:
651 1808 910 1875 Constitutiones
926 1808 1124 1893 Pontificiae
1146 1812 1177 1873 et
1199 1806 1328 1875 Rorna-

138 1950 275 1997 namm
296 1928 606 2018 Congregetionum
621 1932 814 2000 Dectsioncs
830 1934 878 1999 cd
893 1933 1018 2000 Samos
1029 1932 1127 1999 Ritus
1141 1937 1329 2017 spectantes

140 2058 266 2125 editum
287 2078 307 2123 a
326 2060 449 2126 Ioanne
466 2060 611 2157 Baptista
627 2059 779 2127 Pithonio
804 2059 980 2126 Sacerdote
994 2062 1133 2127 Veneto.
1159 2095 1178 2109 -
1202 2062 1241 2127 In
1264 2060 1328 2125 hoc

140 2204 246 2271 opere
262 2206 301 2250 ea
316 2185 456 2249 maxime
479 2186 697 2258 continentur,
715 2204 798 2268 quae
814 2191 890 2250 onte
904 2190 1011 2251 ortum
1028 2185 1060 2250 S.
1077 2185 1176 2271 Cong.
1195 2186 1327 2251 Rituum

141 2308 298 2393 evrrlgata
315 2306 464 2382 fuerant;
488 2306 544 2372 sed
568 2306 599 2371 id
623 2306 803 2373 curandum
828 2310 1003 2394 praecipue
1026 2312 1099 2373 erat
1121 2314 1156 2373 ut
1179 2308 1328 2373 collectio

141 2428 240 2496 tieret
252 2432 392 2495 omnium
405 2430 627 2504 Decretorum‚
641 2449 723 2515 quae
736 2430 776 2495 ab
789 2432 853 2495 hac
866 2430 964 2517 Oong.
978 2430 1167 2517 prodierant
1182 2449 1327 2514 quaeque

141 2552 331 2617 authentice
348 2553 381 2617 in
397 2553 463 2617 suis
479 2532 615 2637 regestis
632 2552 796 2637 exscripta
820 2558 924 2620 erant.
951 2554 990 2617 ln
1005 2553 1068 2617 hoc
1084 2574 1163 2640 opus
1185 2553 1327 2617 animum

142 2674 283 2739 intendit
306 2674 525 2742 Gardellinius
549 2674 644 2740 huius
659 2675 930 2762 congregationis
946 2675 1105 2741 Adsessor
1121 2673 1167 2761 (1)
1192 2694 1328 2772 θιιοιειιε

142 2798 318 2865 editionem
335 2799 540 2866 collectionis
556 2820 585 2864 a.
602 2800 698 2865 1807.
714 2800 805 2866 Haec
821 2802 967 2867 continet
981 2800 1115 2865 decreta
1129 2798 1169 2865 ab
1185 2820 1213 2863 a.
1230 2799 1325 2873 1602,
1366 2816 1368 2819 ·

141 2943 205 3006 quo
229 2924 369 3009 primum
400 2924 432 2987 ln
465 2922 660 2989 authenticis
691 2924 808 2990 tabulis
842 2945 882 2989 ea
912 2923 1054 2990 exscribi
1082 2930 1230 3009 caeptum
1253 2923 1325 2988 fuit.

141 3050 240 3113 Anno
266 3048 353 3114 1818
376 3069 435 3113 sex
459 3048 634 3115 Volumina
657 3048 859 3135 prodierant,
884 3049 998 3134 quibus
1025 3048 1216 3116 referuntur
1238 3050 1327 3115 deci-

142 3174 251 3239 siones
266 3172 370 3239 editae
393 3194 494 3258 usque
510 3172 551 3239 ad
567 3194 685 3239 annum
704 3174 800 3240 1819.
828 3210 847 3223 -
872 3175 976 3240 Huius
999 3174 1199 3240 collectionis
1222 3175 1327 3241 altera

142 3298 242 3364 editio
266 3303 426 3363 exornata
449 3298 510 3363 tuit
532 3297 572 3363 ab
597 3298 709 3363 eodem
734 3298 1094 3372 Gardellinioa.18‘27‚
1119 3300 1254 3384 septimo
1269 3297 1326 3363 ad-

142 3424 208 3489 dito
224 3424 388 3494 volumine
403 3424 445 3489 ad
460 3425 641 3511 evulganda
665 3443 747 3509 quae
770 3425 904 3490 decreta
926 3422 1058 3490 fuerant
1075 3426 1108 3489 in
1125 3426 1326 3510 superiorem

141 3568 262 3613 annum
281 3546 384 3623 182&
410 3568 552 3614 necnon
568 3549 724 3634 quaedam
741 3568 908 3635 responsa,
926 3567 1008 3633 quae
1023 3547 1063 3612 ab
1079 3568 1164 3613 anno
1183 3549 1269 3616 1558
1285 3548 1326 3614 ad

141 3691 263 3737 annum
283 3670 368 3737 1599
384 3690 403 3733 a
420 3670 575 3736 Romanis
592 3669 801 3737 Pontificibus
816 3671 880 3736 hac
896 3670 936 3736 de
952 3691 989 3735 re
1006 3671 1131 3737 reddita
1146 3672 1287 3738 fuerant.
1305 3708 1323 3721 ·

141 3788 407 3857 Gardellinianae
438 3788 626 3857 Collectioni
657 3797 807 3860 octavum
838 3793 988 3857 volumen
1024 3792 1142 3859 adiecit
1175 3812 1204 3858 a.
1227 3793 1326 3882 ,1849

232 4000 271 4069 (1)
292 4000 387 4071 Usque
400 4001 434 4055 ad
448 4004 570 4057 aetatem
583 4000 748 4058 Gardellinii
767 4004 892 4059 officium
906 4004 983 4059 Fidei
1002 4005 1247 4060 Sub-Promotoris
1265 4010 1328 4060 erat

141 4106 292 4162 amoribile
310 4109 348 4161 ad
365 4118 479 4169 nutum:
505 4106 561 4163 Leo
581 4108 642 4175 xll,
661 4115 693 4164 ut
718 4112 791 4164 tanti
811 4110 871 4165 Viri
896 4114 1049 4167 memoriae
1069 4112 1130 4168 laus
1155 4114 1327 4169 tribueretur

141 4218 284 4282 perpetua,
299 4212 380 4268 illum
393 4214 420 4268 S.
435 4214 550 4269 Rituum
563 4214 593 4268 0.
607 4216 786 4271 Adsessorem
805 4220 961 4288 constituit,
976 4220 1087 4276 adiecto
1106 4238 1221 4276 munere
1234 4221 1324 4275 Fidei·

141 4321 381 4391 Subpromotoris‚
400 4328 484 4393 atque
503 4324 598 4389 iussit,
621 4324 738 4393 posthac
760 4324 814 4381 hoc
833 4327 959 4381 officium
984 4326 1081 4384 baberi
1106 4328 1276 4382 ordinarium
1297 4332 1326 4382 et

141 4428 257 4493 stabile;
277 4434 307 4483 et
326 4428 408 4483 hodie
427 4430 468 4483 ita
486 4430 669 4485 constitutum
689 4416 742 4486 est*
