3292 5109
347 286 413 353 470
810 303 1016 353 nnuaonruu
1042 302 1061 351 1.

346 444 428 481 unam
438 427 615 497 explicatam,
624 427 709 481 aliam
722 425 895 497 implicitam.
907 425 1046 495 Explicite
1056 440 1138 495 porro
1151 430 1261 479 scumta
1275 426 1375 495 viginti
1391 425 1524 479 ecclesiae

344 534 547 603 designaverat.
566 535 691 588 lamvoro
709 534 732 587 si
751 534 791 587 rei
810 532 968 588 substantia
987 532 1109 601 penitius
1128 532 1307 601 inspiciatur,
1331 531 1524 587 schedularum

345 641 457 695 illarum
479 641 593 695 traditio
616 641 739 696 valorem
758 640 868 710 quidem
895 638 1062 694 nominalem
1086 644 1258 693 scutatorum
1281 640 1383 708 viginti
1414 655 1482 708 prae
1500 656 1526 693 se

343 752 460 817 ferebat,
478 751 592 804 minime
611 766 678 804 vero
697 748 815 804 realem:
829 750 851 802 si
865 750 939 803 enim
953 748 1086 803 haeredes
1105 764 1153 803 eas
1171 747 1319 802 schedulas
1336 748 1426 803 venui
1447 763 1528 816 expo·

344 862 451 923 nerent,
470 872 552 911 nemo
572 858 695 925 prolecto
714 873 761 911 eas
780 872 830 927 pro
848 856 1032 925 respondente
1051 872 1159 909 summa
1178 858 1353 909 scutatorum
1366 854 1475 925 viginti
1490 872 1528 908 re-

343 964 417 1017 ditus
435 964 464 1017 in
483 965 601 1033 pecunia
626 968 772 1017 numerata
796 962 1006 1032 acceptavisset.
1027 962 1067 1017 Ut
1092 964 1180 1032 igitur
1200 962 1233 1015 ad
1259 962 1468 1033 aequalitatem
1487 978 1528 1015 res

344 1069 535 1135 adduceretur,
554 1067 626 1121 nihil
644 1067 720 1121 aliud
739 1069 767 1121 in
786 1074 914 1137 promptu
934 1073 1002 1135 erat,
1022 1084 1106 1139 quam
1127 1072 1157 1121 ut
1176 1066 1310 1123 haeredes
1323 1072 1366 1121 tot
1379 1065 1527 1121 schedulas

345 1178 500 1245 traderent,
519 1182 601 1249 quot,
626 1175 724 1233 habita
744 1178 853 1232 ratione
871 1176 974 1233 valoris
993 1177 1077 1232 realis
1096 1182 1207 1233 scutata
1225 1178 1416 1249 quadraginta
1438 1175 1527 1245 reipsa

344 1288 540 1355 exaequarent.

431 1392 570 1462 lmplicite
588 1406 655 1446 vero
674 1392 792 1446 testator
810 1391 864 1446 hac
882 1393 991 1448 ratione
1004 1394 1114 1448 iuverat
1131 1392 1310 1463 legatarium,
1330 1395 1362 1443 ut
1381 1390 1429 1443 ius
1450 1402 1527 1457 prae·

343 1496 462 1566 cipiendi
486 1500 597 1550 scutata
619 1496 720 1564 viginti
744 1513 800 1551 non
823 1496 909 1553 alicui
935 1496 1117 1551 haereditatis
1141 1498 1229 1567 parti,
1251 1496 1298 1551 sed
1319 1496 1455 1549 universo
1474 1492 1525 1546 ami

309 1653 313 1660 .
342 1604 529 1659 haereditario
553 1604 698 1675 infigeret:
723 1604 788 1658 hinc
806 1610 863 1671 est,
882 1604 969 1675 quod,
988 1605 1011 1657 si
1030 1622 1094 1677 pars
1113 1602 1295 1659 baereditatis
1313 1604 1467 1668 deficeret,
1487 1602 1526 1654 ius

343 1712 473 1783 exigendi
497 1717 609 1767 scutata
632 1713 734 1781 viginti
757 1714 900 1783 perstabat
924 1713 954 1767 in
979 1712 1096 1784 reliquis
1121 1712 1304 1767 haereditatis
1330 1711 1471 1781 partibus.
1491 1708 1526 1761 nt

342 1822 452 1894 quando
464 1822 609 1878 schedulas
621 1822 732 1877 oblatas
743 1825 870 1877 canonici
884 1828 1084 1893 acceptassent,
1098 1824 1120 1877 si
1133 1826 1206 1877 torte
1219 1839 1391 1894 quacumque
1413 1821 1522 1876 demum

342 1928 376 1983 de
394 1944 478 1982 causa
496 1929 718 1983 imminutionem
737 1934 786 1983 aut
805 1929 941 1983 iacturam
961 1930 1076 1984 totalem
1096 1946 1146 1985 eae
1166 1934 1337 1998 paterentur,
1350 1928 1407 1981 iarn
1430 1935 1523 1981 actum

342 2041 416 2092 esset
434 2037 466 2092 de
485 2053 585 2092 causae
598 2037 660 2107 piae
674 2037 777 2107 legato,
790 2038 858 2107 quin
870 2036 959 2090 ullum
973 2038 1099 2092 subesset
1112 2037 1313 2091 imminutionis
1332 2034 1377 2089 vel
1396 2036 1522 2089 iacturae

341 2144 511 2213 reparandae
530 2144 689 2199 remedium.
709 2144 805 2215 Neque
823 2144 935 2199 diffiteri
949 2146 1095 2216 quisquam
1110 2146 1169 2198 iure
1183 2144 1293 2213 poterit,
1309 2158 1444 2212 magnum
1460 2141 1521 2193 huic

342 2252 499 2308 difficultati
518 2257 688 2308 momentum
708 2251 814 2318 inesse,
835 2252 925 2322 prouti
944 2253 1032 2305 fusius
1052 2252 1079 2305 iu
1099 2252 1252 2322 appendice
1271 2267 1334 2304 mon
1353 2251 1387 2303 ad
1409 2265 1519 2303 causam

342 2363 515 2426 praesentem
534 2359 658 2413 addenda
680 2374 794 2413 cernere
819 2358 881 2413 erit.
906 2358 1008 2412 Merito
1034 2358 1120 2427 igitur
1143 2356 1327 2411 concludebat
1351 2353 1520 2425 Capitulum,

342 2478 402 2516 sese
426 2462 540 2531 dixisse,
565 2463 638 2534 quod
662 2463 796 2517 haeredes
814 2479 863 2533 per
882 2479 943 2515 eam
963 2462 1156 2517 schedularum
1176 2462 1347 2516 oblationem
1372 2460 1520 2513 solvissent

341 2568 441 2634 minus,
460 2584 543 2639 quam
562 2586 579 2621 a
597 2573 732 2623 testatore
750 2569 816 2638 ipsis
835 2570 928 2623 suerat
947 2569 1115 2639 impositum.

429 2678 496 2731 Post
514 2678 582 2731 baec
602 2696 650 2749 per
663 2696 692 2733 se
706 2680 891 2733 evanescebat
905 2678 1004 2733 ultima
1017 2678 1145 2747 exceptio
1157 2694 1192 2733 ex
1205 2678 1332 2747 superius
1345 2675 1435 2729 allato
1455 2674 1519 2728 iuris

340 2783 481 2839 axiomata
499 2785 657 2855 desumpta:
676 2787 700 2839 si
719 2786 793 2841 enirn
812 2787 964 2855 praestatio
983 2802 1132 2840 cousensus
1153 2800 1202 2854 pro
1220 2784 1339 2839 dolenda
1360 2782 1517 2855 hypotheca

341 2886 508 2945 haereditati
527 2891 666 2961 proderat,
685 2890 823 2960 legatario
836 2906 891 2945 nou
904 2890 993 2945 solum
1006 2893 1112 2957 oberat,
1132 2890 1179 2945 sed
1199 2893 1227 2943 et
1246 2891 1274 2943 iu
1293 2890 1445 2943 discrimen
1462 2902 1515 2941 rem

340 3014 419 3053 suam
438 2997 614 3064 coniiciebat,
633 2996 721 3052 veluti
739 3014 774 3052 ex
792 2996 845 3063 his,
864 3006 935 3067 quae
955 2998 1103 3067 posuimus,
1124 2995 1342 3073 lucelentissime
1366 2993 1516 3063 colligitur.

429 3106 678 3163 Animadvertebat
702 3112 827 3163 extremo
852 3106 914 3161 loco
939 3107 1113 3177 Capitulum,
1133 3106 1205 3159 haud
1226 3120 1305 3174 posse
1324 3121 1354 3159 se
1373 3102 1517 3158 schedulas

340 3214 464 3284 recipere
483 3217 587 3286 absque
607 3216 775 3270 auctoritate
791 3214 816 3268 S.
832 3214 877 3281 C.;
897 3232 960 3267 nam
980 3214 1172 3268 schedularum
1193 3213 1278 3268 debiti
1298 3211 1402 3282 publici
1423 3208 1516 3282 acqui·

339 3323 406 3376 sitio
424 3339 479 3376 nou
498 3328 541 3376 est
559 3340 655 3377 rerum
674 3323 911 3389 investimentum,
926 3328 956 3375 ut
969 3322 1130 3392 quotidiana
1149 3322 1230 3377 docet
1249 3322 1432 3390 experientia,
1448 3336 1516 3393 quae
1607 3348 1608 3363 .

339 3433 395 3485 fert
413 3431 442 3484 iu
460 3429 616 3484 huiusmodi
642 3431 767 3497 casibus,
791 3435 823 3483 ut
848 3432 883 3483 ab
904 3429 1064 3499 Apostolica
1089 3429 1159 3484 Sede
1185 3430 1390 3499 beneplacitum
1416 3428 1515 3500 passim
1607 3424 1608 3501 l

340 3537 545 3607 imploraretur.
564 3537 636 3599 Quin
661 3538 717 3591 imo
741 3554 804 3591 cum
829 3542 930 3607 agatur
949 3538 981 3591 de
1001 3536 1096 3607 legato
1121 3538 1286 3604 Missurum,
1311 3554 1401 3608 neque
1419 3554 1514 3593 census

339 3648 488 3717 impositio,
507 3664 578 3718 quae
597 3646 720 3715 alioquin
741 3647 937 3702 investimento
957 3646 984 3699 in
1004 3646 1096 3700 fundis
1115 3645 1263 3699 stabilibus
1281 3644 1450 3716 aequivalet,
1464 3643 1515 3697 sni·

337 3756 480 3822 fragatur,
504 3754 595 3823 prouti
623 3753 728 3823 pluries
753 3754 779 3807 S.
799 3754 831 3807 0.
852 3752 881 3808 C.
903 3754 1077 3823 apertissime
1103 3753 1269 3819 declaravit,
1290 3758 1319 3807 et
1338 3768 1470 3822 expresse
1487 3752 1514 3803 iu

339 3862 431 3932 aurp
450 3862 476 3913 a.
491 3862 624 3915 nomnen·
635 3862 677 3913 30
689 3830 799 3931 aperus
813 3861 894 3915 1729
906 3880 939 3915 00
952 3862 1089 3915 aermnae
1106 3862 1187 3916 oter.
1202 3859 1512 3915 Miss.231an.176-t.

345 3966 411 4020 Vide
430 3969 514 4019 etium
532 3966 649 4019 Feruor.
669 3967 755 4020 verbo
773 3968 878 4021 Missae
897 3968 1066 4036 sucrificium
1085 3978 1137 4021 ort.
1157 3968 1185 4034 2,
1205 3984 1231 4019 n.
1250 3966 1299 4019 24.

425 4071 451 4122 4.
471 4070 538 4123 Post
556 4068 625 4124 baec
644 4088 762 4141 sequens
781 4074 988 4141 proponebatur
1006 4072 1134 4126 dubium:

425 4193 443 4230 c
456 4180 501 4232 Aa
521 4188 547 4233 et
565 4183 700 4248 quomodo
729 4180 813 4236 SSriw
839 4182 1057 4251 supplicandum
1076 4183 1110 4235 sit
1129 4197 1185 4251 pro
1204 4184 1297 4251 pratia
1315 4182 1468 4251 iuqilorotu
1486 4180 1511 4231 ia

337 4286 483 4342 comat»

426 4394 489 4448 Emi
516 4394 613 4449 Patres
631 4394 661 4449 in
679 4394 806 4464 plenario
831 4400 969 4450 conventu
996 4394 1025 4450 S.
1044 4396 1145 4465 Congr.
1172 4396 1298 4465 Episcop.
1326 4399 1356 4451 et
1382 4394 1509 4465 Regular.
