3292 5109
286 232 331 299 30
807 256 893 304 raas
918 256 955 302 11.

285 376 372 443 dices
387 374 578 443 ordinantur
592 378 626 442 in
643 376 796 445 sectione
810 378 868 452 IX,
887 379 982 445 Part.
997 380 1040 446 ll
1049 380 1098 445 De
1113 378 1279 445 tribunali
1295 378 1468 463 Supremo

286 499 503 587 Siqaaturae,
528 501 611 567 haec
632 500 854 569 decernuntur
876 502 917 568 ad
941 509 1005 570 art.
1031 502 1124 569 338.-
1143 503 1331 568 ‹Tribunal
1355 522 1470 588 supre-

286 646 371 690 mum
389 626 581 711 Signaturae
597 628 763 711 cognoscit
778 633 810 691 et
826 625 955 708 iudicat,
972 627 1102 691 nomine
1117 631 1151 692 et
1165 628 1237 691 vice
1254 627 1369 691 summi
1389 627 1471 690 Pon·

285 744 395 813 tiliois:
415 743 448 811 l⁰
463 748 633 833 petitiones
649 747 688 813 de
705 750 897 814 rescissione
921 753 977 813 aut
997 748 1301 833 circumscriptione
1318 746 1364 834 (2)
1379 753 1470 814 acto-

287 890 358 934 rum
374 868 570 935 iudicialium
586 874 619 935 et
633 872 885 946 sententiarum;
909 866 945 935 2⁰
969 873 1174 955 quaestiones
1190 870 1230 936 de
1250 873 1471 955 competentia

287 994 372 1058 iuter
394 992 517 1059 iudices
545 1000 579 1061 et
607 993 799 1071 tribunalia;
836 990 871 1060 3ο
894 996 1098 1078 quaestiones
1135 996 1225 1061 circa
1258 996 1411 1061 unionem
1437 1000 1470 1063 et

288 1134 458 1182 causarum
473 1119 714 1194 avocationem;
732 1114 766 1182 4⁰
782 1120 985 1202 quaestiones
1001 1125 1238 1188 concernentes
1254 1119 1395 1184 iudicum
1412 1136 1468 1183 re-

287 1246 486 1310 cusationem
500 1244 540 1309 ob
556 1246 733 1331 legitimam
757 1247 987 1331 suspicionem;
1011 1243 1046 1312 5⁰
1063 1248 1233 1332 petitiones
1251 1245 1291 1311 de
1308 1265 1395 1311 nova
1410 1266 1469 1331 ap·

287 1366 462 1451 pellatione
474 1367 569 1452 plene
586 1366 770 1434 devolutiva
785 1367 826 1433 ad
842 1363 993 1435 effectum
1008 1369 1221 1435 restitutionis
1237 1370 1271 1460 iu
1294 1370 1469 1454 integrum,

289 1490 335 1553 uti
358 1489 399 1553 ad
422 1492 486 1554 art.
511 1487 618 1555 373»
638 1489 693 1574 (3).
723 1489 835 1565 Quoad
866 1490 1041 1555 tribunalia
1067 1490 1208 1555 obnoxia
1235 1492 1471 1576 competentiae

290 1612 483 1699 Signaturae
507 1613 650 1697 Iustitiae
666 1618 730 1677 art.
749 1612 823 1679 336
845 1616 1012 1679 statuitur:
1032 1614 1260 1681 <dediceret
1283 1614 1473 1682 tribunalia

288 1740 412 1811 status,
435 1754 507 1803 non
529 1736 676 1803 ecclesis
699 1735 733 1802 S.
758 1736 847 1803 Rota
870 1742 902 1802 et
923 1736 1088 1803 mibanati
1113 1738 1208 1803 Cam.
1232 1737 1361 1821 Apost,
1392 1737 1472 1804 sub·

289 1858 421 1925 duntur
441 1876 602 1941 supremo
626 1857 788 1925 tribunali
812 1858 1021 1944 Sipmaturae
1038 1882 1068 1923 s.
1095 1860 1187 1925 Haec
1210 1859 1316 1944 quoad
1338 1861 1472 1946 negotia

291 1980 409 2046 civilia
1346 1987 1351 2000 ’

379 2100 515 2186 Negotia
537 2104 645 2166 autem
668 2101 890 2167 ecclesiastica
904 2071 991 2186 quod
1004 2107 1138 2187 spectat,
1155 2123 1176 2167 a
1196 2105 1411 2189 competentia
1427 2103 1473 2170 Si-

240 2284 242 2289 .
288 2230 457 2310 gnaturae,
481 2244 540 2309 per
563 2226 676 2290 citatos
696 2226 852 2291 articulos
875 2226 1033 2300 ordinata
1051 2228 1260 2312 excipiuntur
1274 2229 1306 2295 S.
1324 2228 1470 2314 (tongre-

289 2350 434 2433 gatioues
452 2348 633 2424 Romanae;
658 2351 704 2417 ait
726 2356 791 2414 art.
809 2348 899 2416 385:
925 2369 943 2413 ‹
961 2350 992 2415 S.
1011 2350 1289 2436 Congregationes
1310 2370 1376 2416 non
1396 2355 1473 2417 suut

293 2472 455 2539 subiectae
470 2472 547 2538 huic
562 2472 715 2537 tribunali
731 2492 762 2549 »;
782 2479 847 2539 art.
865 2472 938 2539 386
943 2493 955 2537 .·
972 2492 990 2536 ‹
1008 2473 1220 2547 Quaestioues
1236 2476 1473 2559 competentiae

292 2599 379 2669 inter
396 2600 513 2665 Sacras
529 2600 804 2686 Congregationes
822 2600 1071 2665 Ecclesiasticus
1087 2606 1144 2666 aut
1158 2603 1246 2669 inter
1261 2604 1346 2688 ipsas
1362 2609 1395 2671 et
1409 2604 1473 2668 alia

293 2722 466 2789 tribunalia
481 2721 677 2789 definientur
700 2744 799 2810 super
821 2724 957 2809 simplici
977 2726 1156 2790 memoriali
1172 2725 1352 2791 Gardinalis
1370 2728 1473 2792 Prae·

292 2848 369 2915 fecti
401 2849 596 2935 Signaturae
627 2870 699 2915 cum
723 2856 797 2915 voto
822 2849 1002 2915 consultivo
1033 2839 1261 2916 Praelatorum
1291 2851 1413 2917 Decani
1440 2856 1474 2917 et

293 2977 490 3043 sub-Decani
512 2976 692 3050 tribunalis,
716 2979 850 3063 praevia
874 2978 1032 3045 relatione
1055 2997 1152 3061 quam
1168 2977 1261 3045 Gard.
1282 2978 1474 3044 Praefectus

291 3104 392 3172 ‘faciet
414 3104 522 3171 SSriro.
540 3140 558 3153 -
576 3104 697 3169 Eadem
722 3106 850 3169 ratione
871 3105 1101 3171 examinantur
1124 3108 1157 3169 et
1172 3101 1370 3170 definiuntur
1388 3106 1473 3171 aliae

298 3405 403 3459 Sentiat
415 3406 446 3458 di
455 3404 558 3457 Nostro
571 3404 689 3473 Sipnore
701 3402 778 3473 Papa
789 3402 839 3456 Pto
850 3403 962 3456 Settimo
975 3402 1005 3455 in
1017 3404 1083 3456 data
1094 3402 1137 3454 22
1147 3403 1218 3456 Nou.
1228 3402 1306 3456 1817
1317 3418 1368 3457 suu
1381 3417 1475 3457 nuovo

295 3510 399 3565 Conicu
419 3526 448 3564 nr
467 3510 640 3564 Pnocunuaa
659 3507 768 3562 (limus.
783 3522 801 3566 a
818 3509 858 3561 At
875 3507 1010 3561 articulos
1029 3509 1181 3562 referemus
1200 3508 1288 3563 latine
1308 3508 1439 3563 redditos.
1459 3535 1475 3549 -

295 3618 377 3672 Prior
394 3616 480 3671 codex
500 3616 542 3669 Pii
556 3614 605 3667 Vll
624 3616 653 3669 iu
672 3613 797 3685 pluribus
815 3614 966 3683 derogatus
984 3615 1038 3667 fuit
1056 3632 1074 3667 a
1092 3614 1192 3669 Codice
1211 3614 1339 3685 Gregorii
1354 3614 1428 3668 xvi.
1442 3614 1474 3668 lu

295 3721 396 3776 Codice
421 3721 465 3774 Pii
488 3718 536 3773 Vll
561 3718 595 3774 de
619 3720 770 3789 Signatura
795 3718 921 3774 iustitiae
947 3718 1028 3788 plura
1052 3723 1081 3774 et
1104 3721 1212 3775 minute
1236 3719 1425 3775 decernuntur
1446 3721 1476 3775 in

297 3831 358 3885 Lib.
380 3829 425 3883 Vl.
907 3821 911 3833 “

385 3928 425 4007 (2)
444 3934 485 3988 Cf.
504 3935 561 3988 eol.
581 3933 605 4000 I,
623 3952 650 3986 n.
670 3932 745 3999 379,
765 3942 820 3987 not.
841 3934 864 3986 1.

386 4040 426 4113 (3)
446 4042 505 4095 Art.
525 4042 571 4095 cit.
594 4042 635 4094 ita
653 4056 683 4095 se
702 4039 803 4094 habet:
822 4052 840 4095 s<
860 4038 921 4094 Non
945 4040 1080 4110 competit
1105 4041 1256 4096 remedium
1281 4044 1475 4112 suspensivum

296 4150 427 4205 adversus
445 4166 504 4205 rem
521 4149 686 4213 iudicatam3
706 4152 806 4218 potest,
826 4146 861 4202 ad
884 4148 1013 4203 effectum
1032 4153 1144 4204 tantum
1168 4149 1369 4216 devolutivum,
1388 4151 1474 4206 etiam

295 4252 386 4323 quoad
405 4254 577 4309 taxationem
596 4270 787 4323 expensarum,
801 4252 953 4309 remedium
966 4254 1217 4309 extraordinarium
1231 4254 1344 4310 concedi
1358 4256 1475 4310 restitu-

299 4362 383 4417 tionis
401 4364 431 4418 in
450 4364 630 4434 integrum».
