3292 5109
287 293 356 359 502
741 311 948 360 eucnemon
972 311 1019 360 ιν.

291 441 319 486 et
340 434 493 486 consuetis:
510 432 677 486 mandantes
695 434 821 486 omnibus
833 434 871 486 ad
883 448 951 502 quos
963 442 1074 502 spectat,
1089 442 1121 486 ut
1138 434 1176 488 Te
1188 436 1219 488 in
1236 433 1322 487 talem
1335 448 1477 502 recopncs

288 547 376 604 scant,
390 537 505 607 Tibique
515 537 643 592 obediant
655 539 706 590 sub
717 538 815 606 poenis
827 541 944 592 arbitrio
956 548 1051 592 nostro
1065 539 1236 610 inflipendis.
1248 539 1360 593 Datum.
1373 549 1422 592 etc.
1433 567 1475 578 -

290 641 338 711 N„
353 644 507 714 Episcopus
519 644 555 698 N.
570 671 603 685 -
618 644 654 698 N.
668 645 857 700 cancellarius
870 661 894 702 tt.
913 646 948 700 Et
965 651 1085 717 pooatm
1103 646 1228 717 elgillum
1247 655 1380 703 consueto
1398 647 1474 701 Ioco.

845 892 917 948 VIII.

515 1087 650 1126 sossium
668 1083 879 1127 DEPIITATIONIS
898 1089 1089 1128 assemsum
1107 1088 1240 1128 sonsum.

378 1301 396 1340 s(
409 1287 456 1354 N„
470 1289 623 1358 Episcopus
636 1288 672 1342 N.
684 1317 722 1330 -
734 1290 854 1355 Dilecto,
867 1299 917 1342 etc.
931 1317 965 1330 -
979 1288 1107 1342 Probitas
1119 1299 1146 1343 et
1159 1289 1297 1344 idoneitas
1309 1298 1356 1343 tua
1368 1290 1476 1359 quibus

288 1398 365 1465 apuet
383 1395 443 1449 Nos
460 1397 516 1466 fido
536 1397 744 1450 commendaris
757 1397 922 1461 testimonio,
934 1395 993 1450 Nos
1012 1397 1147 1450 inducunt
1164 1405 1196 1450 ut
1210 1398 1307 1467 quibus
1318 1412 1473 1466 possumus

288 1503 435 1573 favoribus
453 1503 490 1557 Te
501 1503 624 1574 pretiose
634 1519 850 1574 prosequamur.
872 1504 1022 1573 sperantes
1038 1505 1128 1571 ipitur
1146 1521 1179 1557 ea
1198 1521 1270 1574 puae
1283 1506 1333 1558 tibi
1344 1507 1473 1558 commit·

289 1610 373 1663 tutela
391 1618 455 1662 sunt
472 1611 597 1680 fideliter
615 1620 829 1682 exequuturum,
844 1611 950 1664 idcirco
965 1613 1160 1680 praesentium
1180 1620 1275 1665 tenore
1299 1611 1337 1664 Te
1355 1613 1385 1664 in
1404 1629 1475 1663 can-

290 1715 442 1770 cellarium
460 1717 647 1786 episcopalem
659 1717 810 1770 reverendi
822 1716 930 1769 sicinini
942 1715 988 1781 N.‚
1006 1717 1107 1770 cicani
1123 1718 1214 1769 nostri
1226 1718 1339 1785 foranei
1354 1717 1410 1769 loci
1421 1715 1471 1782 N„

287 1841 322 1877 ac
340 1824 463 1876 cuiusvis
481 1824 601 1876 alterius
618 1840 671 1894 pro
691 1833 816 1894 tempore
835 1827 986 1887 existentis,
1000 1841 1062 1877 cum
1075 1825 1235 1889 honoricus,
1255 1825 1394 1888 oneribus,
1403 1828 1473 1893 pri·

288 1931 402 2000 vilepiIs
427 1939 453 1984 et
476 1933 698 2001 eaentptionilrus
721 1932 812 1985 solitis
837 1943 864 1986 et
888 1933 1039 1997 consuetis,
1064 1934 1245 1986 canestrum
1264 1931 1470 2001 beneplacitum

290 2037 482 2090 constituimus
501 2046 528 2090 et
547 2037 728 2106 deputamus;
753 2039 920 2090 maculantes
937 2037 975 2089 ad
994 2052 1061 2106 quos
1084 2047 1197 2107 spectat,
1215 2047 1245 2089 ut
1270 2037 1307 2090 Te
1327 2037 1357 2086 in
1381 2037 1475 2088 talem.

291 2145 411 2196 habeant
424 2152 449 2197 et
462 2153 667 2213 recopnoscant.
679 2143 713 2198 In
725 2161 852 2214 quorum,
866 2154 915 2198 etc.
932 2145 1043 2209 Datum,
1056 2154 1105 2198 etc.
1115 2171 1151 2184 -
1161 2145 1205 2210 N.‚
1221 2118 1375 2214 Episcopus
1387 2143 1424 2196 N.
1432 2171 1474 2184 -

288 2249 336 2317 N„
357 2251 547 2306 cancellarius
565 2252 768 2322 episcopalis».
783 2251 818 2304 EI
837 2257 957 2321 ponatur
976 2249 1100 2322 sigillum
1119 2256 1252 2306 consueto
1271 2249 1341 2304 loco.

850 2499 898 2554 lx.

519 2692 653 2731 Faustum
674 2691 883 2732 DEI’II'I'ATIONIS
905 2692 1084 2732 Pnouoroms
1102 2693 1236 2733 stscttts.

374 2901 392 2944 t<
406 2889 452 2955 N„
471 2889 627 2960 EpIscopus
645 2888 681 2942 N.
695 2917 728 2929 -
745 2889 862 2954 Dilecto,
882 2887 919 2940 N.
933 2915 966 2929 -
980 2888 1159 2953 idoneitatis,
1176 2889 1322 2958 probitatis
1341 2898 1367 2942 et
1386 2904 1474 2958 cxpe-

293 2995 412 3049 rieutiae
429 2995 538 3060 merita,
557 2997 655 3064 quibus
670 2996 708 3048 Te
727 3003 857 3048 ornatum
875 2996 1072 3063 (liquescimus,
1085 2995 1145 3047 Nos
1163 2994 1298 3048 inducunt
1309 3003 1341 3046 ut
1353 3009 1470 3064 operam

287 3112 365 3155 tuam
392 3102 511 3155 libenter
536 3103 726 3169 oelhibeamus,
753 3111 903 3175 sperantes
922 3104 996 3170 quod
1022 3117 1093 3170 quae
1117 3101 1178 3153 Tibi
1201 3101 1422 3166 mundabuntur,
1443 3111 1469 3154 et

284 3207 344 3260 alio
363 3223 433 3276 quae
453 3216 499 3259 tuo
519 3208 632 3260 nruneri
650 3209 775 3261 iniuncta
796 3215 869 3272 sunt,
888 3210 964 3259 omni
981 3207 1037 3276 fide
1057 3217 1082 3260 et
1106 3206 1223 3260 solertia
1247 3209 1403 3276 exequeris.
1430 3208 1475 3262 Te

284 3314 372 3382 ipitur
392 3323 610 3384 procuratorene
634 3314 761 3383 fiscalem
785 3323 898 3368 nostrae
918 3316 1022 3380 critiae,
1041 3315 1081 3367 ad
1099 3314 1304 3383 berteplacitum
1325 3324 1465 3380 nostrum,

285 3437 348 3474 cum
367 3421 527 3485 honoribus,
547 3421 686 3487 oneribus,
706 3422 936 3490 exemptionibus,
946 3421 1108 3491 privilepiis
1121 3431 1148 3474 et
1161 3421 1357 3474 emolumentis
1373 3421 1465 3475 solitis

285 3532 312 3576 et
331 3527 477 3589 consuetis,
496 3527 685 3576 constituimus
698 3532 725 3576 et
740 3505 921 3592 deputamus3
940 3526 1104 3578 mandantes
1117 3527 1242 3579 omnibus
1256 3534 1369 3578 nostroe
1382 3525 1470 3579 ienis·

285 3631 400 3684 dictioni
418 3632 554 3696 subiectis,
569 3632 741 3701 caeterisque
759 3633 796 3685 acl
815 3647 883 3700 quos
901 3642 1013 3701 spectat,
1032 3642 1064 3686 ut
1087 3634 1125 3686 Te
1143 3634 1173 3685 in
1190 3633 1320 3703 fiscalem
1337 3642 1468 3686 nastrum

284 3739 473 3808 episcopalem
486 3747 644 3808 aquescens,
659 3749 685 3792 et
699 3740 804 3808 quoties
816 3755 887 3809 opus
900 3742 991 3810 fuerit
1007 3741 1071 3793 Tibi
1093 3743 1229 3793 assistant.
1242 3739 1275 3793 ln
1289 3757 1417 3810 quorum,
1430 3749 1479 3794 etc

283 3843 396 3909 Datum,
416 3855 464 3900 etc.
485 3874 519 3888 -
539 3847 583 3913 N.,
603 3847 757 3916 Episcopus
776 3846 812 3900 N.
827 3875 860 3888 -
874 3847 920 3913 N„
940 3848 1131 3902 cancellarius
1143 3860 1169 3904 »-
1189 3847 1226 3900 Et
1244 3851 1363 3916 ponatur
1382 3844 1470 3915 sigll-

282 3948 341 4003 lum
361 3955 495 4005 consueto
515 3949 583 4004 Ioco.
