3292 5109
493 326 537 373 ns
561 322 700 373 runicus
724 322 988 371 rccuusmsrrcis
1273 310 1341 376 233

157 454 194 517 in
216 449 399 537 apostolicis
423 450 491 535 ipse
516 446 606 513 Fidei
632 446 807 513 Promolor
831 446 862 512 S.
888 448 987 533 Gong.
1013 448 1144 513 Rituum
1171 450 1220 517 ius
1243 451 1343 519 habet

158 576 338 663 peragendi
360 576 423 641 hoc
445 572 585 639 officium
608 573 693 659 apud
716 574 834 644 curias,
851 570 908 637 sed
930 571 1084 660 delegare
1103 574 1187 641 solet
1201 574 1340 661 aliquem

156 704 277 771 Curiae
309 702 389 768 eccl.
412 702 519 766 virum
541 700 576 763 in
599 698 911 785 Sub-promotorem,
930 700 982 763 cui
1002 718 1046 769 ex
1068 699 1187 767 codem
1210 702 1339 769 Decret

158 848 277 895 nomen
300 826 452 912 competit
475 823 751 910 Sub-promotoris
768 822 870 889 Fidei.
896 856 914 871 -
939 823 1075 889 Demum
1091 824 1125 888 in
1140 844 1282 910 persona
1296 827 1341 893 iu·

154 952 237 1019 dicis
260 972 300 1018 ea
323 955 372 1017 est
395 946 592 1023 differentia,
618 952 654 1013 ut
676 946 775 1013 iudex
806 946 973 1013 ordinaria
999 946 1155 1033 procedat
1182 952 1341 1034 potestate

157 1080 193 1145 in
211 1076 415 1165 processibus
437 1073 625 1149 ordinariis;
649 1071 798 1173 delegata
813 1092 894 1137 vero
911 1073 944 1137 in
960 1071 1155 1157 apostolicis.
1180 1073 1340 1161 Episcopo

159 1204 204 1269 uti
221 1201 396 1269 Ordinario
411 1199 566 1267 dioecesis
582 1201 768 1283 competunt
792 1196 855 1263 hae
870 1216 987 1263 causae
1003 1198 1096 1282 eique
1113 1206 1339 1277 reservantur,

157 1328 233 1413 quia
251 1327 430 1413 graviores.
453 1325 498 1391 At
520 1326 596 1411 ipse,
615 1325 641 1389 si
664 1343 725 1410 per
746 1342 782 1388 se
806 1342 936 1388 causam
960 1324 1123 1388 instruere
1147 1330 1180 1390 et
1202 1323 1339 1391 definire

158 1470 223 1517 non
245 1451 350 1524 valet,
374 1448 554 1536 prohibitus
577 1446 617 1513 ab
640 1448 712 1513 aliis
739 1447 877 1532 negotiis
900 1464 978 1511 suae
1002 1446 1185 1522 Ecclesiae,
1210 1447 1340 1534 delegat

158 1580 192 1641 in
215 1576 369 1643 Iudicem
392 1574 592 1659 deputatum
615 1573 667 1639 vel
691 1592 783 1639 suum
806 1573 977 1638 Vicarium
1002 1574 1198 1641 Generalem
1219 1576 1273 1643 vel
1294 1576 1339 1641 el-

156 1708 265 1766 terum
279 1700 385 1764 virum
408 1697 628 1763 ecclesiastica
650 1694 806 1781 dignitate
829 1700 1052 1781 praestantem
1067 1702 1123 1762 aut
1140 1697 1337 1764 canonicum

160 1824 326 1891 Ecclesiae
349 1819 569 1897 (lathedralis;
593 1820 686 1903 eique
709 1818 875 1885 constituit
896 1818 976 1884 duos
1000 1819 1120 1885 iudices
1135 1820 1338 1905 Adiunctum

156 1950 295 2015 alterum
319 1947 427 2031 aliquo
449 1945 553 2033 gradu
575 1944 758 2010 academico
775 1945 808 2010 in
825 1945 902 2011 Iure
925 1946 1180 2021 cohonestatum,
1196 1946 1335 2013 alterum

159 2070 330 2135 Ductorem
352 2070 386 2134 in
410 2068 440 2135 S.
466 2066 651 2152 Theologia.
687 2066 720 2131 Si
744 2068 832 2131 viros
863 2066 955 2131 hisce
985 2065 1137 2151 gradibus
1166 2066 1337 2153 insignitos

157 2214 221 2262 oon
241 2193 368 2276 habeat,
386 2194 439 2260 vel
462 2193 591 2259 aliunde
614 2192 674 2259 sibi
697 2198 924 2279 opportunum,
948 2212 1008 2278 pro
1032 2212 1143 2257 rerum
1165 2191 1334 2267 adiunctis,

156 2336 219 2383 nou
247 2316 396 2383 videatur
426 2314 547 2381 iudices
577 2314 775 2380 constituere
802 2314 1007 2389 Adiuaclos,
1037 2332 1209 2400 processus
1239 2314 1336 2399 plane

157 2442 253 2508 valet.

245 2562 411 2648 Delegatio
434 2560 643 2627 committitur
658 2578 717 2645 per
731 2559 859 2626 litteras
877 2558 1125 2627 remissoriules
1148 2577 1205 2624 seu
1229 2560 1337 2624 remit·

155 2692 259 2754 lentes
282 2688 447 2774 negotium
463 2686 557 2753 iudici
583 2686 701 2753 exinde
724 2686 884 2772 delegato,
904 2687 958 2769 qui
981 2685 1100 2754 dicitur
1123 2687 1220 2751 etiam
1237 2685 1336 2751 iudex

156 2812 391 2879 remissorialis.
428 2812 559 2899 Species
587 2811 773 2876 litterarum
806 2811 1071 2876 remissorialium
1100 2814 1175 2877 sunt
1205 2811 1335 2876 litterae

154 2936 449 3021 conpulsa-iales,
475 2955 558 3021 quae
588 2934 683 3001 iudici
723 2955 894 3021 processus
932 2936 1121 3001 instructori
1161 2937 1334 3022 specialem

155 3060 341 3127 facultatem
375 3059 453 3127 dant
489 3058 652 3125 inserendi
687 3058 879 3125 documenta
912 3060 1050 3144 scripta,
1085 3065 1243 3147 excerpta
1276 3080 1335 3128 seu

154 3186 366 3268 compulsam
388 3184 441 3251 vel
464 3203 508 3250 ex
529 3183 686 3258 archivio.
703 3184 757 3250 vel
780 3203 823 3249 ex
846 3184 999 3257 historiis,
1016 3184 1048 3248 in
1072 3184 1205 3271 vulgum
1230 3184 1334 3263 editis,

155 3314 206 3379 vel
230 3334 272 3379 ex
295 3314 367 3378 aliis
390 3312 518 3397 scriptis
540 3310 798 3378 attestationibus
814 3310 867 3375 vel
893 3330 935 3375 ex
958 3311 1034 3395 ipsis
1058 3312 1140 3375 actis
1162 3331 1335 3397 processus

153 3437 319 3505 ordinarii.

241 3562 332 3638 Quia,
346 3562 392 3627 uti
408 3559 572 3626 docuimus
588 3560 622 3624 in
637 3558 701 3626 ool.
719 3560 747 3633 l,
764 3578 799 3625 a.
812 3559 896 3635 507,
913 3558 1104 3625 documenta
1119 3560 1242 3646 scripta
1253 3580 1334 3643 pro·

152 3687 301 3754 taliones
316 3691 392 3753 sunt
412 3684 698 3770 praeconslitutae
715 3684 774 3769 ipsi
798 3685 925 3759 iudicio,
943 3685 1020 3749 hinc
1036 3684 1068 3749 in
1085 3682 1205 3750 eisdem
1222 3684 1333 3751 admit·

148 3809 255 3875 'tendis
277 3808 388 3895 plures
412 3812 485 3874 sunt
509 3805 710 3873 adhibendae
733 3807 909 3880 cautiones,
926 3826 968 3871 ne
991 3805 1082 3871 fraus
1105 3810 1138 3871 et
1161 3805 1252 3898 dolus
1276 3813 1333 3873 aut

150 3954 246 3999 error
280 3932 449 4019 subrepat,
474 3951 575 4017 quare
604 3932 638 3997 in
666 3932 734 3997 istis
766 3932 990 3998 examinandis
1019 3931 1168 4017 specialis
1192 3914 1332 3998 habetur

151 4074 330 4142 processus,
354 4056 408 4140 qui
431 4053 549 4121 dicitur
571 4052 918 4140 complasmatum).
943 4056 989 4119 De
1012 4074 1166 4140 processu
1185 4055 1329 4141 compul-

239 4232 280 4304 (1)
302 4232 332 4285 ln
357 4230 465 4286 ratione
490 4228 620 4302 loquendi
648 4230 884 4300 pragmaticorum
912 4230 1063 4285 forensium
1088 4231 1267 4301 compulsore
1285 4234 1329 4287 est

150 4338 297 4411 exquirere
315 4338 345 4391 in
363 4336 488 4392 archivio
506 4334 553 4392 vel
578 4336 608 4391 in
627 4340 738 4405 regesto
765 4336 966 4407 scripturarum
991 4340 1021 4391 et
1045 4336 1179 4392 fasciculo
1203 4342 1329 4393 aelorum

151 4444 263 4519 aliquod
280 4445 415 4517 scriptum
434 4443 638 4510 documentum,
658 4441 787 4515 idemque
804 4442 834 4497 in
853 4460 1010 4514 processum
1029 4442 1180 4501 insinuare.
