3292 5109
310 255 376 322 494
755 272 963 322 eucnemon
986 274 1038 322 111.

309 401 445 456 mensium
464 398 680 471 apostolicorum
698 397 818 452 Sanctae
837 396 901 452 Sodi
920 400 1063 452 reservata
1079 395 1145 464 sint,
1164 411 1198 451 eo
1215 413 1283 454 sane
1302 413 1377 459 casu.
1394 397 1488 454 veteri

308 531 364 570 non
382 517 530 572 immutato
551 529 642 580 more,
667 511 808 568 abstineat
832 511 984 583 Episcopus
1002 527 1021 565 a
1037 511 1151 568 ferendo
1174 511 1311 583 dignioris
1334 510 1440 567 iudicio
1457 516 1488 568 et

308 625 377 682 acta'
390 643 539 684 concursus
557 627 632 682 ultro
651 627 782 682 Deteriae
800 625 942 682 exhibeat

396 755 414 796 e
426 745 443 807 5
463 741 506 797 21.
525 743 635 799 Licebit
647 748 741 796 tamen
754 739 909 796 Ordinariis
920 754 972 810 pro
983 754 1034 794 suo
1045 738 1164 794 arbitrio
1176 736 1363 794 familiaribus
1380 736 1487 794 litteris

308 851 422 908 Datario
440 853 552 924 scriptis
569 853 659 910 eidem
677 853 846 909 denunciare
864 868 1026 922 porsonam,
1046 868 1130 922 quiam
1148 855 1264 908 censent
1281 849 1420 920 regendae
1439 863 1486 904 ec·

307 965 409 1022 clesiae
427 966 517 1035 magis
535 965 678 1034 idoneam,
696 963 870 1036 eundemque
894 979 1085 1029 commouere,
1103 980 1140 1018 an
1158 960 1270 1018 occulta
1293 961 1388 1032 aliqua
1406 964 1436 1015 et
1454 956 1485 1011 in

306 1075 377 1130 netis
395 1074 468 1129 iuste
487 1074 599 1130 reticita
617 1073 706 1129 subsit
724 1091 822 1140 musa,
841 1088 913 1144 quae
936 1071 1057 1140 cuipiam
1082 1073 1176 1126 obstet
1193 1071 1228 1125 ad
1246 1071 1414 1126 beneficium
1432 1087 1484 1125 cu·

306 1184 396 1236 ratum
416 1180 607 1236 obtinendum.
625 1179 683 1236 Nos
701 1180 752 1249 ipsi
772 1179 946 1249 postmodum
964 1181 1000 1234 ab
1018 1178 1072 1233 hac
1085 1177 1155 1234 Sede
1167 1178 1290 1234 omnium
1309 1178 1436 1248 principe
1454 1182 1485 1234 et

306 1291 441 1361 magistra
458 1289 602 1346 luculento
620 1290 797 1346 edocebimus
814 1289 957 1359 exemplo,
976 1291 1073 1362 quanti
1093 1289 1250 1346 faciendum
1268 1290 1306 1345 sit
1323 1289 1483 1360 episcopale

306 1397 438 1452 iudicium
457 1401 617 1470 quantoque
636 1413 686 1454 vos
703 1396 809 1454 honore
828 1413 1035 1468 prosequamur,
1049 1397 1225 1453 venerabiles
1242 1398 1352 1466 fretra
1367 1397 1397 1453 in
1417 1415 1483 1468 par·

305 1509 362 1560 tem
382 1509 494 1562 nostrae
512 1505 708 1562 sollicitudinis
727 1510 871 1573 evocatos,
897 1506 998 1578 quibus
1021 1507 1135 1562 interim
1157 1505 1347 1576 apostolicam
1365 1507 1481 1563 benedi-

305 1615 425 1672 ctionem
445 1619 621 1685 peramanter
638 1615 821 1686 impertimur.

395 1723 525 1778 «Datum
545 1725 663 1798 Romae,
682 1725 754 1794 apud
773 1723 798 1778 S.
818 1724 939 1779 Mariam
957 1723 1109 1792 Maiorem,
1128 1725 1173 1780 die
1190 1741 1241 1780 xrv
1261 1724 1324 1781 Dec.
1344 1741 1481 1782 nooman

304 1832 385 1888 Pont.
403 1833 497 1888 Nostri
518 1851 591 1890 anno
609 1835 683 1889 ill.»

326 1967 329 1976 ·
393 1942 503 2014 Aliquis
522 1945 640 1999 fortasse
658 1947 782 2014 qrraeret,
801 1944 940 2016 quodnam
958 1947 1043 2000 fuerit
1056 1946 1108 2011 iue,
1121 1947 1194 2016 quod
1209 1950 1276 2002 ante
1288 1945 1481 2001 Tridentinam

304 2051 445 2124 Synodum
464 2055 574 2124 vigeret
592 2056 625 2110 ad
645 2056 826 2110 conserendas
851 2056 993 2124 paroecias
1017 2057 1195 2126 Presbyteris
1218 2055 1343 2111 idoneis?
1366 2055 1418 2111 cin
1438 2073 1482 2111 re·

302 2164 462 2230 spondetur,
480 2165 606 2234 qrrarnvis
624 2166 765 2220 Beneficia
782 2166 902 2220 conferri
922 2183 976 2220 non
995 2167 1129 2222 deberent
1147 2165 1199 2220 nisi
1219 2165 1276 2220 illia
1294 2166 1340 2237 qui
1360 2167 1481 2222 scientia

303 2269 421 2342 aliisque
440 2271 548 2326 meritis
584 2276 676 2328 essent
695 2272 794 2336 idonei,
814 2289 873 2335 cap.
894 2274 940 2327 Ad
957 2274 1097 2337 decorem,
1113 2274 1149 2328 de
1170 2272 1298 2336 institut,
1311 2290 1366 2328 non
1384 2278 1480 2329 nmen

303 2382 383 2433 erant
401 2379 462 2434 iure
480 2379 607 2436 absolute
631 2379 808 2435 determinati
836 2382 1049 2436 Examinatores
1073 2399 1165 2436 coram
1192 2382 1293 2452 quibus
1317 2383 1369 2437 sub
1391 2398 1480 2453 poena

212 2503 213 2506 ¹
302 2483 442 2539 nullitetie
460 2484 596 2538 examinis
614 2489 707 2540 essent
726 2486 901 2540 examinandi
921 2489 950 2541 et
968 2485 1125 2542 declarandi
1145 2487 1246 2541 idonei.

390 2593 567 2648 Innocentius
585 2594 623 2648 lll
641 2595 670 2648 in
689 2612 748 2663 cap.
769 2597 813 2648 Ad,
831 2599 915 2655 bueo.
940 2598 978 2649 cle
998 2595 1094 2664 Officio
1114 2597 1312 2651 Archidiucuni
1329 2599 1480 2666 respondit,

300 2699 374 2755 inter
392 2697 578 2753 archidiaconi
597 2697 689 2753 officia
707 2699 761 2754 hoc
782 2699 868 2754 etiam
882 2701 1020 2754 contineri
1038 2710 1101 2756 «ut
1119 2703 1168 2771 qui
1181 2703 1329 2770 Beneficiis
1348 2706 1482 2759 ecclesie·

300 2808 374 2860 elicis
390 2805 575 2875 praeficiendi
591 2806 708 2876 fuerint,
727 2823 745 2859 a
763 2822 813 2859 suo
837 2810 919 2876 prino
942 2808 1139 2861 examinentur
1158 2808 1362 2863 Archidincono
1381 2820 1410 2864 et
1424 2828 1480 2881 per

300 2914 392 2981 ipsum
413 2910 591 2981 posmodum
610 2910 748 2980 Episcopo
774 2921 1029 2980 praesententur.»
1049 2911 1102 2966 Sed
1122 2917 1248 2968 cessante
1272 2913 1419 2982 paullatim
1436 2915 1480 2970 iu·

301 3019 460 3074 risdictione
479 3022 508 3074 et
526 3019 616 3074 officio
635 3018 901 3075 Archidiaconorum
922 3037 972 3090 per
989 3022 1218 3078 substitutionem
1231 3022 1406 3079 vicariorum
1425 3025 1478 3082 Ge·

299 3123 445 3188 neralium,
455 3139 571 3178 examen
584 3121 741 3177 huiusmodi
755 3140 803 3192 per
816 3123 960 3178 vicarium
973 3102 1138 3180 Generalem
1151 3125 1263 3181 videtur
1274 3127 1360 3183 fuisse
1371 3128 1477 3183 fectum

299 3229 352 3286 nisi
371 3230 523 3300 Episcopus
542 3231 595 3285 sibi
613 3229 666 3284 hoc
685 3230 777 3286 facere
796 3236 963 3287 reservaret

387 3337 440 3392 Hic
458 3354 508 3391 sua
527 3340 624 3405 sponte
643 3338 753 3394 veniret
777 3338 975 3406 pertractanda
999 3338 1141 3410 quaestio,
1163 3343 1256 3394 utrum
1278 3342 1376 3394 contra
1393 3357 1477 3409 prae·

298 3447 429 3516 scriptam
448 3445 640 3500 Tridentinam
659 3447 776 3501 formam
795 3447 856 3501 dari
879 3448 965 3515 possit
991 3448 1132 3502 contraria
1150 3448 1279 3518 legitima
1296 3449 1476 3504 consuetudo.

299 3550 387 3605 Plena
404 3550 505 3605 solutio
531 3549 614 3606 huius
638 3553 809 3623 quaestionis
835 3551 937 3621 pendet
961 3553 997 3606 ab
1021 3552 1116 3607 altiori
1141 3557 1170 3608 et
1193 3556 1326 3608 accurato
1347 3555 1477 3611 examine

297 3656 419 3727 plurium
439 3674 540 3722 rerum,
559 3675 657 3729 quam,
676 3658 733 3714 alie
751 3659 817 3713 date
835 3658 996 3725 occasione,
1015 3663 1187 3729 pertractare
1212 3661 1324 3716 curabo.
1343 3660 1374 3714 ln
1393 3678 1475 3730 prae·

297 3766 388 3822 sentia
406 3769 474 3836 puto
492 3783 552 3822 esse
571 3768 639 3821 satis
664 3766 786 3825 indicare
811 3766 930 3838 quidde
948 3765 1003 3822 hac
1025 3768 1189 3839 quaestione
1213 3768 1369 3838 cogitatum
1389 3771 1476 3828 fuerit

296 3873 410 3929 ineunte
429 3871 540 3928 saeculo
559 3873 655 3944 elapso
673 3874 744 3944 apud
765 3874 791 3928 S.
811 3873 902 3930 Rotae
921 3874 1054 3929 tribunal.

384 3981 411 4036 S.
430 3981 504 4038 Rota
527 3983 617 4040 initio.
633 3983 720 4054 elapsi
745 3982 851 4039 saeculi
879 3984 984 4053 pluries
1011 3984 1128 4052 decidit,
1151 3984 1332 4043 Parocbiales
1355 3987 1389 4042 de
1413 3987 1475 4042 iure

296 4090 459 4156 patronatus
478 4087 676 4158 ecclesiastico,
690 4093 782 4145 stante
796 4090 1012 4145 immemorabili
1027 4091 1227 4148 cousuetudine
1246 4093 1274 4145 in
1294 4093 1474 4159 contrarium,

296 4211 350 4249 non
369 4212 428 4251 esse
454 4197 635 4266 providendas
660 4215 709 4268 per
733 4215 913 4265 concursum,
932 4199 1061 4254 Pitonius
1078 4202 1115 4255 de
1135 4201 1339 4256 Controversia
1358 4202 1473 4258 Patron.

295 4303 381 4372 ellep.
402 4305 425 4358 5
443 4322 469 4357 n.
487 4307 515 4358 2.
535 4303 588 4360 Sed
608 4309 775 4362 tamennon
795 4306 916 4361 cessavit
934 4307 1133 4376 controversia,
1151 4313 1185 4362 ut
1203 4308 1305 4363 ibidem
1326 4310 1411 4364 refert
1427 4308 1473 4362 Pi·

296 4406 396 4474 tonius,
415 4411 444 4464 et
462 4407 491 4463 in
509 4425 593 4465 cause
611 4409 729 4484 quadam
749 4412 899 4480 Lepionen.
920 4411 1105 4479 Porochiulis,
1126 4430 1198 4488 quae
1217 4417 1284 4472 tuuc
1301 4414 1471 4487 agitabatur,
