3292 5109
280 258 347 326 228
807 270 892 318 rans
915 269 963 355 ιι.Ι

372 401 462 465 Inter
493 418 608 465 causas
637 417 697 484 per
726 396 819 463 eiam
848 416 920 463 non
951 397 1061 463 cultus
1086 401 1120 461 et
1154 416 1268 463 causas
1291 417 1352 483 per
1373 396 1462 461 viarn

281 540 381 588 casas
403 520 535 604 emcepti
558 517 784 605 procedentes,
809 519 872 584 hoc
895 519 991 583 etiam
1014 518 1107 584 adest
1129 518 1318 596 discrimen,
1343 538 1464 616 nempe

280 650 312 715 in
337 646 449 733 primis
472 666 537 712 non
560 646 694 731 procedi
717 644 757 709 ad
788 644 1017 731 indulgendam
1040 645 1310 713 introductionem
1330 664 1459 719 causae,

280 774 342 839 nisi
362 772 477 838 decem
500 770 584 836 anni
606 770 686 856 lapsi
710 771 776 835 sint
790 768 831 835 ab
848 768 954 838 oblato
977 789 1131 856 processu
1153 771 1337 846 ordInario;
1361 772 1395 833 in
1411 789 1463 834 se

280 896 393 964 oundis
416 900 506 982 patet
530 894 616 961 hanc
638 913 703 959 non
719 893 946 979 attendendam
970 915 1041 961 esse
1057 895 1252 961 dilationem.
1279 897 1462 961 Praeterea

280 1022 314 1087 in
330 1022 435 1087 causis
447 1039 513 1104 per
527 1018 619 1085 viam
634 1038 705 1087 raon
720 1018 830 1085 cattus
845 1018 1046 1102 introductis,
1063 1020 1214 1085 conlecto
1238 1039 1364 1105 quoquo
1379 1038 1460 1105 pro·

280 1164 373 1211 oessu
399 1143 574 1229 apostolico
597 1163 695 1230 super
717 1141 905 1224 virtutibus,
929 1163 994 1208 non
1024 1145 1166 1229 agitatur
1188 1146 1222 1209 in
1245 1146 1344 1231 (long.
1368 1144 1459 1210 ordi-

279 1267 373 1331 naria
394 1264 525 1332 dublum
544 1283 591 1331 aa
606 1270 732 1333 comtet
746 1265 788 1331 de
803 1264 992 1342 virtutibus,
1009 1266 1070 1332 nisi
1092 1268 1175 1352 lapsi
1197 1270 1263 1333 siut
1285 1268 1457 1353 quinqua-

277 1392 375 1480 pium
395 1390 479 1457 anni
502 1391 541 1456 ab
558 1389 646 1457 obitu
660 1392 746 1457 servi
763 1392 832 1456 Dei.
850 1427 868 1439 -
887 1391 959 1455 Hae
974 1390 1144 1456 dilationes
1159 1411 1225 1456 non
1240 1391 1461 1457 observantur

278 1517 312 1581 in
328 1515 454 1581 casibus
477 1516 621 1601 exceptis
637 1534 658 1579 a
673 1513 813 1580 decretis
830 1513 952 1580 Urbani
968 1515 1062 1597 VIII,
1080 1516 1196 1614 quippe
1211 1516 1244 1579 in
1259 1516 1328 1580 istis
1347 1516 1460 1599 agitur

278 1664 342 1709 non
359 1643 399 1709 de
415 1640 620 1709 decernendo
636 1641 763 1727 pubIIeo
779 1641 877 1715 cultu,
895 1641 951 1707 sed
967 1641 1007 1707 de
1023 1640 1134 1707 eodem
1155 1640 1342 1728 iampridem
1358 1661 1457 1727 prae·

278 1772 353 1837 stito
369 1776 424 1836 aut
445 1770 589 1857 legitIme
612 1774 765 1835 concesso
782 1774 852 1834 rato
868 1768 1027 1845 habenda
1043 1768 1129 1834 unde
1144 1771 1177 1834 in
1193 1772 1263 1835 istis
1278 1770 1459 1855 simplicior

278 1894 387 1959 estvia
398 1892 439 1957 ad
451 1888 720 1957 beatificationem
734 1890 1026 1976 aequipollentem.
1041 1890 1158 1957 Refert
1169 1891 1361 1957 Benedictus
1369 1892 1455 1958 le

277 2036 332 2103 op.
349 2018 401 2085 cit.
426 2019 447 2082 l.
465 2038 492 2083 o.
517 2036 591 2101 cap.
608 2015 659 2091 31,
683 2036 718 2083 η.
735 2016 771 2082 5:
797 2017 868 2083 «si
891 2018 1051 2083 sententia
1075 2015 1242 2083 Ordinarii
1264 2019 1317 2083 vel
1340 2018 1460 2085 iudicis

277 2138 417 2226 delegati
441 2139 550 2205 faveat
572 2139 659 2204 casui
684 2145 820 2223 excepto
837 2159 857 2203 a
873 2137 1012 2205 decretis
1031 2138 1153 2205 Urbani
1171 2128 1253 2206 Vlll
1278 2140 1458 2224 eademque

277 2265 529 2333 confirmationis
551 2263 652 2332 robur
675 2264 818 2333 obtineat
831 2286 852 2331 a
867 2267 898 2333 S.
915 2266 1016 2353 cong.
1041 2271 1074 2331 et
1097 2266 1128 2331 S.
1147 2266 1246 2353 (long.
1263 2287 1455 2353 responsum

276 2392 441 2458 aSummo
458 2389 617 2458 Pontifice
638 2391 848 2478 approbetur,
865 2393 925 2457 Dei
938 2412 1062 2467 servus,
1083 2393 1116 2457 in
1136 2394 1227 2458 cuius
1250 2412 1348 2459 causa
1370 2392 1455 2458 haec

276 2518 409 2586 fuerunt
429 2518 570 2599 obtenta,
587 2517 705 2583 dicitur
727 2518 993 2602 aequipollenter
1015 2516 1222 2583 Beatificatus
1326 2521 1365 2584 In
1389 2517 1456 2584 hac

276 2636 519 2707 Beatifieatione
535 2637 784 2723 aequipollenti,
802 2637 891 2702 nulla
905 2635 988 2703 fiunt
1010 2638 1174 2711 solemnia,
1192 2659 1265 2705 cum
1285 2638 1455 2704 decretum

274 2759 533 2827 Alexandrinum
550 2758 596 2847 (l)
620 2780 719 2846 supra
741 2760 879 2826 relatum
902 2760 963 2825 sibi
985 2760 1128 2827 vindicet
1148 2762 1256 2827 locum
1279 2763 1312 2826 in
1336 2762 1454 2828 forma·

273 2881 358 2949 libus
379 2888 504 2950 tautum
520 2878 831 2960 Beatificationibus;
856 2882 940 2949 unde
964 2890 1074 2950 caetus
1089 2885 1146 2960 illi,
1163 2905 1300 2969 quorum
1315 2886 1458 2953 interest

275 3028 385 3074 casum
420 3013 591 3094 exceptum
622 3028 642 3073 a
668 3006 806 3074 decretis
831 3007 951 3074 Urbani
976 3008 1062 3074 VIII
1093 3007 1193 3074 fuisse
1222 3007 1451 3096 approbatum,

275 3137 454 3223 gratiarum
485 3140 610 3206 tantum
640 3136 799 3201 actionem
830 3136 965 3201 Domtno
988 3135 1055 3201 Deo
1078 3136 1210 3202 deferre
1232 3150 1366 3221 possunt
1387 3137 1455 3203 illis

274 3262 377 3327 modis
401 3268 434 3327 et
457 3261 578 3336 formis,
603 3262 716 3346 quibus
739 3264 862 3349 gratias
886 3282 985 3349 agere
1007 3267 1138 3349 possent
1167 3283 1227 3350 pro
1251 3281 1456 3348 quocumque

273 3386 337 3450 alio
360 3386 518 3472 spirituali
541 3390 672 3472 recepto
695 3384 852 3453 beneflcio
867 3408 899 3452 ›.

363 3513 391 3576 E
415 3518 530 3578 contra
553 3531 680 3594 causae,
696 3511 901 3577 introductae
919 3531 986 3594 per
1009 3512 1102 3578 vium
1124 3532 1196 3580 non
1218 3514 1327 3579 cultus
1350 3520 1383 3577 et
1405 3513 1451 3577 in·

273 3632 448 3701 struendae
464 3635 650 3721 perplures
673 3653 844 3720 processus
868 3636 1070 3719 apostolicos,
1086 3637 1250 3722 agitantur
1264 3640 1332 3701 tum
1352 3654 1454 3721 super

273 3757 367 3826 dubio
398 3778 445 3825 ou
480 3762 605 3826 constet
634 3758 676 3824 de
710 3757 891 3824 uirtutibus
928 3764 988 3824 aut
1021 3760 1065 3826 de
1098 3759 1283 3845 martyrio,
1307 3765 1374 3825 tum
1402 3778 1455 3825 an

272 3886 398 3949 constet
421 3880 593 3968 desipuit
623 3888 683 3948 aut
712 3881 898 3948 miraculis.
937 3917 955 3931 -
991 3881 1054 3949 Sed
1087 3884 1171 3947 haec
1201 3883 1337 3948 seorsim
1360 3886 1393 3947 et
1416 3882 1453 3946 in

362 4074 403 4149 (l)
422 4075 481 4131 Hoc
500 4076 642 4131 decretum
667 4074 817 4130 Alexandri
837 4076 887 4131 vll
912 4093 942 4131 se
967 4078 1054 4133 refert
1077 4076 1112 4130 ad
1136 4075 1275 4131 solemnes
1292 4073 1455 4130 functiones

272 4182 453 4239 celebrandae
471 4184 500 4239 In
520 4182 642 4237 Basilica
654 4172 800 4249 Vaticana,
815 4182 926 4255 quando
945 4184 1034 4254 primo
1052 4183 1172 4239 eduntur
1190 4184 1220 4237 in
1238 4182 1336 4239 eadem
1354 4182 1454 4236 Beati·

272 4290 411 4345 ficationis
436 4294 485 4346 aut
507 4290 733 4346 CanonIzationis
756 4290 875 4347 decreta.
902 4292 957 4347 Pro
975 4290 1052 4348 hisce
1071 4291 1150 4347 festis
1170 4292 1292 4348 Basilica
1310 4290 1453 4347 Vaticana

271 4392 358 4450 habet
371 4398 546 4466 prioutieum
564 4394 751 4466 privilegium.
851 4423 854 4430 ·
