3292 5109
476 312 520 359 nn
544 309 684 359 runicus
707 308 973 357 sconasrasrrcrs
1261 292 1323 357 187

143 436 308 507 actorum,
333 435 386 517 qui
410 440 622 502 asservantur
644 435 678 499 in
702 433 860 499 Archivio
886 431 1087 518 supradicto,
1113 438 1146 497 et
1171 433 1222 497 isti
1250 432 1325 498 libri

142 559 313 623 continent
328 578 446 624 revera
461 560 632 642 supptices
647 557 774 625 libellos
790 580 848 624 seu
862 558 1092 640 memoriam
1108 559 1172 622 imo
1191 557 1325 641 quisque

142 681 319 749 fasciculus
342 689 488 749 actorum
519 683 728 769 distinguitur
756 684 882 748 ratione
911 681 1012 749 libelli
1041 701 1100 747 seu
1127 682 1325 748 memorialis

142 806 354 873 introductivi
377 808 513 877 alicuius
535 809 699 894 petitionis
722 813 778 872 aut
801 808 1014 891 quaestionis;
1038 804 1194 890 siquidem
1217 807 1325 871 omnia

140 938 216 997 acta
246 930 503 1014 informationis
534 938 565 997 et
594 931 828 999 instructionis
859 931 1049 1037 reseruntur
1076 930 1117 995 ad
1147 930 1324 1015 supplicem

139 1055 304 1131 libellum;
328 1056 508 1123 decisiones
539 1076 619 1123 vero
651 1076 708 1121 seu
740 1057 956 1121 resolutiones
981 1056 1152 1141 signantur
1182 1076 1201 1121 e
1230 1062 1325 1143 tergo

140 1180 295 1265 supplicis
318 1180 427 1246 libelli.
454 1181 562 1256 Quare
585 1182 649 1247 hac
671 1183 797 1247 ratione
813 1202 832 1247 e
848 1181 1086 1248 memorialibus
1109 1182 1231 1248 desumi
1255 1204 1323 1268 pos·

140 1310 217 1369 sunt
239 1305 455 1371 resolutiones
479 1308 574 1373 huius
594 1306 694 1393 cong.
713 1342 731 1356 -
749 1308 882 1371 Domum
906 1307 1084 1373 huiusmodi
1110 1308 1324 1375 resolutiones

140 1454 198 1499 seu
221 1434 365 1505 decreta.
391 1454 473 1519 quae
496 1436 706 1521 reperiuntur
728 1436 762 1499 in
785 1432 944 1498 Archiric
969 1432 1068 1519 Gong.
1092 1435 1204 1499 autin
1227 1434 1324 1501 huius

140 1556 337 1630 Secretaria‚
363 1558 453 1640 quasi
477 1555 665 1642 Appendice
688 1557 848 1629 Archivii,
874 1561 948 1621 sunt
969 1556 1166 1639 authentica,
1187 1576 1227 1622 eo
1249 1560 1323 1642 quia
1356 1587 1362 1601 ·

140 1676 345 1751 Archivium,
361 1676 506 1761 legitima
525 1676 718 1741 auctoritate
735 1680 880 1741 erectum
896 1680 929 1739 et
943 1673 1002 1740 sub
1018 1674 1163 1741 custodia
1184 1677 1323 1761 positum

140 1800 259 1887 publici
284 1800 430 1867 officialis
454 1822 510 1866 seu
535 1801 751 1875 Archivistaa
768 1803 799 1865 vi
823 1801 924 1887 pollet
947 1800 1108 1867 tribuendi
1131 1806 1240 1866 notam
1263 1821 1321 1867 au·

139 1928 353 1994 theuticitatis
368 1928 450 1993 actis
467 1908 543 1991 inibi
560 1928 751 2003 asservata
768 1927 809 1991 cl.
828 1923 995 1993 Reiffenst
1010 1927 1194 1993 Comment.
1211 1926 1267 1993 tib.
1283 1929 1326 1993 ll

139 2050 271 2117 Decret.
289 2050 335 2115 tit.
351 2050 403 2115 22
417 2072 453 2116 n.
468 2050 538 2115 102
550 2069 599 2135 sq.
625 2050 716 2117 Unde
738 2056 813 2117 acta
828 2050 928 2136 Cong.
945 2050 1081 2115 dicenda
1096 2056 1171 2115 sunt
1188 2052 1320 2117 authen·

139 2175 212 2243 tica,
231 2174 284 2238 vel
308 2174 383 2257 quia
398 2174 432 2237 in
448 2172 605 2237 archivio
630 2177 760 2259 reperta
777 2170 822 2259 (l)
847 2177 922 2237 sunt
943 2172 997 2237 vel
1021 2174 1096 2256 quia
1118 2173 1208 2238 iuxta
1231 2193 1323 2258 prae·

140 2296 296 2379 scriptum
313 2295 433 2361 Urbani
450 2296 535 2361 Vlll
553 2299 673 2381 gerunt
686 2293 955 2380 subscriptionem
972 2294 1136 2359 Praefecti
1153 2301 1186 2360 et
1205 2294 1321 2360 Secre-

140 2421 224 2493 tarii‚
250 2424 283 2485 et
306 2420 446 2507 sigillum
470 2419 571 2505 (long.
596 2455 613 2467 -
640 2419 804 2494 Quomodo
830 2424 936 2485 autem
967 2417 1048 2484 fides
1076 2417 1259 2483 adhihenda
1280 2420 1324 2484 sit

139 2546 337 2611 Auctoribus
354 2548 407 2631 qui
432 2547 515 2611 haec
538 2545 697 2619 referunt,
722 2546 1002 2612 consideravimus
1017 2547 1051 2610 in
1066 2546 1113 2609 tit.
1130 2546 1173 2626 Il,
1197 2566 1229 2609 n.
1246 2546 1320 2610 104.

230 2670 305 2735 160.
330 2670 368 2733 ln
393 2690 492 2734 censu
516 2690 727 2755 personarum
743 2671 819 2737 huic
835 2671 936 2757 cong.
952 2670 1154 2734 addictarum
1178 2674 1320 2753 praeter·

140 2795 220 2860 mitti
244 2814 309 2860 non
333 2801 466 2880 possunt
487 2796 631 2869 iuvenes,
647 2797 712 2878 qui,
729 2796 842 2863 stadio
859 2796 995 2863 Concilii
1019 2795 1191 2881 adscripti,
1216 2794 1320 2860 eidem

139 2938 271 3002 oporam
306 2918 391 2983 dant.
417 2954 435 2967 -
461 2919 637 2985 Utilitatem
660 2919 756 2984 huius
786 2920 923 2985 instituti
955 2918 1099 3004 explicat
1131 2918 1172 2983 cl.
1197 2920 1318 2993 Bonis

139 3042 193 3123 qui
218 3042 251 3104 in
275 3061 333 3106 suo
356 3060 455 3126 opere
484 3040 664 3108 Tractotns
687 3042 729 3109 de
756 3040 862 3109 Curio
884 3041 1054 3115 Romana,
1073 3042 1251 3128 pap.170.
1275 3044 1321 3108 ita

227 3252 267 3322 (l)
289 3250 467 3308 Decretorum
487 3252 574 3307 libros
595 3254 699 3322 primos
717 3271 766 3309 seu
785 3253 848 3309 Vol.
868 3252 888 3321 l,
908 3254 940 3321 ll,
960 3253 996 3307 lll
1015 3255 1083 3307 satis
1108 3255 1252 3325 probabile
1277 3260 1320 3310 est

137 3372 191 3409 non
211 3359 355 3412 continere
374 3357 486 3412 decreta
505 3358 573 3412 inihi
593 3358 698 3427 scripta
711 3376 728 3411 a
741 3358 898 3415 Secretario
911 3360 997 3428 Cong.
1011 3376 1060 3413 seu
1079 3360 1140 3429 ipso
1158 3359 1320 3428 originalia·

136 3464 184 3519 sed
204 3462 376 3533 probabilius
394 3461 464 3515 baec
477 3462 588 3517 decreta
601 3464 742 3533 exscripta
755 3465 869 3518 luerunt
882 3482 916 3519 ex
929 3464 1114 3534 originalibus
1127 3464 1172 3519 vel
1185 3482 1219 3519 ex
1232 3465 1321 3535 copiis

136 3590 184 3627 sen
205 3570 420 3641 exemplaribus,
436 3576 530 3625 mmen
547 3571 624 3624 omni
648 3571 701 3627 lide
720 3572 820 3641 dignis,
840 3572 909 3627 adeo
929 3577 960 3626 nt
977 3572 1006 3627 hi
1026 3572 1091 3627 libri
1110 3573 1319 3642 religiosissime

136 3679 276 3733 mservsti
295 3680 352 3732 sint
371 3682 399 3733 et
419 3679 459 3732 uti
480 3678 635 3732 authentici
652 3679 772 3733 consulti
793 3684 822 3733 et
841 3680 921 3733 citati
940 3680 998 3734 sint
1016 3698 1032 3734 a
1051 3680 1217 3735 Canonistis.
1237 3680 1319 3734 Nihi-

136 3784 258 3839 lominus
277 3783 348 3852 apud
369 3782 469 3837 Rotam
492 3782 642 3854 aliquando
667 3784 821 3839 cxcitatum
840 3785 895 3838 luit
914 3784 1028 3839 dubium
1047 3785 1080 3841 de
1099 3784 1317 3842 authenticitate

136 3888 234 3943 horum
254 3889 429 3943 decretorum
448 3896 478 3943 et
498 3890 571 3943 Rota
583 3888 649 3944 hnic
662 3889 746 3944 dubio
764 3889 891 3945 adhaesit
904 3890 1057 3946 recedendo
1070 3908 1087 3945 a
1100 3909 1150 3945 sua
1162 3892 1313 3954 decisione;

135 3998 168 4051 ci.
191 3996 325 4052 Zsmboni
352 3996 371 4049 l.
394 4014 434 4064 c.‚·
461 3996 534 4049 istud
564 3995 677 4050 dubium
707 3996 913 4067 despiciendum
938 4013 999 4051 esse
1026 3996 1122 4051 docuit
1149 4000 1320 4070 subsequens

135 4104 238 4173 praxis,
257 4116 313 4173 qua
331 4102 501 4173 amplissime
520 4102 640 4157 admissa
658 4106 724 4157 sunt
747 4101 904 4158 huiusmodi
927 4104 1054 4168 decreta,
1077 4104 1118 4157 oti
1139 4103 1317 4171 authentica,

135 4214 164 4262 et
181 4208 349 4263 nominatim
367 4206 419 4261 hoc
439 4207 533 4261 docuit
556 4207 657 4263 Beued.
678 4207 752 4277 XlV,
772 4210 819 4279 qui
840 4208 973 4263 eiusmodi
998 4208 1113 4263 dubium
1139 4208 1223 4263 nihili
1242 4210 1319 4263 lecit.

135 4313 218 4368 Ratio
237 4312 389 4383 repetenda
401 4317 444 4367 est
456 4330 491 4367 ex
505 4313 673 4368 auctoritate
688 4312 825 4381 archivii,
839 4314 867 4368 in
887 4330 944 4384 quo
962 4314 1060 4369 sedulo
1078 4331 1166 4385 usque
1184 4316 1320 4370 mercati

134 4425 199 4477 sunt
217 4420 246 4475 hi
267 4421 342 4475 libri.
