3292 5109
238 253 304 320 484
687 274 893 324 nnnaenruu
917 276 966 323 111.

327 405 344 445 a
357 393 499 458 Quintum,
517 397 549 447 ut
564 411 659 449 omues
671 412 722 448 sua
734 395 850 466 quisque
864 413 947 450 manu
960 402 1020 450 tum
1033 412 1172 466 respousa,
1185 399 1244 450 tum
1257 412 1414 451 sermonem

237 499 361 553 scribant
379 501 617 572 subscribautque.

325 607 479 674 (Sextum,
498 613 530 661 nt
548 624 679 678 responsa
697 610 808 680 quidem
832 610 934 676 letine3
953 627 1044 666 sermo
1063 615 1158 666 autem
1177 628 1219 679 ea,
1238 627 1294 682 qua
1312 610 1347 665 ad
1366 626 1419 681 po·

237 711 333 784 pulum
352 713 449 768 haberi
468 714 548 781 solet,
567 715 665 786 lingua
683 717 831 771 scribatur.

325 822 545 890 «Postremum,
571 828 601 877 ut
621 824 834 896 unumquodque
859 841 1020 896 responsum
1044 830 1074 879 et
1098 827 1287 897 unusquisque
1310 841 1422 913 sermo,

236 941 300 978 cum
326 927 360 978 ab
386 943 550 998 unoquoque
574 929 798 984 concurrentium
826 928 1020 994 exhibebitur,
1044 947 1100 984 non
1124 930 1213 985 solum
1238 933 1274 984 ab
1297 947 1346 996 eo,
1369 931 1418 1000 qui

236 1031 357 1100 scripsit,
377 1037 461 1103 atque
480 1050 497 1086 a
515 1033 684 1088 cancellario
702 1050 866 1101 concursus,
892 1051 988 1090 verum
1012 1035 1098 1089 etiam
1117 1036 1152 1088 ab
1173 1036 1418 1090 Examinatoribus

237 1140 267 1191 et
291 1140 325 1191 ab
351 1138 496 1192 Ordinario
521 1139 567 1194 vel
591 1141 651 1195 eius
676 1139 803 1208 vicarie,
828 1142 875 1210 qui
903 1141 1049 1195 concursui
1075 1142 1269 1207 interfuerint,
1292 1141 1415 1196 subacri-

238 1242 328 1295 batur.

326 1348 473 1403 «Peracto
497 1350 646 1404 secundum
671 1347 743 1403 hanc
768 1350 915 1404 formulam
941 1367 1091 1418 concursu,
1117 1350 1277 1421 collataque
1301 1351 1342 1417 ei,
1367 1352 1416 1422 qui

237 1457 327 1526 magis
345 1458 460 1512 idoneus
478 1475 511 1512 ac
529 1459 638 1528 dignior
657 1459 795 1513 iudicatus
812 1460 905 1516 suerit.
925 1460 1044 1514 ecclesia
1062 1459 1225 1529 parochiali,
1244 1475 1299 1514 nou
1315 1461 1419 1514 admit·

237 1568 313 1617 tatur
331 1565 481 1633 apeellatio
501 1570 550 1620 aut
568 1583 585 1619 a
604 1567 677 1620 mula
696 1567 833 1622 relatione
858 1568 1086 1622 Examinatorum
1105 1573 1155 1621 aut
1173 1569 1208 1621 ab
1227 1567 1415 1622 irrationabili

237 1667 340 1722 iudicio
360 1669 496 1740 Episcopi,
515 1673 568 1726 nisi
587 1673 661 1726 intra
679 1673 773 1728 decern
792 1673 851 1728 dies
869 1691 887 1726 a
905 1673 950 1728 die
969 1672 1127 1728 collationis
1145 1673 1348 1742 interponatur.

326 1777 385 1830 «st
404 1779 465 1848 quis
484 1784 577 1833 sutem
597 1778 648 1832 hoc
674 1780 748 1833 iutra
772 1780 893 1849 spatium
912 1779 1110 1849 appellaverit,
1130 1784 1247 1850 actaque
1266 1795 1417 1833 concursus

237 1887 315 1950 petat
333 1884 367 1936 ad
385 1885 503 1938 iudicem
523 1885 720 1954 appellationis
738 1885 940 1952 transferenda,
959 1886 1108 1940 mittantur
1127 1885 1173 1941 vel
1193 1891 1256 1940 acta
1275 1887 1336 1954 ipsa
1353 1887 1415 1940 ori-

237 1990 343 2060 ginalia
361 2009 510 2046 concursus
523 1993 618 2046 clausa
630 2000 659 2048 et
671 1995 820 2064 obsignata
838 1993 886 2049 vel
905 1998 981 2049 certe
994 2011 1079 2048 nnum
1092 1989 1204 2063 aliquod
1221 1991 1416 2047 authenticum

235 2114 332 2152 eorum
352 2099 508 2168 exemplum
528 2118 544 2153 a
564 2100 738 2154 cancellario
762 2117 913 2155 concursus
937 2105 1021 2171 atque
1039 2101 1129 2155 altero
1153 2101 1264 2154 notario
1282 2099 1417 2154 collatum

237 2210 266 2258 et
284 2205 471 2259 auscultatam
485 2222 577 2260 coram
593 2205 705 2260 Vicario
718 2206 761 2260 rel
777 2207 835 2259 alio
847 2207 875 2259 iu
889 2207 1080 2260 ecclesiastica
1099 2205 1237 2274 dignitate
1253 2207 1415 2274 constituto,

235 2327 318 2381 quem
344 2312 432 2382 eligat
457 2313 630 2378 Ordinarius,
656 2313 690 2366 ad
715 2329 798 2383 quem
823 2313 909 2368 etiam
934 2314 1036 2367 notarii
1055 2313 1230 2368 Cancellario
1248 2314 1417 2383 adiungendi

236 2417 338 2473 electio
357 2421 516 2489 pertinebit,
535 2437 586 2475 nec
606 2437 661 2474 non
679 2421 714 2474 ab
734 2421 978 2475 Examinatoribus
996 2422 1185 2494 synodalibus,
1202 2423 1250 2492 qui
1269 2423 1417 2476 concursui

237 2525 432 2592 interfuerunt,
452 2528 646 2596 subscriptum.

325 2633 397 2687 «Ex
421 2635 520 2704 quibus
545 2635 615 2688 actis
639 2634 684 2690 vel
707 2633 871 2688 authentico
894 2650 990 2689 eorum
1016 2634 1160 2704 exemplo,
1184 2636 1238 2688 nisi
1258 2646 1417 2704 ¹gravamen

236 2739 327 2811 quoad
352 2741 506 2795 doctrinam
532 2743 630 2810 probet
654 2742 690 2807 is,
716 2742 763 2812 qui
788 2743 840 2805 sic,
861 2746 891 2796 ut
911 2743 1113 2812 praemittitur,
1133 2744 1309 2797 examinatus
1328 2747 1378 2810 aut
1399 2759 1417 2795 a

237 2847 312 2901 mala
330 2849 466 2903 relatione
485 2849 712 2903 Examinatorurn
732 2853 781 2903 aut
799 2851 834 2902 ab
853 2849 1039 2903 irrationabili
1053 2850 1154 2903 iudicio
1173 2849 1302 2918 Episcopi
1321 2849 1419 2920 appel·

236 2952 352 3020 laverit;
374 2970 474 3007 novum
495 2955 529 3008 ad
547 2971 665 3008 examen
683 2954 851 3024 provocandi
869 2954 1032 3009 facultatem
1051 2973 1069 3007 a
1087 2955 1172 3008 Sacra
1192 2953 1417 3024 Congregatione

237 3060 342 3112 frustra
361 3058 522 3128 postulabit.

327 3167 589 3228 «Quemadmodum
609 3170 637 3221 et
656 3167 685 3220 in
704 3166 806 3220 iudicio
827 3165 1024 3235 appellationis
1046 3167 1175 3236 persequi
1194 3167 1237 3220 ius
1256 3184 1336 3221 suum
1354 3169 1417 3221 fru-

237 3274 296 3324 stra
315 3271 436 3325 tentabit
455 3271 487 3336 is,
506 3271 554 3342 qui
571 3271 642 3326 forte
662 3287 691 3324 se
710 3275 858 3340 gravatum
880 3269 973 3324 doleat
991 3270 1081 3339 quoad
1108 3269 1230 3341 reliqua,
1248 3271 1312 3337 nisi,
1331 3271 1418 3324 inter·

238 3380 329 3449 posita
348 3383 472 3446 mature,
491 3383 522 3432 ut
543 3379 646 3432 dictum
669 3385 719 3438 est,
738 3361 928 3447 appellatione
953 3380 988 3432 ab
1014 3378 1200 3433 irrationabili
1226 3378 1329 3433 iudicio
1348 3379 1417 3449 lipi-

236 3487 321 3554 scopi,
340 3500 491 3555 gravamen
516 3485 606 3557 quoad
630 3485 680 3539 illa
699 3484 852 3539 ostenderit
870 3485 914 3538 vel
939 3503 974 3539 ex
1000 3486 1070 3539 actis
1093 3485 1174 3556 primi
1200 3500 1351 3573 concursus
1369 3484 1415 3539 vel

237 3591 337 3646 saltem
357 3605 391 3646 ex
410 3591 636 3646 attestationibus
655 3595 683 3644 et
702 3590 875 3644 documentis
899 3590 1156 3645 extraiudicialibus
1175 3591 1274 3658 etiam,
1294 3591 1417 3646 sednon

239 3697 357 3753 levibus.

326 3822 343 3856 a
357 3806 448 3875 Atque
468 3805 508 3857 ita
526 3803 636 3874 quidem
661 3803 747 3858 sensit
767 3803 793 3856 S.
813 3803 1001 3872 congregatio
1021 3808 1050 3857 et
1069 3804 1265 3858 Sanctissimus
1288 3805 1416 3859 assensit

325 3911 395 3966 <At
414 3909 436 3962 si
455 3909 518 3979 quis
543 3913 635 3962 tamen
662 3907 870 3962 Ordinariorum
896 3908 993 3974 aliter,
1017 3925 1051 3961 ac
1069 3925 1152 3978 supra
1170 3908 1339 3979 descriptum
1358 3916 1417 3977 est,

236 4016 462 4070 'concurrentium
487 4016 615 4070 examina
640 4015 786 4069 instituere
812 4016 975 4084 perrexerit,
997 4020 1096 4085 perget
1114 4020 1143 4071 et
1162 4015 1249 4070 Sacra
1265 4017 1328 4086 ipsa
1345 4017 1419 4073 Con·

237 4121 366 4190 gregatio
385 4137 461 4174 more
480 4120 598 4189 pristino
623 4118 844 4188 appellantibus,
862 4120 909 4189 qui
931 4136 961 4174 aa
979 4125 1111 4188 gravatos
1129 4119 1259 4189 dixerint,
1278 4137 1417 4192 provoca·

238 4230 341 4284 tionem
361 4229 395 4284 ad
414 4246 514 4284 novum
534 4245 660 4294 examen,
674 4227 751 4282 nulla
764 4228 935 4297 gravaminis
948 4229 1061 4298 praevia
1074 4230 1247 4298 probatione,
1259 4229 1416 4302 indulgere.

238 4335 351 4390 Interim
365 4341 467 4404 tamen,
480 4354 514 4391 ne
527 4335 625 4389 harum
639 4334 796 4389 litterarum
810 4335 944 4389 memoria
956 4334 1105 4400 dilabatur,
1117 4333 1179 4388 vult
1192 4335 1289 4389 eadem
1301 4334 1328 4388 S.
1342 4334 1418 4390 Con·
