3292 5109
734 655 915 721 TITULUS
948 656 1006 721 lX.

420 929 463 975 DE
495 928 778 977 concrematione
808 928 888 975 Rev.
920 929 1086 976 Frentana
1116 929 1188 975 mvl
1218 916 1321 974 PE'l'R'l

465 1056 507 1101 ΕΤ
533 1054 576 1101 DE
599 1054 679 1105 ALIA
702 1055 835 1103 steens
858 1054 1031 1102 REGUNDlS
1055 1054 1272 1101 Panerosrra.

227 1252 230 1257 Ι
280 1277 497 1337 Summarinm.
517 1311 550 1323 -
570 1259 631 1335 2'22.
654 1282 739 1336 Ratio
764 1273 950 1337 tractationis
974 1311 1011 1325 —
1035 1282 1095 1336 223.
1125 1282 1164 1337 De
1190 1283 1300 1351 origine
1322 1287 1352 1337 et
1376 1297 1462 1351 scopo

368 1390 454 1458 Cong.
477 1390 544 1445 Rev.
565 1390 708 1445 Fabricae.
734 1390 876 1451 Quomodo
900 1390 986 1459 Cong.
1012 1390 1158 1445 Generalis
1183 1390 1315 1445 distincta
1338 1390 1426 1445 fuerit
1443 1406 1463 1443 a

369 1494 545 1547 Particulari.
560 1523 597 1534 -
612 1494 672 1547 224.
687 1493 804 1555 Quinam
818 1494 952 1549 officiales
965 1493 1046 1548 bodie
1058 1494 1159 1548 addicti
1173 1496 1230 1548 sint
1242 1493 1307 1548 huic
1319 1494 1407 1563 Cong.
1425 1522 1462 1535 -

369 1600 429 1653 225.
443 1599 585 1660 Quaenam
597 1600 683 1654 fuerit
695 1600 731 1653 ab
744 1600 826 1653 initio
842 1600 1030 1669 competentia
1043 1598 1126 1653 huius
1138 1599 1223 1669 (long.
1243 1629 1277 1641 -
1296 1601 1357 1654 226.
1371 1600 1461 1671 Cong.

368 1704 512 1759 Generalis
535 1706 725 1759 constituebat
750 1706 891 1775 proprium
911 1706 1034 1761 tribuual
1055 1711 1216 1775 competens
1234 1707 1320 1760 etiam
1339 1709 1370 1761 in
1388 1723 1459 1760 non·

368 1810 454 1863 nullis
467 1811 557 1864 causis
570 1811 771 1865 criminalibus,
791 1812 850 1864 Hoc
863 1811 987 1865 tribunal
1000 1811 1124 1865 abolevit
1143 1813 1209 1865 Pius
1221 1812 1271 1865 lx.
1288 1842 1326 1853 -
1343 1814 1406 1866 227.
1420 1812 1461 1868 De

368 1916 501 1970 hodierna
521 1917 709 1985 competentia
727 1915 811 1972 huius
830 1917 916 1988 cong.
936 1946 969 1958 —
992 1916 1031 1972 De
1050 1917 1137 1986 cong.
1157 1917 1324 1973 Lauretana.

368 2152 443 2219 222.
470 2152 534 2219 Sub
558 2151 669 2217 eodem
693 2153 784 2218 titulo
809 2153 1034 2238 explicandam
1050 2173 1121 2219 esse
1137 2153 1319 2217 censuimus
1342 2158 1461 2218 tracta·

279 2280 398 2343 tionem
419 2276 464 2363 (l)
488 2278 603 2342 harum
629 2278 923 2364 Congregationum
954 2278 1084 2343 aliunde
1112 2276 1238 2345 obiecto
1269 2283 1302 2342 et
1331 2278 1461 2363 origine

279 2403 501 2469 distinctarum
526 2404 641 2489 quippe
657 2405 690 2467 in
707 2404 775 2489 ipso
800 2424 912 2469 eorum
935 2424 1034 2490 scopo
1057 2405 1240 2469 coniunctio
1263 2404 1461 2489 perspicitur

280 2528 399 2599 intima,
417 2548 489 2593 cum
514 2528 628 2608 altera,
644 2529 678 2592 in
695 2528 839 2594 curanda
855 2526 994 2593 Fabrice
1009 2528 1082 2593 Divi
1103 2529 1203 2601 Petri,
1219 2528 1311 2593 bonis
1333 2528 1460 2593 artibus

279 2650 424 2735 apprime
447 2648 565 2723 faveat,
589 2650 654 2713 alia
676 2649 787 2715 studiis
811 2648 1053 2735 disciplinarum
1077 2652 1217 2714 omnium
1239 2650 1459 2735 provehendis

279 2776 458 2853 incumbat;
482 2781 571 2841 artes
593 2796 673 2841 vero
689 2780 722 2841 et
738 2775 843 2843 studia
866 2776 1058 2860 cognatione
1078 2772 1215 2860 quadam
1231 2776 1319 2840 inter
1333 2796 1369 2841 se
1385 2794 1461 2840 con-

277 2904 433 2967 tinentur.

368 3024 444 3090 223.
463 3024 563 3090 lulius
577 3023 607 3087 lI
623 3020 664 3110 (†
679 3022 776 3110 1513)
791 3043 863 3087 cum
878 3024 1020 3088 animum
1032 3023 1202 3091 adiecisset
1215 3023 1255 3088 ad
1265 3023 1457 3089 Vaticanam

279 3148 450 3213 Basilicam
473 3144 633 3214 uetustate
661 3147 874 3214 collabentem
899 3148 1160 3229 restaurandam,
1184 3148 1457 3234 indulgentiarum

279 3292 414 3337 munera
448 3273 575 3356 aliaque
611 3271 790 3356 spiritualia
820 3270 905 3335 bona
936 3272 1096 3337 concessit
1118 3271 1166 3335 eie
1189 3271 1243 3354 qui
1270 3270 1341 3334 Divi
1366 3270 1457 3334 Petri

278 3395 397 3479 templo
429 3392 665 3459 reaedificando
694 3395 808 3479 stipem
833 3399 865 3457 et
888 3413 979 3479 opem
1002 3398 1225 3477 praestarent;
1249 3390 1457 3475 quamobrem

278 3519 312 3583 in
337 3518 424 3584 Orbe
448 3518 614 3583 Catholico
645 3518 808 3582 constituit
831 3516 872 3581 ad
895 3516 982 3581 hunc
1013 3536 1144 3601 scopum
1176 3516 1457 3601 eleemosynarum

279 3646 481 3719 collectores,
506 3644 614 3709 Const.
639 3644 760 3728 Liquet
775 3641 943 3715 omnibus,
965 3643 1018 3706 Ex
1040 3641 1181 3725 undique
1205 3641 1350 3708 collectis
1372 3642 1457 3707 obla-

277 3767 417 3838 tionibus
439 3770 666 3854 patrimonium
689 3768 765 3832 huie
790 3766 948 3831 Basilicae
972 3766 1179 3831 constitutum
1202 3766 1272 3837 fuit,
1297 3764 1382 3848 quod
1405 3784 1457 3850 pe·

278 3893 392 3958 culiari
417 3890 712 3956 administratorum
729 3889 845 3956 Ordini
868 3891 1072 3955 commissum
1095 3894 1153 3954 est.
1180 3924 1198 3938 -
1223 3890 1290 3955 Leo
1309 3888 1344 3954 X
1366 3887 1456 3954 hisce

277 4018 590 4087 administratoribus
612 4018 734 4102 amplas
753 4014 885 4081 indulsit
907 4015 1077 4082 facultates
1096 4014 1291 4101 adimplendi
1314 4016 1384 4100 pias
1403 4034 1456 4080 vo·

368 4301 407 4375 (ll
426 4302 466 4357 Cf.
486 4300 594 4355 Nicolai
613 4300 721 4354 Mariae
734 4298 767 4353 de
780 4296 905 4352 Nicolais
923 4312 992 4367 opus
1010 4295 1055 4350 cui
1075 4296 1175 4350 titulus
1192 4298 1235 4352 De
1255 4296 1387 4350 Vaticano
1402 4294 1457 4347 aa·

199 4414 200 4419 ’
277 4411 358 4465 silica
376 4410 442 4463 Diui
460 4408 536 4463 Petri
555 4416 580 4461 et
599 4408 634 4462 de
653 4408 777 4461 eiusdem
796 4405 966 4473 Prioilepiis.
