3292 5109
632 335 837 382 nausearum
863 334 884 381 1.
1282 317 1348 383 473

262 457 302 510 10.
322 456 392 517 Quid
410 461 519 521 autem,
538 457 561 510 si
581 457 721 512 debitetur
740 457 844 524 adhuc,
864 475 899 510 an
918 457 1043 527 legatum
1062 458 1100 512 sit
1118 459 1348 526 demonstrative,

169 579 205 616 an
227 562 350 617 laxativo
369 562 516 616 relictum?
536 563 605 616 Tum
631 565 774 619 enimvero
800 564 976 618 retinendum
1001 568 1045 618 est
1069 564 1286 620 demonstrative
1305 582 1348 620 re·

169 669 267 723 lictum
293 686 365 734 esse3
390 687 454 724 nam
478 671 558 724 iuxta
577 671 723 741 quamdam
747 671 946 726 resolutionem
965 671 991 724 S.
1011 670 1097 740 Cong.
1118 670 1199 726 Conc.
1219 675 1347 728 Brixien.

173 773 183 826 l
207 771 334 827 Decemb.
356 771 432 837 1684,
452 772 569 828 relatam
588 791 605 826 a
625 773 726 828 Bened.
746 772 821 839 XlV,
842 775 859 826 l.
880 791 913 841 0.,
932 792 959 828 n.
978 773 1023 840 33,
1041 773 1110 828 haec
1129 774 1227 844 regula
1243 775 1288 844 (de
1306 793 1349 831 re·

170 877 285 932 tinendo
303 878 519 934 demonstrative
539 880 649 948 relicto)
662 893 678 932 e
692 879 826 949 procedit,
839 879 884 934 vel
898 880 1007 950 quando
1020 881 1074 933 fuit
1086 879 1181 950 legata
1197 881 1349 951 quantitas,

169 986 245 1041 «rel
264 987 373 1057 quando
391 987 445 1041 ruit
463 987 558 1057 legata
571 1005 615 1044 res
628 989 656 1043 in
669 1005 781 1058 genere,
795 989 839 1043 vel
853 990 964 1060 quando
975 989 1030 1043 fuit
1041 988 1137 1058 legata
1149 1007 1193 1045 res
1205 990 1234 1042 in
1248 991 1348 1059 specie,

170 1112 272 1166 «quae
290 1101 416 1150 remanet
434 1113 519 1166 penes
537 1095 683 1150 haeredem
702 1095 852 1151 habentem
872 1095 961 1150 honus
983 1095 1096 1150 curandi
1122 1095 1349 1163 celebrationem,

169 1203 245 1259 «vel
264 1202 373 1274 quando
393 1220 437 1256 res
456 1203 551 1273 legata
563 1205 616 1257 luit
630 1204 795 1273 consignata
809 1204 947 1273 legatario
960 1220 1015 1258 non
1028 1204 1139 1274 quidem
1152 1221 1186 1258 ex
1200 1209 1349 1274 praecepto

170 1309 357 1376 «testatoris,
376 1309 424 1363 sed
449 1326 483 1364 ex
509 1310 621 1379 propria
645 1309 806 1375 vuluntate,
826 1310 907 1364 etad
926 1311 1056 1364 effectum
1078 1311 1270 1365 tantummodo
1288 1327 1349 1366 sese

169 1416 339 1472 «eximendi
359 1433 376 1470 a
395 1419 520 1486 praefato
538 1433 622 1472 onere
641 1417 754 1470 curandi
774 1417 990 1471 celebrationem
1003 1431 1029 1472 a.

264 1527 303 1579 11.
323 1526 385 1580 Non
404 1531 552 1582 astantem
566 1525 733 1580 dubitationi
749 1526 835 1591 locus,
849 1526 959 1596 qnando
971 1529 1090 1580 testator
1108 1526 1166 1578 suis
1184 1524 1350 1580 haeredibus

170 1635 299 1704 imperat,
317 1638 349 1688 ut
367 1639 473 1689 certam
491 1650 524 1688 ac
542 1633 755 1688 determinatam
775 1651 910 1686 summam
930 1633 1076 1688 exsolvant
1094 1633 1122 1686 in
1141 1632 1289 1688 blissarum
1302 1650 1349 1688 ce·

172 1738 328 1792 lebrelione
347 1736 523 1806 erogandam,
543 1743 625 1806 prout
643 1737 787 1792 accidebat
805 1737 835 1790 in
855 1754 939 1790 causa
958 1736 1184 1807 Affruncarr‘onis,
1203 1752 1286 1806 quam
1302 1754 1350 1789 su·

172 1844 266 1913 perine
290 1839 553 1899 attulimus'Porro
572 1843 643 1898 hanc
662 1845 696 1898 ad
716 1863 774 1899 rern
795 1845 866 1898 idem
887 1844 989 1900 Rened.
1010 1844 1157 1910 x1v‚roc.
1181 1846 1234 1909 cit,
1256 1861 1282 1896 n.
1305 1842 1349 1908 33,

172 1949 364 2020 subsequitur:
377 1962 394 2004 1(
408 1950 436 2004 Si
451 1955 570 2005 testator
583 1950 749 2016 mandasset,
764 1954 795 2004 ut
808 1951 947 2020 legatario
960 1955 1002 2004 tot
1014 1955 1223 2019 praestarentur
1235 1951 1350 2015 fructus,

170 2069 189 2109 11
203 2059 271 2125 quot
289 2055 358 2108 setis
370 2059 462 2109 essent
474 2054 509 2108 ad
522 2055 648 2108 iniuncta
661 2055 809 2109 Missarum
823 2055 1049 2109 celebrationem.
1062 2055 1239 2125 quantumvis
1252 2053 1351 2109 haeres

170 2176 190 2216 11
204 2164 276 2215 110011
294 2161 408 2216 stabilia
427 2162 531 2216 reditus
550 2162 618 2216 satis
636 2160 726 2216 idonei
746 2163 833 2216 semel
847 2161 1014 2227 tradidisset,
1027 2167 1150 2215 attamen
1163 2161 1351 2231 supplementi

171 2283 190 2321 e
203 2286 272 2338 opus
291 2269 431 2324 declinare
445 2285 500 2323 uon
513 2275 612 2338 posset,
627 2270 650 2322 si
663 2272 736 2325 sorte
750 2270 866 2324 subinde
879 2269 1062 2337 contingeret
1078 2275 1116 2334 ut,
1127 2272 1161 2323 ob
1175 2272 1351 2325 subsecutam

173 2389 191 2426 «
205 2375 345 2427 fructuum
364 2373 596 2438 imminutionem,
612 2373 656 2428 vel
676 2375 711 2426 ob
731 2379 911 2454 augmentum
932 2381 1022 2439 taxea,
1036 2373 1130 2426 traditi
1149 2373 1226 2426 fundi
1245 2373 1351 2428 reditus

172 2479 333 2548 «imposito
351 2479 429 2533 oneri
443 2479 603 2533 sustinendo
616 2480 736 2547 imperes
750 2480 907 2545 evaderent,
921 2481 962 2533 uti
975 2479 1068 2533 subdit
1081 2479 1195 2533 Praesul
1210 2479 1352 2532 Altovitus

172 2598 191 2637 ‹
204 2583 232 2636 in
252 2589 325 2648 roto,
344 2583 416 2654 quod
435 2585 493 2652 ipse
513 2583 685 2652 conscripsit,
704 2589 732 2638 et
752 2585 838 2654 Cong.
858 2585 987 2652 probavit
1004 2585 1032 2637 in
1053 2584 1170 2654 quadam
1190 2601 1274 2637 causa
1292 2585 1351 2637 Lu·

172 2703 283 2753 (cuno,
305 2692 445 2759 proposita
466 2691 497 2745 16
518 2690 676 2745 Decembris
698 2693 774 2744 1685.
794 2692 909 2752 Quando
929 2693 1002 2745 enirn
1022 2698 1140 2744 testator
1153 2690 1275 2757 mandat,
1288 2707 1352 2744 con·

173 2795 308 2866 «signari
334 2801 376 2850 tot
400 2799 519 2861 fructus,
545 2798 591 2868 qui
615 2798 753 2852 sufficiant
780 2813 830 2866 pro
849 2798 924 2851 dicta
942 2798 1144 2862 celebratione,
1164 2803 1230 2850 tunc
1249 2797 1352 2849 dicitnr

172 2915 190 2952 s
204 2901 328 2972 legatum
348 2920 444 2974 genua,
463 2909 492 2958 et
509 2905 617 2958 fructus
632 2905 800 2958 sufficientes
814 2910 880 2958 sunt
892 2905 921 2956 in
934 2903 1107 2972 obligatione
1119 2903 1351 2957 demonstrative:

172 3009 290 3075 «unde,
315 3009 382 3064 licet
400 3009 498 3064 haeres
517 3011 641 3080 assignet
660 3015 703 3064 tot
721 3012 803 3076 bona,
823 3026 940 3081 quorum
960 3010 1065 3064 reditus
1083 3009 1116 3063 de
1136 3015 1260 3077 ternpore
1279 3010 1350 3063 assi-

172 3115 345 3182 «gnatiouis
364 3113 516 3178 sufficiant,
538 3119 662 3168 attamen
682 3113 739 3168 illis
759 3114 949 3182 pereuntibus,
966 3112 1012 3168 rel
1031 3113 1064 3166 ad
1083 3115 1217 3167 minorem
1236 3114 1350 3183 quanti-

173 3233 190 3270 c
205 3223 292 3272 tatem
311 3216 438 3282 redactis,
461 3223 571 3272 tenetur
590 3217 688 3273 haeres
707 3217 837 3287 supplere
852 3235 885 3272 ex
899 3218 988 3272 reditu
1005 3217 1122 3272 aliorum
1143 3219 1276 3270 bonorum
1290 3236 1314 3269 ».

264 3325 341 3378 Hanc
360 3326 456 3397 ulique
475 3326 629 3380 doctrinam
649 3331 745 3380 secuta
763 3334 806 3380 est
825 3326 851 3391 S,
868 3326 897 3381 G.
912 3326 993 3379 Cone.
1014 3342 1076 3378 cum
1095 3326 1205 3394 passim,
1224 3331 1284 3378 tum
1304 3341 1352 3378 uo·

173 3431 302 3486 minatim
321 3433 349 3485 in
369 3433 494 3486 Romana
517 3435 628 3487 lteduct.
648 3434 760 3488 Missor.
784 3433 815 3486 18
834 3433 941 3502 Aprilis
956 3431 1032 3496 1733,
1051 3433 1215 3501 inBruqen.
1232 3432 1352 3485 151111-

174 3538 207 3592 tii
230 3538 312 3604 1777,
331 3538 359 3591 in
386 3539 563 3593 Veneriorum
582 3541 599 3592 2
618 3539 714 3592 Martii
737 3539 820 3604 1825,
835 3556 892 3609 per
910 3556 1043 3592 1111101101.
1058 3554 1138 3608 proc.
1157 3543 1186 3592 et
1204 3539 1232 3591 in
1252 3537 1351 3607 Eupo·

176 3651 239 3702 br'ua
261 3649 347 3700 1808.

267 3755 307 3808 12.
321 3754 417 3824 Neque
428 3754 510 3810 aliter
520 3754 621 3822 docuit,
633 3773 683 3810 nee
694 3755 778 3809 aliam
789 3755 965 3825 disciplinam
975 3759 1114 3824 receptam
1125 3753 1224 3808 hebuit
1233 3754 1259 3806 S.
1270 3755 1352 3819 Rota,

174 3861 262 3916 veluti
281 3861 375 3916 videre
394 3863 484 3916 estin
504 3863 630 3916 Romanu
648 3865 720 3916 Arna.
739 3872 871 3932 praestat,
896 3863 926 3915 16
946 3861 1067 3915 Ianuarii
1091 3861 1166 3927 1702,
1185 3879 1280 3914 coram
1302 3860 1352 3914 Cu·

170 3981 270 4033 praru,
290 3971 318 4018 et
337 3965 464 4018 Romana
490 3965 682 4035 Supplcnrenti
702 3975 727 4018 ct
746 3967 876 4036 applicat.
900 3965 928 4017 ll
951 3965 1021 4018 Iunii
1043 3964 1119 4029 1723,
1145 3965 1351 4018 00100111ίά0-

173 4073 289 4124 vrumto.
316 4070 394 4124 luvat
418 4073 484 4125 facti
511 4073 630 4140 speciem
659 4089 790 4126 enarrare
813 4088 914 4126 causae
933 4073 1075 4125 Romanae
1100 4088 1194 4124 corum
1216 4071 1351 4140 Capram,

174 4175 274 4229 Fulvia
294 4175 396 4230 Ssortia
414 4178 458 4232 die
477 4179 512 4231 29
531 4179 626 4232 ltlartii
648 4178 729 4244 1598,
755 4195 803 4246 per
823 4177 960 4246 privatam
979 4176 1167 4248 syngrapham
1187 4179 1352 4246 promiserat

174 4282 317 4336 exsolvere
341 4287 450 4338 scutata
471 4284 520 4337 100
539 4300 632 4337 annua
657 4287 790 4352 perpetua
814 4283 981 4336 monialibus
1002 4282 1169 4337 excalceatis
1188 4282 1215 4334 S.
1235 4282 1353 4352 losephi,

174 4389 268 4443 addita
287 4389 454 4455 conditione,
469 4387 504 4444 dt
516 4389 636 4460 puellam
650 4391 678 4444 in
692 4389 891 4444 monasterium
904 4388 957 4444 hae
971 4389 1135 4458 reciperent,
1154 4391 1277 4461 adeoque
1291 4407 1352 4445 eam

1203 4551 1218 4581 t
