3292 5109
502 276 546 321 os
571 276 710 324 ionicus
733 276 997 326 aconrsmsmcis
1277 260 1338 323 381
1376 240 1379 247 ⁴

167 402 259 463 recto
282 400 426 464 muneris
444 399 654 484 Episcopalis.
679 398 744 464 Sub
766 398 865 481 §22
883 400 965 465 haee
989 405 1186 466 statuuntur:
1213 422 1231 465 i<
1258 402 1343 468 Item

165 522 355 596 statuimus,
371 523 550 590 cardinali
566 523 711 599 Vlcario,
720 524 890 607 priuatim
902 526 948 591 ael
959 526 1160 594 Auditorem
1177 524 1345 593 Gamerae

166 652 198 712 et
220 665 451 733 quoscumque
473 648 568 728 alios,
592 654 780 731 competere
801 647 1001 730 facultatem
1024 650 1262 732 interponendi
1284 650 1342 715 cle-

167 776 261 836 creta
282 772 320 836 ln
342 771 656 838 renuntiationibus
679 778 710 837 et
733 772 811 836 aliis
826 772 1093 858 quibuscumque
1117 774 1345 841 contractibus

166 894 393 982 Repularium
404 896 704 981 utnuspuesecus,
717 898 754 961 in
770 894 944 963 Coenobiis
956 904 986 963 et
998 897 1216 963 Monasterils
1234 896 1343 975 Urbis,

166 1023 228 1083 aut
237 1017 483 1102 praefatorum
506 1021 668 1093 locorum,
690 1024 841 1102 tempore
859 1018 1074 1102 probationis
1097 1020 1292 1106 decentium
1311 1041 1340 1083 u.

256 1142 333 1207 303.
357 1143 486 1207 Moneri
517 1141 637 1208 Sacrae
668 1142 870 1207 Visitationis
901 1149 1032 1228 praeest
1062 1144 1093 1209 S.
1127 1144 1345 1228 Congregatio

178 1266 379 1334 Visitationis
401 1267 615 1351 Apostolicae
638 1287 721 1351 quae
736 1268 872 1352 proinde
887 1272 937 1333 est
959 1269 1164 1355 particularis
1180 1288 1240 1352 pro
1258 1267 1343 1331 dioe-

166 1410 285 1455 cesano
309 1390 456 1457 districtu
480 1390 575 1457 Urbis
599 1392 731 1483 Romae.
755 1391 798 1456 Ut
821 1392 854 1455 in
878 1390 1038 1477 explendo
1061 1396 1126 1456 tam
1155 1392 1249 1476 gravi
1272 1412 1341 1455 mu·

165 1533 246 1578 nere
274 1514 455 1599 episcopali,
485 1516 631 1580 Romana
659 1514 813 1580 dioecesis
840 1516 911 1580 aliis
935 1520 1117 1601 praestaret
1144 1515 1213 1579 zelo
1241 1520 1343 1599 pasto-

166 1640 245 1704 ralis
268 1640 500 1722 sollicitudinis,
517 1641 603 1706 hanc
619 1642 908 1727 Congregationem
926 1642 1062 1706 instituit
1081 1639 1230 1707 Urbanus
1250 1641 1342 1711 Vm,

166 1765 258 1829 cuius
291 1765 483 1830 Praefectus
512 1745 561 1831 est
591 1765 755 1830 Romanus
788 1766 958 1841 Pontifex;
982 1770 1017 1832 at
1043 1763 1147 1831 officio
1179 1756 1352 1830 Praesidis

165 1886 312 1973 fungitur
335 1890 403 1974 ipse
426 1888 605 1955 Cardinalis
628 1890 790 1955 Viearius.

256 2010 372 2075 Refert
395 2009 490 2077 Gard.
512 2011 558 2075 De
573 2010 663 2075 Luca
684 2012 735 2076 De
749 2010 822 2077 tto.
843 2010 922 2077 Cur.
939 2012 1050 2092 Rom,
1073 2011 1162 2077 Diso.
1179 2010 1238 2087 et,
1255 2032 1289 2075 n.
1306 2011 1343 2092 5,

166 2156 226 2201 sua
240 2141 356 2212 aetate,
372 2138 586 2203 visitationem
600 2138 736 2203 localem
756 2139 788 2202 in
805 2140 963 2204 Ecclesiis
980 2139 1075 2205 Urbis
1098 2139 1217 2205 foetam
1242 2140 1344 2204 foisse

166 2261 207 2328 ab
223 2282 287 2327 uno
304 2283 346 2329 ex
363 2262 585 2328 Cardinalibus
608 2265 685 2329 huic
701 2264 951 2351 congregationi
974 2265 1117 2346 addictis,
1135 2267 1187 2349 qui
1212 2265 1342 2331 coadiu-

165 2390 271 2450 torem
293 2385 465 2451 adhibebat
486 2406 584 2452 unum
610 2408 652 2451 ex
670 2388 830 2453 Praelatis
845 2388 987 2453 eiusdem
1004 2390 1284 2474 congregationim
1309 2391 1342 2452 in

166 2512 322 2579 Ecclesiis
344 2518 452 2579 autem
476 2513 639 2578 districtus
661 2534 744 2577 unus
767 2534 810 2578 ex
833 2514 922 2578 hisce
944 2514 1104 2580 Praelatis
1127 2516 1341 2580 visitationem

165 2640 340 2725 peregisse.
359 2672 377 2685 ·
395 2638 513 2703 Ultima
527 2638 667 2703 visitatio
686 2638 799 2702 localis
822 2640 856 2703 in
880 2638 967 2705 Urbe
990 2638 1096 2704 locum
1120 2640 1232 2705 habuit
1254 2641 1343 2705 iussn

166 2765 284 2829 Leonis
311 2765 388 2830 XII.
416 2766 465 2829 Ne
490 2770 596 2829 tamen
626 2764 744 2830 exinde
767 2770 858 2831 recta
881 2763 1080 2849 agendarum
1108 2768 1191 2831 ratio
1215 2786 1344 2852 pessum

165 2885 270 2959 abeat,
295 2890 431 2951 cavetur
452 2892 489 2951 ut
511 2889 681 2971 quotannis
704 2888 861 2952 Rectores
877 2886 1097 2952 Ecclesiarum
1125 2893 1156 2952 et
1180 2888 1339 2952 Locorum

165 3008 299 3072 Piorum
324 3006 425 3073 libros
447 3027 581 3073 onerum
605 3010 775 3074 blissarum
799 3015 833 3074 et
855 3008 1113 3095 capellaniarum
1145 3015 1176 3074 et
1203 3009 1340 3074 aliarum

164 3135 291 3219 piarum
306 3134 528 3200 fundationum
552 3136 693 3202 eiusdem
711 3136 976 3223 Congregationis
996 3139 1137 3231 examini
1161 3137 1340 3209 subiiciunt.

164 3275 258 3340 quae,
272 3259 297 3321 si
314 3259 376 3324 rite
392 3257 544 3323 oneribus
560 3258 758 3323 satistactum
771 3258 820 3330 sit,
835 3258 999 3323 decretum
1014 3256 1152 3326 conficit.
1167 3260 1247 3325 Item
1259 3259 1344 3326 haec

165 3378 381 3466 Congregatio
394 3401 453 3467 pro
466 3381 603 3447 dioecesi
619 3383 764 3447 Romana
777 3381 970 3447 determinat
981 3383 1152 3448 Missurum
1167 3382 1342 3469 eleemosy-

164 3518 240 3563 nam
256 3505 289 3565 et
304 3501 475 3566 Missurum
499 3501 704 3579 reductiones
727 3507 760 3567 et
781 3504 983 3568 necessarias
1002 3504 1185 3569 sanationes
1203 3503 1343 3589 largitur

164 3644 307 3693 necnon
330 3632 477 3713 acceptat
499 3632 532 3693 et
554 3648 611 3693 suo
635 3628 766 3694 decreto
789 3627 898 3695 firmat
920 3650 1020 3694 novas
1043 3630 1110 3714 pias
1126 3629 1341 3695 fundationes.

164 3752 215 3817 Ita
230 3754 315 3817 enim
332 3772 450 3819 curare
473 3760 506 3819 et
528 3755 707 3820 decernere
723 3752 848 3820 fidelem
864 3757 989 3840 piorum
1006 3756 1199 3841 Legatorum
1221 3775 1341 3821 execu-

166 3876 297 3958 tionem,
321 3881 371 3943 est
392 3878 502 3960 utique
525 3878 658 3963 gravior
681 3878 713 3943 V
715 3880 884 3946 isitationis
908 3880 1086 3947 Pastoralis
1108 3901 1188 3945 cura
1213 3884 1245 3946 et
1271 3900 1346 3963 pro

170 3999 258 4067 Urbe
279 4000 352 4065 fere
375 4002 523 4073 maxima.
548 4022 620 4066 cum
644 4002 677 4065 in
701 4002 892 4068 dioecesano
923 4002 1071 4070 districtu
1094 4009 1190 4069 extra
1222 4004 1344 4069 Urbem

165 4144 348 4211 perpaucae
364 4126 530 4191 Ecclesiae
553 4131 675 4191 extent.
691 4162 708 4175 ·
723 4128 761 4191 ln
777 4128 942 4193 Ecclesiae
964 4133 1072 4195 autem
1089 4128 1184 4195 Urbis
1204 4130 1257 4194 rel
1280 4130 1344 4215 ipsi

165 4249 354 4315 Cardinales
379 4251 433 4316 vel
458 4249 632 4316 Praesules
654 4271 808 4318 romanae
839 4252 949 4318 curiae
974 4254 1071 4320 veluti
1095 4250 1234 4338 quotidie
1257 4256 1344 4320 invi-

163 4371 276 4458 gilant,
302 4372 342 4439 ob
365 4391 461 4439 sacra
483 4394 620 4440 munera
642 4395 724 4461 quae
748 4378 780 4442 in
803 4377 924 4443 eisdem
947 4377 1038 4443 obire
1060 4380 1173 4447 solent.
