<?xml version="1.0" encoding="UTF-8"?>
<!DOCTYPE html PUBLIC "-//W3C//DTD XHTML 1.0 Transitional//EN"
    "http://www.w3.org/TR/xhtml1/DTD/xhtml1-transitional.dtd">
<html xmlns="http://www.w3.org/1999/xhtml" xml:lang="en" lang="en">
 <head>
  <title>
</title>
<meta http-equiv="Content-Type" content="text/html;charset=utf-8" />
  <meta name='ocr-system' content='tesseract 3.04.00' />
  <meta name='ocr-capabilities' content='ocr_page ocr_carea ocr_par ocr_line ocrx_word'/>
</head>
<body>
  <div class='ocr_page' id='page_1' title='image "./praelectionesin03legagoog/praelectionesin03legagoog_0321.png"; bbox 0 0 3292 5109; ppageno 0'>
   <div class='ocr_carea' id='block_1_1' title="bbox 499 271 1339 336">
    <p class='ocr_par' dir='ltr' id='par_1_1' title="bbox 499 271 1339 336">
     <span class='ocr_line' id='line_1_1' title="bbox 499 271 1339 336; baseline 0.011 -11"><span class='ocrx_word' id='word_1_1' title='bbox 499 279 543 325; x_wconf 81' lang='lat' dir='ltr'>nra</span> <span class='ocrx_word' id='word_1_2' title='bbox 568 279 707 326; x_wconf 84' lang='lat' dir='ltr'>ionicus</span> <span class='ocrx_word' id='word_1_3' title='bbox 732 280 996 329; x_wconf 80' lang='lat' dir='ltr'>nocuasrasrrors</span> <span class='ocrx_word' id='word_1_4' title='bbox 1272 271 1339 336; x_wconf 89' lang='grc'>317</span> 
     </span>
    </p>
   </div>
   <div class='ocr_carea' id='block_1_2' title="bbox 82 402 1386 2356">
    <p class='ocr_par' dir='ltr' id='par_1_2' title="bbox 82 402 1386 2356">
     <span class='ocr_line' id='line_1_2' title="bbox 159 402 1340 489; baseline 0.01 -22"><span class='ocrx_word' id='word_1_5' title='bbox 159 403 305 475; x_wconf 88' lang='lat' dir='ltr'>nonista‚</span> <span class='ocrx_word' id='word_1_6' title='bbox 335 402 526 477; x_wconf 84' lang='lat' dir='ltr'>Corrector,</span> <span class='ocrx_word' id='word_1_7' title='bbox 559 404 743 489; x_wconf 88' lang='lat' dir='ltr'>Sigillator;</span> <span class='ocrx_word' id='word_1_8' title='bbox 775 410 808 470; x_wconf 88' lang='lat' dir='ltr'>et</span> <span class='ocrx_word' id='word_1_9' title='bbox 843 406 990 471; x_wconf 86' lang='lat' dir='ltr'>nonnulli</span> <span class='ocrx_word' id='word_1_10' title='bbox 1015 408 1251 477; x_wconf 78' lang='lat' dir='ltr'>Procuratores</span> <span class='ocrx_word' id='word_1_11' title='bbox 1281 434 1340 479; x_wconf 89' lang='lat' dir='ltr'>seu</span> 
     </span>
     <span class='ocr_line' id='line_1_3' title="bbox 159 528 1340 615; baseline 0.009 -21"><span class='ocrx_word' id='word_1_12' title='bbox 159 529 334 595; x_wconf 89' lang='lat' dir='ltr'>Secretarii</span> <span class='ocrx_word' id='word_1_13' title='bbox 351 534 383 596; x_wconf 88' lang='lat' dir='ltr'>et</span> <span class='ocrx_word' id='word_1_14' title='bbox 395 528 587 615; x_wconf 75' lang='lat' dir='ltr'>Scriptores.</span> <span class='ocrx_word' id='word_1_15' title='bbox 602 566 617 575; x_wconf 94' lang='lat'><em>-</em></span> <span class='ocrx_word' id='word_1_16' title='bbox 634 530 746 595; x_wconf 81' lang='lat' dir='ltr'>Eidem</span> <span class='ocrx_word' id='word_1_17' title='bbox 760 533 924 615; x_wconf 83' lang='lat' dir='ltr'>pertinent</span> <span class='ocrx_word' id='word_1_18' title='bbox 935 534 1080 600; x_wconf 85' lang='lat' dir='ltr'>Minores</span> <span class='ocrx_word' id='word_1_19' title='bbox 1094 537 1340 605; x_wconf 86' lang='lat' dir='ltr'>Poenitentiarii</span> 
     </span>
     <span class='ocr_line' id='line_1_4' title="bbox 158 648 1386 739; baseline 0.009 -18"><span class='ocrx_word' id='word_1_20' title='bbox 158 658 211 739; x_wconf 89' lang='lat' dir='ltr'>qui</span> <span class='ocrx_word' id='word_1_21' title='bbox 241 658 272 721; x_wconf 90' lang='lat' dir='ltr'>in</span> <span class='ocrx_word' id='word_1_22' title='bbox 298 656 402 722; x_wconf 88' lang='lat' dir='ltr'>tribus</span> <span class='ocrx_word' id='word_1_23' title='bbox 427 658 550 721; x_wconf 87' lang='lat' dir='ltr'>Romae</span> <span class='ocrx_word' id='word_1_24' title='bbox 574 657 720 722; x_wconf 90' lang='lat' dir='ltr'>Basilicis</span> <span class='ocrx_word' id='word_1_25' title='bbox 743 658 782 721; x_wconf 90' lang='lat' dir='ltr'>ad</span> <span class='ocrx_word' id='word_1_26' title='bbox 811 648 999 724; x_wconf 79' lang='lat' dir='ltr'>audiendas&#39;</span> <span class='ocrx_word' id='word_1_27' title='bbox 1014 662 1234 730; x_wconf 84' lang='lat' dir='ltr'>confessiones</span> <span class='ocrx_word' id='word_1_28' title='bbox 1265 686 1339 731; x_wconf 91' lang='lat' dir='ltr'>cum</span> <span class='ocrx_word' id='word_1_29' title='bbox 1384 663 1386 672; x_wconf 76' lang='grc'>’</span> 
     </span>
     <span class='ocr_line' id='line_1_5' title="bbox 158 781 1277 855; baseline 0.006 -8"><span class='ocrx_word' id='word_1_30' title='bbox 158 783 257 849; x_wconf 84' lang='lat' dir='ltr'>certis</span> <span class='ocrx_word' id='word_1_31' title='bbox 281 781 487 849; x_wconf 86' lang='lat' dir='ltr'>facultatibus</span> <span class='ocrx_word' id='word_1_32' title='bbox 509 803 530 847; x_wconf 91' lang='lat' dir='ltr'>a</span> <span class='ocrx_word' id='word_1_33' title='bbox 552 782 669 847; x_wconf 90' lang='lat' dir='ltr'>Maiori</span> <span class='ocrx_word' id='word_1_34' title='bbox 695 784 949 849; x_wconf 73' lang='lat' dir='ltr'>poenitentiario</span> <span class='ocrx_word' id='word_1_35' title='bbox 973 789 1221 855; x_wconf 87' lang='lat' dir='ltr'>constituuntur.</span> <span class='ocrx_word' id='word_1_36' title='bbox 1274 790 1277 793; x_wconf 77' lang='grc'><strong>’</strong></span> 
     </span>
     <span class='ocr_line' id='line_1_6' title="bbox 247 904 1340 975; baseline 0.004 -4"><span class='ocrx_word' id='word_1_37' title='bbox 247 905 324 971; x_wconf 82' lang='grc'><strong>267.</strong></span> <span class='ocrx_word' id='word_1_38' title='bbox 351 906 387 969; x_wconf 94' lang='lat' dir='ltr'>ln</span> <span class='ocrx_word' id='word_1_39' title='bbox 412 907 466 969; x_wconf 85' lang='lat' dir='ltr'>cit.</span> <span class='ocrx_word' id='word_1_40' title='bbox 492 906 598 971; x_wconf 85' lang='lat' dir='ltr'>Const.</span> <span class='ocrx_word' id='word_1_41' title='bbox 624 904 744 970; x_wconf 89' lang='lat' dir='ltr'>ssened.</span> <span class='ocrx_word' id='word_1_42' title='bbox 768 906 854 971; x_wconf 88' lang='lat' dir='ltr'>XIV</span> <span class='ocrx_word' id='word_1_43' title='bbox 878 907 917 971; x_wconf 90' lang='lat' dir='ltr'>de</span> <span class='ocrx_word' id='word_1_44' title='bbox 941 907 1057 973; x_wconf 94' lang='lat' dir='ltr'>Maiori</span> <span class='ocrx_word' id='word_1_45' title='bbox 1085 910 1340 975; x_wconf 86' lang='lat' dir='ltr'>poenitentiario</span> 
     </span>
     <span class='ocr_line' id='line_1_7' title="bbox 158 1030 1340 1103; baseline 0.006 -9"><span class='ocrx_word' id='word_1_46' title='bbox 158 1031 240 1095; x_wconf 89' lang='lat' dir='ltr'>haec</span> <span class='ocrx_word' id='word_1_47' title='bbox 275 1030 440 1096; x_wconf 80' lang='lat' dir='ltr'>decernit:</span> <span class='ocrx_word' id='word_1_48' title='bbox 468 1032 612 1095; x_wconf 79' lang='lat' dir='ltr'>«Maior</span> <span class='ocrx_word' id='word_1_49' title='bbox 638 1032 910 1097; x_wconf 88' lang='lat' dir='ltr'>poenitentiarius</span> <span class='ocrx_word' id='word_1_50' title='bbox 943 1052 1027 1097; x_wconf 89' lang='lat' dir='ltr'>unus</span> <span class='ocrx_word' id='word_1_51' title='bbox 1054 1034 1096 1099; x_wconf 88' lang='lat' dir='ltr'>sit</span> <span class='ocrx_word' id='word_1_52' title='bbox 1126 1055 1168 1099; x_wconf 80' lang='lat' dir='ltr'>en</span> <span class='ocrx_word' id='word_1_53' title='bbox 1200 1035 1340 1103; x_wconf 84' lang='lat' dir='ltr'>Sanctae</span> 
     </span>
     <span class='ocr_line' id='line_1_8' title="bbox 160 1152 1338 1243; baseline 0.003 -24"><span class='ocrx_word' id='word_1_54' title='bbox 160 1154 325 1219; x_wconf 83' lang='lat' dir='ltr'>Romanae</span> <span class='ocrx_word' id='word_1_55' title='bbox 348 1154 517 1219; x_wconf 84' lang='lat' dir='ltr'>Ecclesiae</span> <span class='ocrx_word' id='word_1_56' title='bbox 540 1152 765 1221; x_wconf 88' lang='lat' dir='ltr'>Cardinalibus</span> <span class='ocrx_word' id='word_1_57' title='bbox 796 1154 984 1240; x_wconf 86' lang='lat' dir='ltr'>presbyter,</span> <span class='ocrx_word' id='word_1_58' title='bbox 1009 1155 1157 1239; x_wconf 86' lang='lat' dir='ltr'>idemque</span> <span class='ocrx_word' id='word_1_59' title='bbox 1179 1157 1338 1243; x_wconf 84' lang='lat' dir='ltr'>Magister</span> 
     </span>
     <span class='ocr_line' id='line_1_9' title="bbox 158 1275 1337 1361; baseline 0.003 -22"><span class='ocrx_word' id='word_1_60' title='bbox 158 1278 190 1340; x_wconf 91' lang='lat' dir='ltr'>in</span> <span class='ocrx_word' id='word_1_61' title='bbox 222 1276 400 1361; x_wconf 87' lang='lat' dir='ltr'>Tlreologia</span> <span class='ocrx_word' id='word_1_62' title='bbox 435 1296 491 1341; x_wconf 91' lang='lat' dir='ltr'>seu</span> <span class='ocrx_word' id='word_1_63' title='bbox 526 1275 732 1340; x_wconf 87' lang='lat' dir='ltr'>decretorum</span> <span class='ocrx_word' id='word_1_64' title='bbox 760 1276 897 1351; x_wconf 90' lang='lat' dir='ltr'>Doctor;</span> <span class='ocrx_word' id='word_1_65' title='bbox 928 1282 1026 1360; x_wconf 89' lang='lat' dir='ltr'>atque</span> <span class='ocrx_word' id='word_1_66' title='bbox 1056 1278 1166 1341; x_wconf 94' lang='lat' dir='ltr'>asolo</span> <span class='ocrx_word' id='word_1_67' title='bbox 1190 1279 1337 1343; x_wconf 84' lang='lat' dir='ltr'>Romano</span> 
     </span>
     <span class='ocr_line' id='line_1_10' title="bbox 158 1398 1337 1487; baseline 0.003 -22"><span class='ocrx_word' id='word_1_68' title='bbox 158 1398 315 1467; x_wconf 88' lang='lat' dir='ltr'>pontifice</span> <span class='ocrx_word' id='word_1_69' title='bbox 339 1402 478 1487; x_wconf 87' lang='lat' dir='ltr'>eligatur</span> <span class='ocrx_word' id='word_1_70' title='bbox 500 1422 560 1487; x_wconf 90' lang='lat' dir='ltr'>per</span> <span class='ocrx_word' id='word_1_71' title='bbox 581 1403 707 1466; x_wconf 89' lang='lat' dir='ltr'>litteras</span> <span class='ocrx_word' id='word_1_72' title='bbox 725 1407 759 1466; x_wconf 88' lang='lat' dir='ltr'>ut</span> <span class='ocrx_word' id='word_1_73' title='bbox 782 1402 940 1469; x_wconf 89' lang='lat' dir='ltr'>hactenus</span> <span class='ocrx_word' id='word_1_74' title='bbox 962 1405 1062 1467; x_wconf 91' lang='lat' dir='ltr'>moris</span> <span class='ocrx_word' id='word_1_75' title='bbox 1085 1402 1156 1476; x_wconf 84' lang='lat' dir='ltr'>fuit,</span> <span class='ocrx_word' id='word_1_76' title='bbox 1173 1405 1206 1467; x_wconf 91' lang='lat' dir='ltr'>in</span> <span class='ocrx_word' id='word_1_77' title='bbox 1228 1403 1337 1469; x_wconf 83' lang='lat' dir='ltr'>forma</span> 
     </span>
     <span class='ocr_line' id='line_1_11' title="bbox 157 1524 1334 1611; baseline 0.005 -24"><span class='ocrx_word' id='word_1_78' title='bbox 157 1524 289 1599; x_wconf 88' lang='lat' dir='ltr'>Brevis;</span> <span class='ocrx_word' id='word_1_79' title='bbox 314 1546 404 1589; x_wconf 85' lang='lat' dir='ltr'>suurn</span> <span class='ocrx_word' id='word_1_80' title='bbox 428 1530 533 1591; x_wconf 89' lang='lat' dir='ltr'>autem</span> <span class='ocrx_word' id='word_1_81' title='bbox 557 1546 672 1591; x_wconf 90' lang='lat' dir='ltr'>munus</span> <span class='ocrx_word' id='word_1_82' title='bbox 689 1528 901 1611; x_wconf 88' lang='lat' dir='ltr'>perseipsum</span> <span class='ocrx_word' id='word_1_83' title='bbox 924 1545 1083 1591; x_wconf 83' lang='lat' dir='ltr'>exercere</span> <span class='ocrx_word' id='word_1_84' title='bbox 1106 1526 1245 1592; x_wconf 89' lang='lat' dir='ltr'>debebit.</span> <span class='ocrx_word' id='word_1_85' title='bbox 1271 1527 1334 1593; x_wconf 89' lang='lat' dir='ltr'>Sed</span> 
     </span>
     <span class='ocr_line' id='line_1_12' title="bbox 155 1648 1337 1735; baseline 0.007 -25"><span class='ocrx_word' id='word_1_86' title='bbox 155 1649 182 1711; x_wconf 90' lang='lat' dir='ltr'>si</span> <span class='ocrx_word' id='word_1_87' title='bbox 198 1668 241 1714; x_wconf 79' lang='lat' dir='ltr'>er</span> <span class='ocrx_word' id='word_1_88' title='bbox 258 1669 354 1715; x_wconf 85' lang='lat' dir='ltr'>causa</span> <span class='ocrx_word' id='word_1_89' title='bbox 370 1650 522 1735; x_wconf 86' lang='lat' dir='ltr'>legitima,</span> <span class='ocrx_word' id='word_1_90' title='bbox 539 1670 560 1714; x_wconf 93' lang='lat' dir='ltr'>a</span> <span class='ocrx_word' id='word_1_91' title='bbox 577 1652 721 1715; x_wconf 80' lang='lat' dir='ltr'>ltonrano</span> <span class='ocrx_word' id='word_1_92' title='bbox 739 1648 897 1716; x_wconf 86' lang='lat' dir='ltr'>pontifice</span> <span class='ocrx_word' id='word_1_93' title='bbox 912 1651 1061 1733; x_wconf 89' lang='lat' dir='ltr'>admissa,</span> <span class='ocrx_word' id='word_1_94' title='bbox 1077 1652 1194 1717; x_wconf 86' lang='lat' dir='ltr'>absens</span> <span class='ocrx_word' id='word_1_95' title='bbox 1209 1658 1266 1718; x_wconf 93' lang='lat' dir='ltr'>aut</span> <span class='ocrx_word' id='word_1_96' title='bbox 1280 1655 1337 1718; x_wconf 93' lang='lat' dir='ltr'>im·</span> 
     </span>
     <span class='ocr_line' id='line_1_13' title="bbox 82 1766 1337 1860; baseline 0.002 -22"><span class='ocrx_word' id='word_1_97' title='bbox 82 1766 88 1786; x_wconf 82' lang='lat'><strong>⁴</strong></span> <span class='ocrx_word' id='word_1_98' title='bbox 155 1774 281 1859; x_wconf 88' lang='lat' dir='ltr'>peditus</span> <span class='ocrx_word' id='word_1_99' title='bbox 297 1775 406 1847; x_wconf 84' lang='lat' dir='ltr'>fuerit,</span> <span class='ocrx_word' id='word_1_100' title='bbox 424 1776 557 1860; x_wconf 90' lang='lat' dir='ltr'>ipsemet</span> <span class='ocrx_word' id='word_1_101' title='bbox 574 1796 670 1839; x_wconf 90' lang='lat' dir='ltr'>unum</span> <span class='ocrx_word' id='word_1_102' title='bbox 688 1776 785 1838; x_wconf 88' lang='lat' dir='ltr'>alium</span> <span class='ocrx_word' id='word_1_103' title='bbox 802 1794 845 1838; x_wconf 82' lang='lat' dir='ltr'>ex</span> <span class='ocrx_word' id='word_1_104' title='bbox 861 1774 891 1839; x_wconf 89' lang='lat' dir='ltr'>S.</span> <span class='ocrx_word' id='word_1_105' title='bbox 908 1775 946 1838; x_wconf 82' lang='lat' dir='ltr'>lt.</span> <span class='ocrx_word' id='word_1_106' title='bbox 960 1776 997 1838; x_wconf 88' lang='grc' dir='ltr'>Ε.</span> <span class='ocrx_word' id='word_1_107' title='bbox 1016 1773 1240 1840; x_wconf 83' lang='lat' dir='ltr'>Cardinalibds</span> <span class='ocrx_word' id='word_1_108' title='bbox 1255 1796 1337 1860; x_wconf 88' lang='lat' dir='ltr'>prae</span> 
     </span>
     <span class='ocr_line' id='line_1_14' title="bbox 155 1898 1336 1986; baseline 0.003 -23"><span class='ocrx_word' id='word_1_109' title='bbox 155 1898 248 1963; x_wconf 86' lang='lat' dir='ltr'>dictis</span> <span class='ocrx_word' id='word_1_110' title='bbox 279 1899 484 1984; x_wconf 86' lang='lat' dir='ltr'>qualitatibus</span> <span class='ocrx_word' id='word_1_111' title='bbox 514 1901 700 1984; x_wconf 87' lang='lat' dir='ltr'>insignitum</span> <span class='ocrx_word' id='word_1_112' title='bbox 736 1900 1104 1965; x_wconf 88' lang='lat' dir='ltr'>Pro-poenitentiarium</span> <span class='ocrx_word' id='word_1_113' title='bbox 1128 1899 1336 1986; x_wconf 87' lang='lat' dir='ltr'>subrogabit;</span> 
     </span>
     <span class='ocr_line' id='line_1_15' title="bbox 156 2025 1337 2111; baseline 0.003 -22"><span class='ocrx_word' id='word_1_114' title='bbox 156 2026 209 2109; x_wconf 91' lang='lat' dir='ltr'>qui</span> <span class='ocrx_word' id='word_1_115' title='bbox 235 2027 365 2091; x_wconf 89' lang='lat' dir='ltr'>interim</span> <span class='ocrx_word' id='word_1_116' title='bbox 382 2026 446 2091; x_wconf 92' lang='lat' dir='ltr'>hoc</span> <span class='ocrx_word' id='word_1_117' title='bbox 469 2045 585 2090; x_wconf 79' lang='lat' dir='ltr'>munus</span> <span class='ocrx_word' id='word_1_118' title='bbox 610 2027 733 2110; x_wconf 89' lang='lat' dir='ltr'>pariter</span> <span class='ocrx_word' id='word_1_119' title='bbox 755 2046 815 2110; x_wconf 92' lang='lat' dir='ltr'>per</span> <span class='ocrx_word' id='word_1_120' title='bbox 839 2026 977 2111; x_wconf 90' lang='lat' dir='ltr'>seipsum</span> <span class='ocrx_word' id='word_1_121' title='bbox 1000 2032 1231 2110; x_wconf 91' lang='lat' dir='ltr'>prosequatur;</span> <span class='ocrx_word' id='word_1_122' title='bbox 1253 2025 1337 2093; x_wconf 77' lang='lat' dir='ltr'>litte</span> 
     </span>
     <span class='ocr_line' id='line_1_16' title="bbox 155 2149 1385 2246; baseline 0.002 -33"><span class='ocrx_word' id='word_1_123' title='bbox 155 2170 272 2233; x_wconf 88' lang='lat' dir='ltr'>rasque</span> <span class='ocrx_word' id='word_1_124' title='bbox 299 2170 362 2213; x_wconf 93' lang='lat' dir='ltr'>non</span> <span class='ocrx_word' id='word_1_125' title='bbox 389 2151 631 2214; x_wconf 83' lang='lat' dir='ltr'>Paenitentiarii</span> <span class='ocrx_word' id='word_1_126' title='bbox 664 2149 885 2235; x_wconf 86' lang='lat' dir='ltr'>subrogantis‚</span> <span class='ocrx_word' id='word_1_127' title='bbox 910 2150 966 2214; x_wconf 90' lang='lat' dir='ltr'>sed</span> <span class='ocrx_word' id='word_1_128' title='bbox 990 2172 1048 2214; x_wconf 91' lang='lat' dir='ltr'>suo</span> <span class='ocrx_word' id='word_1_129' title='bbox 1070 2152 1203 2237; x_wconf 91' lang='lat' dir='ltr'>proprio</span> <span class='ocrx_word' id='word_1_130' title='bbox 1226 2150 1336 2216; x_wconf 85' lang='lat' dir='ltr'>iubeat</span> <span class='ocrx_word' id='word_1_131' title='bbox 1381 2233 1385 2246; x_wconf 60' lang='lat'>„</span> 
     </span>
     <span class='ocr_line' id='line_1_17' title="bbox 155 2268 1336 2356; baseline 0.003 -25"><span class='ocrx_word' id='word_1_132' title='bbox 155 2269 312 2353; x_wconf 87' lang='lat' dir='ltr'>expediri.</span> <span class='ocrx_word' id='word_1_133' title='bbox 339 2268 480 2341; x_wconf 83' lang='lat' dir='ltr'>Quodsi</span> <span class='ocrx_word' id='word_1_134' title='bbox 504 2272 678 2353; x_wconf 89' lang='lat' dir='ltr'>contigerit</span> <span class='ocrx_word' id='word_1_135' title='bbox 702 2278 737 2332; x_wconf 93' lang='lat' dir='ltr'>ut</span> <span class='ocrx_word' id='word_1_136' title='bbox 760 2269 866 2332; x_wconf 90' lang='lat' dir='ltr'>Maior</span> <span class='ocrx_word' id='word_1_137' title='bbox 891 2269 1164 2336; x_wconf 87' lang='lat' dir='ltr'>Poenitentiarius</span> <span class='ocrx_word' id='word_1_138' title='bbox 1187 2277 1336 2356; x_wconf 90' lang='lat' dir='ltr'>tempore</span> 
     </span>
    </p>
   </div>
   <div class='ocr_carea' id='block_1_3' title="bbox 151 2392 1339 3601">
    <p class='ocr_par' dir='ltr' id='par_1_3' title="bbox 152 2392 1335 2979">
     <span class='ocr_line' id='line_1_18' title="bbox 154 2392 1333 2469; baseline 0.006 -12"><span class='ocrx_word' id='word_1_139' title='bbox 154 2396 299 2458; x_wconf 89' lang='lat' dir='ltr'>vacantis</span> <span class='ocrx_word' id='word_1_140' title='bbox 323 2394 413 2459; x_wconf 89' lang='lat' dir='ltr'>Sedis</span> <span class='ocrx_word' id='word_1_141' title='bbox 438 2392 627 2459; x_wconf 88' lang='lat' dir='ltr'>Pontificiae</span> <span class='ocrx_word' id='word_1_142' title='bbox 650 2415 669 2459; x_wconf 94' lang='lat' dir='ltr'>e</span> <span class='ocrx_word' id='word_1_143' title='bbox 694 2396 759 2458; x_wconf 91' lang='lat' dir='ltr'>vita</span> <span class='ocrx_word' id='word_1_144' title='bbox 782 2394 973 2469; x_wconf 88' lang='lat' dir='ltr'>decesserit,</span> <span class='ocrx_word' id='word_1_145' title='bbox 998 2400 1065 2460; x_wconf 92' lang='lat' dir='ltr'>tum</span> <span class='ocrx_word' id='word_1_146' title='bbox 1088 2416 1109 2460; x_wconf 91' lang='lat' dir='ltr'>a</span> <span class='ocrx_word' id='word_1_147' title='bbox 1131 2398 1254 2462; x_wconf 88' lang='lat' dir='ltr'>maiore</span> <span class='ocrx_word' id='word_1_148' title='bbox 1277 2419 1333 2464; x_wconf 91' lang='lat' dir='ltr'>nu·</span> 
     </span>
     <span class='ocr_line' id='line_1_19' title="bbox 154 2519 1335 2605; baseline 0.004 -22"><span class='ocrx_word' id='word_1_149' title='bbox 154 2540 245 2584; x_wconf 92' lang='lat' dir='ltr'>mero</span> <span class='ocrx_word' id='word_1_150' title='bbox 277 2519 496 2586; x_wconf 86' lang='lat' dir='ltr'>Cardinalium</span> <span class='ocrx_word' id='word_1_151' title='bbox 521 2522 554 2583; x_wconf 93' lang='lat' dir='ltr'>in</span> <span class='ocrx_word' id='word_1_152' title='bbox 579 2520 732 2585; x_wconf 89' lang='lat' dir='ltr'>Conclavi</span> <span class='ocrx_word' id='word_1_153' title='bbox 768 2519 951 2605; x_wconf 87' lang='lat' dir='ltr'>degentium</span> <span class='ocrx_word' id='word_1_154' title='bbox 975 2523 1029 2585; x_wconf 89' lang='lat' dir='ltr'>vel</span> <span class='ocrx_word' id='word_1_155' title='bbox 1058 2527 1134 2586; x_wconf 90' lang='lat' dir='ltr'>ante</span> <span class='ocrx_word' id='word_1_156' title='bbox 1163 2522 1335 2588; x_wconf 83' lang='lat' dir='ltr'>Conclavis</span> 
     </span>
     <span class='ocr_line' id='line_1_20' title="bbox 154 2646 1334 2732; baseline -0.002 -22"><span class='ocrx_word' id='word_1_157' title='bbox 154 2648 335 2732; x_wconf 85' lang='lat' dir='ltr'>ingressum</span> <span class='ocrx_word' id='word_1_158' title='bbox 360 2646 391 2709; x_wconf 93' lang='lat' dir='ltr'>in</span> <span class='ocrx_word' id='word_1_159' title='bbox 417 2647 670 2731; x_wconf 86' lang='lat' dir='ltr'>congregatione</span> <span class='ocrx_word' id='word_1_160' title='bbox 694 2646 848 2712; x_wconf 89' lang='lat' dir='ltr'>Generali</span> <span class='ocrx_word' id='word_1_161' title='bbox 872 2646 1142 2717; x_wconf 87' lang='lat' dir='ltr'>convenientium,</span> <span class='ocrx_word' id='word_1_162' title='bbox 1167 2646 1334 2730; x_wconf 83' lang='lat' dir='ltr'>eligendus</span> 
     </span>
     <span class='ocr_line' id='line_1_21' title="bbox 152 2764 1333 2855; baseline -0.001 -21"><span class='ocrx_word' id='word_1_163' title='bbox 152 2773 217 2834; x_wconf 90' lang='lat' dir='ltr'>erit</span> <span class='ocrx_word' id='word_1_164' title='bbox 239 2790 298 2855; x_wconf 89' lang='lat' dir='ltr'>per</span> <span class='ocrx_word' id='word_1_165' title='bbox 322 2774 450 2833; x_wconf 84' lang='lat' dir='ltr'>secreta</span> <span class='ocrx_word' id='word_1_166' title='bbox 476 2764 631 2853; x_wconf 86' lang='lat' dir='ltr'>suffragia</span> <span class='ocrx_word' id='word_1_167' title='bbox 654 2768 737 2833; x_wconf 92' lang='lat' dir='ltr'>alius</span> <span class='ocrx_word' id='word_1_168' title='bbox 762 2766 943 2832; x_wconf 86' lang='lat' dir='ltr'>Cardinalis</span> <span class='ocrx_word' id='word_1_169' title='bbox 963 2768 1333 2850; x_wconf 85' lang='lat' dir='ltr'>Pro-poenitentiarius,</span> 
     </span>
     <span class='ocr_line' id='line_1_22' title="bbox 152 2894 839 2979; baseline -0.007 -19"><span class='ocrx_word' id='word_1_170' title='bbox 152 2895 193 2961; x_wconf 94' lang='lat' dir='ltr'>ad</span> <span class='ocrx_word' id='word_1_171' title='bbox 216 2895 357 2960; x_wconf 90' lang='lat' dir='ltr'>eiusdem</span> <span class='ocrx_word' id='word_1_172' title='bbox 381 2894 471 2960; x_wconf 88' lang='lat' dir='ltr'>Sedis</span> <span class='ocrx_word' id='word_1_173' title='bbox 494 2896 638 2959; x_wconf 85' lang='lat' dir='ltr'>vacantis</span> <span class='ocrx_word' id='word_1_174' title='bbox 662 2902 788 2979; x_wconf 89' lang='lat' dir='ltr'>tempus</span> <span class='ocrx_word' id='word_1_175' title='bbox 807 2915 839 2956; x_wconf 82' lang='lat'>›.</span> 
     </span>
    </p>

    <p class='ocr_par' dir='ltr' id='par_1_4' title="bbox 151 3016 1339 3601">
     <span class='ocr_line' id='line_1_23' title="bbox 241 3016 1330 3104; baseline -0.006 -17"><span class='ocrx_word' id='word_1_176' title='bbox 241 3022 317 3088; x_wconf 78' lang='lat'>268.</span> <span class='ocrx_word' id='word_1_177' title='bbox 343 3020 438 3086; x_wconf 90' lang='lat' dir='ltr'>Circa</span> <span class='ocrx_word' id='word_1_178' title='bbox 464 3020 632 3104; x_wconf 87' lang='lat' dir='ltr'>qualitates</span> <span class='ocrx_word' id='word_1_179' title='bbox 657 3020 794 3083; x_wconf 91' lang='lat' dir='ltr'>aliorum</span> <span class='ocrx_word' id='word_1_180' title='bbox 820 3016 1016 3084; x_wconf 86' lang='lat' dir='ltr'>Officialium</span> <span class='ocrx_word' id='word_1_181' title='bbox 1041 3024 1207 3083; x_wconf 90' lang='lat' dir='ltr'>eteorum</span> <span class='ocrx_word' id='word_1_182' title='bbox 1231 3017 1330 3102; x_wconf 89' lang='lat' dir='ltr'>depu-</span> 
     </span>
     <span class='ocr_line' id='line_1_24' title="bbox 152 3139 1331 3211; baseline -0.002 -2"><span class='ocrx_word' id='word_1_183' title='bbox 152 3146 307 3211; x_wconf 87' lang='lat' dir='ltr'>tationem</span> <span class='ocrx_word' id='word_1_184' title='bbox 324 3146 406 3209; x_wconf 90' lang='lat' dir='ltr'>haec</span> <span class='ocrx_word' id='word_1_185' title='bbox 422 3144 521 3209; x_wconf 89' lang='lat' dir='ltr'>habet</span> <span class='ocrx_word' id='word_1_186' title='bbox 543 3144 736 3208; x_wconf 89' lang='lat' dir='ltr'>Benedictus</span> <span class='ocrx_word' id='word_1_187' title='bbox 752 3143 836 3208; x_wconf 88' lang='lat' dir='ltr'>XIV</span> <span class='ocrx_word' id='word_1_188' title='bbox 854 3144 885 3206; x_wconf 94' lang='lat' dir='ltr'>in</span> <span class='ocrx_word' id='word_1_189' title='bbox 903 3144 956 3206; x_wconf 89' lang='lat' dir='ltr'>cit.</span> <span class='ocrx_word' id='word_1_190' title='bbox 973 3140 1080 3208; x_wconf 86' lang='lat' dir='ltr'>Const.</span> <span class='ocrx_word' id='word_1_191' title='bbox 1100 3162 1120 3203; x_wconf 84' lang='lat'><strong>‹</strong></span> <span class='ocrx_word' id='word_1_192' title='bbox 1136 3139 1331 3208; x_wconf 87' lang='lat' dir='ltr'>Officialium</span> 
     </span>
     <span class='ocr_line' id='line_1_25' title="bbox 151 3266 1339 3353; baseline 0.001 -20"><span class='ocrx_word' id='word_1_193' title='bbox 151 3276 257 3335; x_wconf 90' lang='lat' dir='ltr'>autem</span> <span class='ocrx_word' id='word_1_194' title='bbox 283 3274 353 3353; x_wconf 89' lang='lat' dir='ltr'>post</span> <span class='ocrx_word' id='word_1_195' title='bbox 376 3270 532 3333; x_wconf 87' lang='lat' dir='ltr'>Maiorem</span> <span class='ocrx_word' id='word_1_196' title='bbox 560 3268 846 3331; x_wconf 71' lang='lat' dir='ltr'>poenitentiarium</span> <span class='ocrx_word' id='word_1_197' title='bbox 875 3266 1022 3350; x_wconf 90' lang='lat' dir='ltr'>superius</span> <span class='ocrx_word' id='word_1_198' title='bbox 1050 3272 1339 3340; x_wconf 67' lang='lat' dir='ltr'>enumeratorum.</span> 
     </span>
     <span class='ocr_line' id='line_1_26' title="bbox 151 3385 1330 3477; baseline -0.004 -20"><span class='ocrx_word' id='word_1_199' title='bbox 151 3394 213 3457; x_wconf 90' lang='lat' dir='ltr'>hae</span> <span class='ocrx_word' id='word_1_200' title='bbox 237 3393 434 3477; x_wconf 85' lang='lat' dir='ltr'>potissimum</span> <span class='ocrx_word' id='word_1_201' title='bbox 457 3390 628 3473; x_wconf 85' lang='lat' dir='ltr'>qualitales</span> <span class='ocrx_word' id='word_1_202' title='bbox 653 3393 764 3453; x_wconf 91' lang='lat' dir='ltr'>erunt:</span> <span class='ocrx_word' id='word_1_203' title='bbox 790 3388 931 3473; x_wconf 77' lang='lat' dir='ltr'>pagens,</span> <span class='ocrx_word' id='word_1_204' title='bbox 953 3388 1113 3468; x_wconf 78' lang='lat' dir='ltr'>Batonius,</span> <span class='ocrx_word' id='word_1_205' title='bbox 1131 3385 1163 3471; x_wconf 87' lang='lat' dir='ltr'>(a</span> <span class='ocrx_word' id='word_1_206' title='bbox 1179 3386 1330 3475; x_wconf 80' lang='lat' dir='ltr'>datand0)</span> 
     </span>
     <span class='ocr_line' id='line_1_27' title="bbox 151 3512 1332 3601; baseline -0.003 -19"><span class='ocrx_word' id='word_1_207' title='bbox 151 3518 344 3601; x_wconf 75' lang='lat' dir='ltr'>Tlreologus,</span> <span class='ocrx_word' id='word_1_208' title='bbox 363 3523 395 3580; x_wconf 92' lang='lat' dir='ltr'>et</span> <span class='ocrx_word' id='word_1_209' title='bbox 412 3515 618 3579; x_wconf 88' lang='lat' dir='ltr'>decretorum</span> <span class='ocrx_word' id='word_1_210' title='bbox 643 3512 757 3577; x_wconf 86' lang='lat' dir='ltr'>doctor</span> <span class='ocrx_word' id='word_1_211' title='bbox 779 3512 849 3598; x_wconf 81' lang='lat' dir='ltr'>(seu</span> <span class='ocrx_word' id='word_1_212' title='bbox 874 3512 1058 3597; x_wconf 83' lang='lat' dir='ltr'>Canonista)</span> <span class='ocrx_word' id='word_1_213' title='bbox 1082 3514 1243 3598; x_wconf 86' lang='lat' dir='ltr'>eligentur</span> <span class='ocrx_word' id='word_1_214' title='bbox 1265 3515 1332 3579; x_wconf 88' lang='lat' dir='ltr'>viri</span> 
     </span>
    </p>
   </div>
   <div class='ocr_carea' id='block_1_4' title="bbox 147 3734 1331 4259">
    <p class='ocr_par' dir='ltr' id='par_1_5' title="bbox 147 3734 1331 4259">
     <span class='ocr_line' id='line_1_28' title="bbox 150 3734 1330 3829; baseline -0.001 -15"><span class='ocrx_word' id='word_1_215' title='bbox 150 3762 229 3824; x_wconf 87' lang='lat' dir='ltr'>solet,</span> <span class='ocrx_word' id='word_1_216' title='bbox 244 3761 378 3816; x_wconf 81' lang='lat' dir='ltr'>iuteresse</span> <span class='ocrx_word' id='word_1_217' title='bbox 391 3761 504 3826; x_wconf 87' lang='lat' dir='ltr'>debent,</span> <span class='ocrx_word' id='word_1_218' title='bbox 515 3760 574 3829; x_wconf 84' lang='lat' dir='ltr'>ipso</span> <span class='ocrx_word' id='word_1_219' title='bbox 588 3760 689 3813; x_wconf 86' lang='lat' dir='ltr'>Maiori</span> <span class='ocrx_word' id='word_1_220' title='bbox 705 3760 924 3814; x_wconf 74' lang='lat' dir='ltr'>poenitentiario</span> <span class='ocrx_word' id='word_1_221' title='bbox 937 3734 1119 3828; x_wconf 79' lang='lat' dir='ltr'>praesidente,</span> <span class='ocrx_word' id='word_1_222' title='bbox 1131 3776 1228 3814; x_wconf 90' lang='lat' dir='ltr'>omnes</span> <span class='ocrx_word' id='word_1_223' title='bbox 1246 3776 1330 3829; x_wconf 89' lang='lat' dir='ltr'>prae·</span> 
     </span>
     <span class='ocr_line' id='line_1_29' title="bbox 149 3867 1331 3937; baseline -0.001 -16"><span class='ocrx_word' id='word_1_224' title='bbox 149 3869 216 3923; x_wconf 89' lang='lat' dir='ltr'>dicti</span> <span class='ocrx_word' id='word_1_225' title='bbox 236 3870 383 3937; x_wconf 60' lang='lat' dir='ltr'>Officiales</span> <span class='ocrx_word' id='word_1_226' title='bbox 402 3868 590 3937; x_wconf 85' lang='lat' dir='ltr'>Scriptoribus</span> <span class='ocrx_word' id='word_1_227' title='bbox 609 3868 741 3936; x_wconf 75' lang='lat' dir='ltr'>exceptis.</span> <span class='ocrx_word' id='word_1_228' title='bbox 760 3867 791 3920; x_wconf 92' lang='lat' dir='ltr'>ln</span> <span class='ocrx_word' id='word_1_229' title='bbox 814 3883 848 3921; x_wconf 89' lang='lat' dir='ltr'>aa</span> <span class='ocrx_word' id='word_1_230' title='bbox 866 3883 940 3935; x_wconf 87' lang='lat' dir='ltr'>varo,</span> <span class='ocrx_word' id='word_1_231' title='bbox 959 3868 1078 3935; x_wconf 90' lang='lat' dir='ltr'>siugulis</span> <span class='ocrx_word' id='word_1_232' title='bbox 1098 3867 1331 3921; x_wconf 87' lang='lat' dir='ltr'>procuratoribus</span> 
     </span>
     <span class='ocr_line' id='line_1_30' title="bbox 148 3974 1329 4045; baseline -0.001 -16"><span class='ocrx_word' id='word_1_233' title='bbox 148 3976 329 4031; x_wconf 78' lang='lat' dir='ltr'>demandatae</span> <span class='ocrx_word' id='word_1_234' title='bbox 347 3977 399 4029; x_wconf 89' lang='lat' dir='ltr'>sibi</span> <span class='ocrx_word' id='word_1_235' title='bbox 421 3976 570 4045; x_wconf 87' lang='lat' dir='ltr'>petitiones</span> <span class='ocrx_word' id='word_1_236' title='bbox 590 3975 783 4039; x_wconf 82' lang='lat' dir='ltr'>referentibus,</span> <span class='ocrx_word' id='word_1_237' title='bbox 799 3974 964 4044; x_wconf 86' lang='lat' dir='ltr'>casibusque</span> <span class='ocrx_word' id='word_1_238' title='bbox 983 3974 1145 4043; x_wconf 80' lang='lat' dir='ltr'>praesertim</span> <span class='ocrx_word' id='word_1_239' title='bbox 1166 3974 1265 4039; x_wconf 90' lang='lat' dir='ltr'>dubiis,</span> <span class='ocrx_word' id='word_1_240' title='bbox 1282 3992 1329 4028; x_wconf 80' lang='lat' dir='ltr'>ra-</span> 
     </span>
     <span class='ocr_line' id='line_1_31' title="bbox 150 4082 1330 4155; baseline -0.002 -19"><span class='ocrx_word' id='word_1_241' title='bbox 150 4084 290 4155; x_wconf 69' lang='lat' dir='ltr'>liquorom</span> <span class='ocrx_word' id='word_1_242' title='bbox 304 4101 355 4138; x_wconf 78' lang='lat' dir='ltr'>sex</span> <span class='ocrx_word' id='word_1_243' title='bbox 371 4083 537 4153; x_wconf 77' lang='lat' dir='ltr'>Officiuliam</span> <span class='ocrx_word' id='word_1_244' title='bbox 554 4083 755 4135; x_wconf 75' lang='lat' dir='ltr'>corisultntione</span> <span class='ocrx_word' id='word_1_245' title='bbox 773 4082 907 4135; x_wconf 82' lang='lat' dir='ltr'>discussis</span> <span class='ocrx_word' id='word_1_246' title='bbox 926 4091 951 4135; x_wconf 82' lang='lat' dir='ltr'>ct</span> <span class='ocrx_word' id='word_1_247' title='bbox 971 4083 1136 4135; x_wconf 72' lang='lat' dir='ltr'>examinatis</span> <span class='ocrx_word' id='word_1_248' title='bbox 1150 4091 1175 4135; x_wconf 86' lang='lat' dir='ltr'>et</span> <span class='ocrx_word' id='word_1_249' title='bbox 1189 4100 1252 4135; x_wconf 71' lang='lat' dir='ltr'>cam</span> <span class='ocrx_word' id='word_1_250' title='bbox 1269 4099 1330 4135; x_wconf 86' lang='lat' dir='ltr'>mo·</span> 
     </span>
     <span class='ocr_line' id='line_1_32' title="bbox 147 4186 1327 4259; baseline -0.003 -12"><span class='ocrx_word' id='word_1_251' title='bbox 147 4204 211 4247; x_wconf 80' lang='lat' dir='ltr'>turo</span> <span class='ocrx_word' id='word_1_252' title='bbox 224 4194 348 4247; x_wconf 75' lang='lat' dir='ltr'>omittam</span> <span class='ocrx_word' id='word_1_253' title='bbox 366 4193 468 4245; x_wconf 82' lang='lat' dir='ltr'>iudicio</span> <span class='ocrx_word' id='word_1_254' title='bbox 482 4192 590 4255; x_wconf 82' lang='lat' dir='ltr'>decisis,</span> <span class='ocrx_word' id='word_1_255' title='bbox 603 4186 755 4257; x_wconf 82' lang='lat' dir='ltr'>congruum</span> <span class='ocrx_word' id='word_1_256' title='bbox 771 4191 936 4259; x_wconf 88' lang='lat' dir='ltr'>rescriptum</span> <span class='ocrx_word' id='word_1_257' title='bbox 948 4207 965 4241; x_wconf 90' lang='lat' dir='ltr'>a</span> <span class='ocrx_word' id='word_1_258' title='bbox 980 4189 1105 4258; x_wconf 84' lang='lat' dir='ltr'>Regente</span> <span class='ocrx_word' id='word_1_259' title='bbox 1119 4190 1229 4259; x_wconf 89' lang='lat' dir='ltr'>propria</span> <span class='ocrx_word' id='word_1_260' title='bbox 1243 4207 1327 4243; x_wconf 90' lang='lat' dir='ltr'>manu</span> 
     </span>
    </p>
   </div>
   <div class='ocr_carea' id='block_1_5' title="bbox 147 4297 1329 4372">
    <p class='ocr_par' dir='ltr' id='par_1_6' title="bbox 147 4297 1329 4372">
     <span class='ocr_line' id='line_1_33' title="bbox 147 4297 1329 4372; baseline -0.004 -16"><span class='ocrx_word' id='word_1_261' title='bbox 147 4304 270 4358; x_wconf 88' lang='lat' dir='ltr'>breviter</span> <span class='ocrx_word' id='word_1_262' title='bbox 293 4301 442 4372; x_wconf 87' lang='lat' dir='ltr'>unicuique</span> <span class='ocrx_word' id='word_1_263' title='bbox 467 4299 596 4368; x_wconf 86' lang='lat' dir='ltr'>petitioni</span> <span class='ocrx_word' id='word_1_264' title='bbox 622 4298 800 4364; x_wconf 80' lang='lat' dir='ltr'>subiirietnr,</span> <span class='ocrx_word' id='word_1_265' title='bbox 824 4297 909 4351; x_wconf 89' lang='lat' dir='ltr'>latius</span> <span class='ocrx_word' id='word_1_266' title='bbox 933 4298 1032 4352; x_wconf 88' lang='lat' dir='ltr'>deinde</span> <span class='ocrx_word' id='word_1_267' title='bbox 1057 4316 1074 4351; x_wconf 87' lang='lat' dir='ltr'>a</span> <span class='ocrx_word' id='word_1_268' title='bbox 1096 4298 1329 4362; x_wconf 79' lang='lat' dir='ltr'>procuratoribus</span> 
     </span>
    </p>
   </div>
   <div class='ocr_carea' id='block_1_6' title="bbox 148 4408 388 4480">
    <p class='ocr_par' dir='ltr' id='par_1_7' title="bbox 148 4408 388 4480">
     <span class='ocr_line' id='line_1_34' title="bbox 148 4408 388 4480; baseline -0.013 -17"><span class='ocrx_word' id='word_1_269' title='bbox 148 4408 350 4480; x_wconf 84' lang='lat' dir='ltr'>explanandam</span> <span class='ocrx_word' id='word_1_270' title='bbox 364 4424 388 4463; x_wconf 75' lang='lat' dir='ltr'>u.</span> 
     </span>
    </p>
   </div>
   <div class='ocr_carea' id='block_1_7' title="bbox 0 0 1650 5109">
    <p class='ocr_par' dir='ltr' id='par_1_8' title="bbox 0 0 1650 5109">
     <span class='ocr_line' id='line_1_35' title="bbox 0 0 1650 5109; baseline 0 3"><span class='ocrx_word' id='word_1_271' title='bbox 0 0 1650 5109; x_wconf 95' lang='lat' dir='ltr'> </span> 
     </span>
    </p>
   </div>
  </div>
 </body>
</html>
