3292 5109
530 298 574 344 ue
597 296 737 345 marcus
761 298 1026 347 eccursmsrrcrs
1305 280 1369 346 367

185 438 255 504 pro
277 436 360 485 vera
384 418 530 484 tenenda
559 419 694 485 violetur
720 419 894 491 sententia,
922 438 1012 504 quae
1040 424 1144 505 nepai
1167 420 1371 506 promulpn·

192 547 316 613 tionem
339 546 386 612 ad
409 545 492 633 lepis
514 545 695 611 essentiam
713 546 898 627 pertinere.
924 545 1016 611 Haec
1039 546 1147 631 opinio
1172 566 1190 611 e
1212 546 1370 613 diametro

187 672 362 757 opponitur
385 670 566 735 sententiae
590 668 661 734 Divi
685 668 845 744 Thomas,
872 666 1002 735 Samm.
1032 670 1093 734 Tb.
1116 671 1151 750 1,
1176 669 1218 742 2,
1243 690 1275 755 q.
1302 672 1367 754 90,

187 800 254 860 art.
280 793 312 867 1,
338 800 371 858 et
394 794 545 867 Suaresii,
569 794 620 859 De
643 766 779 880 lepidas
796 792 850 860 lib.
874 795 902 868 1,
926 812 1000 876 cap.
1029 793 1072 867 11,
1096 814 1129 859 a.
1155 796 1172 858 1
1195 800 1226 860 et
1248 794 1293 878 2,·
1316 796 1369 877 qui

189 922 363 1006 opinantur
386 918 676 1004 promulgationem
707 921 924 985 necessariam
949 919 1086 983 esseda
1111 919 1246 986 ratione
1268 920 1366 1006 legis,

186 1068 263 1113 cum
285 1048 349 1119 lex,
368 1050 479 1132 utpote
502 1046 617 1133 regula
641 1066 774 1120 morum,
800 1065 953 1111 mensura
974 1051 1115 1117 actuum.
1132 1046 1279 1131 obligare
1302 1067 1368 1112 non

190 1169 307 1242 valeat,
323 1170 384 1234 nisi
405 1170 447 1235 sit
469 1170 689 1233 communitati
704 1168 745 1234 ab
761 1167 901 1235 habente
917 1167 1144 1232 auctoritatem
1160 1167 1200 1232 ad
1217 1164 1366 1234 effectum

188 1294 391 1361 inducendae
405 1292 608 1379 obligationis
623 1292 825 1359 denunciata.
844 1294 969 1359 Verum
987 1294 1027 1359 cl.
1046 1295 1150 1359 Bouix
1166 1299 1257 1379 putat
1272 1294 1369 1359 hodie

188 1420 260 1483 iure
283 1420 420 1504 positivo
443 1418 699 1483 controversiam
723 1415 915 1501 diremptam
939 1438 1010 1483 esse
1034 1437 1077 1482 ex
1101 1418 1226 1483 ratione
1249 1416 1364 1501 agendi

187 1541 280 1607 Sedis
295 1541 500 1626 Apostolicae
516 1560 597 1625 quae
620 1544 654 1606 in
671 1542 803 1629 Regulis
819 1542 1043 1608 Cancellariae
1066 1544 1110 1607 ita
1125 1544 1235 1608 statuit
1258 1542 1292 1606 in
1316 1560 1366 1605 ea·

189 1666 334 1733 cumdem
351 1668 526 1753 prooemio:
546 1686 564 1729 ‹
579 1666 818 1733 Sanctissimae
833 1666 872 1731 in
891 1664 1021 1733 Christo
1034 1666 1140 1731 Pater
1155 1671 1187 1732 et
1199 1665 1366 1732 Dominus

185 1798 300 1859 noster
322 1792 365 1856 N.
390 1793 515 1858 Divina
542 1778 762 1859 Prouidentia
794 1792 894 1874 Papa
918 1792 968 1856 N.
993 1793 1030 1858 ia
1061 1793 1249 1857 crastinam
1281 1811 1366 1858 suae

184 1918 427 2001 assumptionis
450 1918 498 1983 ad
513 1916 647 1983 Summi
661 1916 885 2003 Pontificalas
900 1918 1033 2001 apicem
1036 1967 1087 1990 .....
1103 1916 1361 1991 reservationes,

190 2042 462 2114 Constilalmms
488 2047 518 2107 et
540 2040 691 2126 Repetas
721 2039 963 2123 infrascriptos
984 2038 1068 2121 fecit
1092 2058 1180 2125 quas
1203 2040 1305 2105 etiam
1309 2090 1362 2114 .....

187 2188 232 2233 ex
255 2188 352 2239 runc,
370 2187 468 2233 arcer
484 2186 625 2235 nonnum
649 2186 852 2235 rusurcsrss
869 2173 900 2233 et
914 2188 976 2234 suo
1001 2173 1150 2250 tempore
1173 2168 1363 2233 duraturas

184 2290 361 2357 observari
383 2291 488 2356 coluit
505 2312 533 2353 s.
561 2291 701 2375 Riganti‚
719 2292 751 2355 in
772 2291 894 2356 celebri
917 2311 975 2355 suo
999 2292 1231 2355 commentario
1247 2289 1287 2355 ad
1303 2290 1362 2355 has

188 2416 339 2501 Regulos,
356 2417 438 2481 haec
453 2415 550 2480 habet
570 2415 609 2480 ad
627 2416 825 2501 prooemium
847 2436 905 2481 nn.
924 2414 973 2481 37
989 2420 1020 2480 et
1034 2414 1092 2487 38,
1115 2414 1264 2479 reterens
1284 2415 1363 2480 anti·

182 2558 320 2621 quorum
345 2524 589 2605 Canonistarum
613 2537 843 2623 disputationes
866 2558 907 2601 an
932 2538 994 2601 hae
1019 2537 1164 2622 Regulae
1194 2542 1269 2601 ante
1290 2556 1361 2622 pro-

185 2662 413 2749 mulgationem
437 2668 469 2728 et
491 2682 511 2727 a
534 2684 596 2747 quo
618 2667 765 2749 tempore
788 2663 934 2749 obligare
957 2664 1125 2748 incipiant:
1152 2662 1252 2727 «Alii
1275 2660 1363 2726 dixe·

185 2791 262 2852 runt
284 2808 303 2851 a
326 2787 377 2852 die
401 2787 640 2872 publicationis;
664 2788 718 2853 alii
742 2806 763 2851 a
786 2787 837 2852 die
861 2807 972 2853 earum
995 2785 1144 2852 editionis
1159 2806 1217 2851 seu
1233 2805 1359 2869 compo·

182 2909 322 2983 sitionis3
346 2910 401 2973 alii
424 2928 503 2973 uero
526 2929 546 2972 a
569 2908 619 2974 die
643 2911 868 2994 assumptionis
890 2909 930 2974 ad
959 2908 1229 2975 Pontificatum...
1255 2907 1360 2973 Hodie

185 3052 263 3097 vero
287 3038 411 3098 certum
435 3037 485 3098 est
507 3032 590 3117 quod
612 3034 757 3119 Regulae
780 3035 898 3115 statim,
916 3052 1051 3117 usquea
1071 3035 1213 3099 crastino
1236 3052 1360 3099 assum-

182 3158 299 3241 ptionis
322 3156 361 3221 ad
388 3154 596 3222 Pontificatus
619 3160 743 3243 apicem
766 3159 871 3244 ligare
897 3161 1067 3245 incipiunt,
1090 3160 1170 3225 licet
1199 3180 1263 3224 non
1295 3162 1360 3225 sint

181 3279 289 3346 adhuc
300 3280 744 3366 promulgatae».llecretum
756 3288 791 3347 ut
801 3283 947 3369 Regulae
959 3283 1107 3347 valerent
1119 3283 1194 3348 licet
1204 3283 1358 3349 nondam

179 3404 373 3487 publicatae
403 3404 510 3470 datum
534 3406 595 3471 fuit
617 3406 657 3471 ab
682 3407 814 3473 Urbano
837 3410 922 3473 Vlll
954 3408 994 3473 ad
1024 3407 1199 3474 tollendam
1230 3426 1358 3474 omnem
1432 3414 1435 3419 “

181 3533 450 3598 controversiam.

272 3652 307 3721 Si
330 3674 410 3720 vero
432 3655 473 3721 ad
495 3657 651 3722 trutinam
678 3678 870 3723 revocemus
901 3657 1080 3723 huiusmodi
1111 3680 1235 3725 merrom
1265 3682 1359 3747 appa·

182 3776 266 3843 rabit
280 3799 345 3843 non
369 3780 536 3845 includere
552 3785 780 3865 parentoriam.
795 3784 841 3848 uti
857 3788 947 3867 putat
963 3783 1003 3848 cl.
1017 3788 1141 3864 auctor,
1155 3784 1356 3871 adoptionem

180 3925 259 3972 suae
283 3907 450 3992 opinionis.
475 3908 556 3972 Nam
580 3927 659 3993 prae
690 3909 791 3973 oculis
819 3909 916 3974 etiam
946 3908 1129 3975 habeantur
1151 3909 1234 3976 haec
1256 3912 1358 3977 rerba

181 4028 330 4115 Riganti‚
356 4030 376 4095 1.
402 4052 428 4097 c.
453 4052 487 4097 n.
512 4031 571 4109 41,
595 4054 614 4097 a
638 4033 678 4098 cl.
703 4034 807 4099 Bouix
831 4036 945 4103 citata:
971 4056 989 4099 ‹
1014 4036 1185 4101 Caeterum
1213 4040 1357 4122 quamvis

181 4151 327 4237 Regulos
350 4152 491 4219 nondum
507 4155 687 4241 publicatae
710 4156 821 4243 ligent,
839 4157 871 4222 id
893 4164 1002 4223 tamen
1025 4160 1219 4245 intelligitur
1242 4161 1357 4245 quoad

179 4278 335 4361 effectum
365 4278 530 4345 nullitalis
560 4284 656 4347 actas
685 4282 719 4345 in
749 4283 950 4348 contrarium
985 4285 1083 4370 gesti.
1116 4304 1210 4349 secus
1240 4286 1357 4370 quoad

175 4417 308 4481 poenas
337 4401 565 4469 insumendas
586 4424 618 4469 ».
651 4404 799 4471 Iamvero
829 4406 913 4471 baec
943 4406 1045 4471 verba
1075 4412 1269 4475 examussim
1301 4431 1355 4477 re-
