3292 5109
538 317 580 363 DE
608 316 748 366 molens
770 318 1036 367 Bcctssslnsulcls

654 634 836 701 TITULUS
859 635 936 701 XII.

508 868 552 915 DE
577 868 679 917 ceula
703 868 910 917 elosscesnrta
935 869 1083 917 Romanu.

209 1096 426 1155 summarium.
444 1128 480 1142 ·-
498 1100 559 1154 298,
578 1100 658 1155 Gard.
672 1099 801 1153 vicarius
814 1098 900 1153 Urbis
919 1104 961 1155 est
980 1100 1062 1154 iudex
1081 1100 1236 1154 ordinarius
1252 1096 1386 1153 dioe‘cesis

295 1188 447 1258 Romanae.
466 1232 500 1244 -
518 1202 581 1257 299.
600 1204 640 1258 De
664 1203 799 1268 districtu,
826 1220 875 1258 seu
902 1202 1044 1257 territorio
1069 1202 1204 1259 dioecesis
1229 1202 1384 1267 Romanae,

206 1322 216 1343 ·
295 1310 433 1375 quatenus
452 1306 633 1377 distinguitur
650 1325 669 1362 e
685 1308 858 1365 dioecesibus
877 1314 906 1365 et
926 1310 961 1362 ab
981 1306 1087 1362 ambitu
1106 1306 1220 1361 ditionis
1244 1305 1385 1374 Metropo-

293 1410 391 1465 liticae
412 1412 560 1469 Romanae.
579 1442 616 1456 -
634 1412 695 1469 300.
714 1415 779 1469 lura
796 1414 1004 1484 metropolitica
1022 1430 1077 1469 nou
1097 1415 1262 1468 exercentur
1275 1429 1290 1464 a
1303 1409 1383 1463 Card.

295 1516 381 1571 Urbis
399 1516 520 1572 Vicario.
539 1548 573 1560 -
592 1518 653 1573 301.
673 1519 712 1575 De
731 1520 921 1589 competentia
939 1518 1099 1573 'tribunalis
1118 1516 1221 1571 Vicarii
1243 1515 1335 1570 Urbis,
1350 1543 1384 1555 -

293 1621 355 1677 302.
366 1623 487 1677 Collatio
506 1625 703 1679 beneficiorum
722 1629 766 1681 est
785 1632 928 1703 reservata
942 1626 1069 1679 Romano
1083 1623 1212 1679 Pontifici
1226 1622 1272 1693 qui
1287 1622 1384 1686 utitur,

294 1732 380 1787 etiam
398 1748 449 1802 pro
468 1732 544 1788 Urbe
563 1734 661 1800 Roma,
680 1732 777 1788 Officio
795 1734 935 1789 Datariae.
954 1762 991 1774 -
1009 1731 1069 1787 303.
1094 1730 1124 1785 ln
1146 1730 1258 1783 Sacram
1277 1728 1384 1782 Visita·

292 1840 398 1895 tionem
418 1840 555 1895 incumbit
572 1843 700 1912 apposita
718 1842 744 1897 S.
765 1842 964 1913 Congregatio.
983 1868 1021 1881 -·
1039 1838 1099 1894 304.
1119 1837 1159 1893 De
1183 1836 1384 1907 compositione

292 1944 453 2000 Tribunalis
471 1946 630 2003 vicariatus
647 1965 683 2010 ex
702 1949 803 2004 Codice
821 1948 1001 2020 Gregorinno.
1055 1952 1066 1973 ⁸

293 2177 370 2243 298.
398 2180 451 2243 Ex
474 2178 588 2245 ordine
611 2179 703 2245 nobis
725 2180 915 2266 praestituto
931 2178 1025 2243 modo
1041 2176 1132 2241 nobis
1155 2172 1313 2261 agendum
1335 2177 1384 2238 est

204 2300 244 2366 de
266 2301 469 2368 ordinatione
493 2304 664 2371 Curiorum
688 2305 970 2370 Dioecesanarnm.
989 2337 1007 2351 ·
1033 2302 1162 2367 Initium
1186 2299 1383 2364 faciemusa

204 2426 303 2491 (lurie
325 2428 524 2494 Dioeccsana
547 2430 695 2495 Romana
715 2431 832 2516 quippe
856 2429 953 2515 louge
976 2425 1215 2514 praestantiori.
1233 2424 1382 2487 lamvero

204 2553 301 2619 Urbis
323 2554 446 2619 Romae
469 2533 646 2641 Episcopus
670 2560 720 2621 est
736 2556 826 2640 Papa
850 2557 905 2639 qui
928 2574 1017 2619 suam
1042 2551 1266 2638 Episcopalem
1285 2548 1382 2615 iuris·

203 2674 376 2741 dictionem
399 2677 598 2763 potissimum
622 2684 756 2744 exercet
786 2698 847 2763 per
877 2676 1080 2743 cardinalem
1104 2676 1138 2739 in
1164 2670 1382 2760 spiritualibus

203 2800 381 2866 vicarium.
407 2838 425 2849 -
449 2802 578 2868 Etenim
610 2803 775 2869 Romanus
799 2802 954 2869 Pontifex
977 2820 1077 2885 usque
1101 2804 1275 2886 occupatus
1298 2798 1382 2863 solli·

201 2923 344 2990 citudine
367 2925 509 2989 omnium
538 2925 760 2991 Ecclesierum
791 2944 851 3011 per
873 2945 908 2989 se
932 2923 1017 2989 haud
1041 2923 1143 2989 valuit
1173 2942 1300 2988 sacrum
1324 2940 1381 3008 pa·
1429 3000 1433 3013 ¹

201 3047 323 3112 sternte
345 3049 559 3113 ministerium
583 3050 616 3113 in
641 3047 728 3114 Urbe
750 3068 879 3135 gerere3
903 3048 959 3114 sed
983 3048 1152 3113 Vicarium
1176 3044 1235 3111 sibi
1260 3045 1382 3110 consti-

200 3172 272 3244 tuit,
296 3173 387 3237 cuius
409 3171 548 3257 dignitas
570 3192 745 3259 progressu
775 3178 918 3238 aetatum
941 3176 1036 3236 aucta
1059 3176 1107 3236 est
1129 3168 1209 3235 adeo
1233 3177 1268 3233 ut
1299 3168 1382 3233 Pau·

201 3298 251 3361 lus
274 3316 305 3361 a.
330 3297 423 3363 1558
445 3298 606 3373 statuerit,
631 3298 800 3363 Vicarium
825 3297 901 3383 eligi
925 3317 944 3362 e
968 3297 1092 3382 gremio
1116 3294 1207 3361 Sacri
1237 3293 1379 3378 Collegii.

203 3420 289 3485 Hinc
313 3422 463 3485 tractatio
487 3420 527 3487 de
551 3422 650 3487 Curia
673 3420 819 3486 Romana
842 3420 1135 3493 dioecesana‚iu1·e
1159 3437 1221 3501 quo
1249 3418 1379 3488 utimur,

201 3544 355 3616 consistit,
379 3562 452 3608 cum
476 3545 588 3630 primis
618 3546 652 3609 in
684 3543 879 3630 explicanda
901 3548 1058 3629 potestate
1083 3538 1263 3607 cardinalis
1285 3536 1381 3603 Vica-

201 3668 243 3733 rii
265 3668 322 3754 (1).
347 3668 541 3736 Benedictus
563 3668 649 3735 XIV
671 3670 716 3734 ait
744 3667 810 3753 (De
842 3665 929 3755 Syn?
956 3667 1102 3735 Dioeces.
1132 3665 1185 3732 lib.
1211 3664 1263 3739 ΙΙ,
1288 3684 1315 3730 c.
1344 3660 1378 3743 3,

200 3812 233 3856 o.
259 3792 300 3877 1):
328 3812 347 3853 a
370 3790 434 3857 Sed
455 3793 565 3878 agitur
587 3791 628 3857 de
652 3791 817 3858 cardinali
841 3789 974 3857 Vicurio
990 3791 1044 3875 qui
1066 3794 1115 3855 est
1139 3788 1331 3855 Ordinarius
1346 3787 1379 3849 iu

290 4003 329 4073 (1)
348 4004 388 4058 Cf.
408 4004 512 4060 Praxo
538 4005 714 4060 Secretoriue
743 4006 819 4059 Trib.
848 4002 912 4059 Emi
929 4014 956 4059 et
978 4002 1043 4058 Reii
1061 4004 1095 4057 D.
1117 4001 1276 4057 cardinalis
1301 4000 1381 4053 Urbis

206 4110 310 4165 vicarii
328 4140 343 4153 ·
361 4118 459 4167 autore
479 4111 634 4167 Romumdo
648 4110 809 4166 Honoraute
830 4112 897 4166 edit.
910 4112 939 4163 2.
953 4110 1058 4164 Romae
1078 4110 1116 4162 17
1119 4110 1172 4176 62;
1191 4111 1220 4165 et
1238 4106 1380 4162 Etencuus

202 4219 357 4274 Chronicus
386 4222 563 4275 vualterum
592 4220 673 4274 Urbis
695 4220 725 4273 in
749 4220 946 4290 spiritualibus
970 4219 1048 4273 Man.
1073 4217 1151 4271 Pont.
1177 4218 1256 4271 Rom.
1282 4219 1379 4269 autore

200 4322 342 4393 Hyacinto
361 4323 488 4379 Ponzetti
501 4324 606 4379 Rerum
629 4323 704 4377 1797.
718 4352 733 4365 ·
747 4324 817 4379 Item
837 4322 916 4379 Card.
937 4323 1023 4379 Petra
1040 4324 1078 4379 ad
1099 4323 1220 4379 Consul
1237 4322 1322 4379 Pauli
1341 4320 1379 4389 11,

198 4446 276 4482 nuru.
297 4430 341 4481 50
358 4446 397 4501 sq.
