3292 5109
452 288 497 335 un
520 287 661 335 ionrous
685 288 952 337 nccnnsmsricrs
1240 270 1307 337 319

119 413 216 473 terea
239 408 380 493 speciale
403 413 454 473 est
483 410 516 473 in
541 410 669 474 ratione
692 406 811 495 agendi
833 409 928 477 huius
952 408 1136 475 Tribunalis
1160 412 1244 495 quod
1266 410 1307 477 ab

118 533 273 598 omnibus
312 533 395 598 adiri
432 534 532 619 possit
570 534 640 598 sive
676 551 737 618 per
773 553 810 598 se
848 534 917 599 sive
954 554 1014 619 per
1040 534 1203 620 Apamea,
1239 537 1308 600 sive
1347 621 1352 631 ‚

119 678 182 741 per
206 658 304 723 alium
336 678 572 743 quemcumque
603 658 644 723 ad
675 658 739 723 hoc
769 660 908 724 electum
937 662 1006 724 sive
1029 658 1154 727 directe
1178 666 1210 725 et
1233 680 1308 725 ore·

117 788 228 859 tenus,
245 786 314 849 sive
338 804 398 869 per
420 784 557 849 litteras.
582 819 601 831 -
626 784 762 868 Inquam
783 783 908 849 directe
933 790 966 849 et
988 789 1154 857 oretenus,
1180 784 1303 848 namin

118 907 185 973 boc
208 908 377 974 Tribunali
398 914 588 974 constanter
608 907 772 973 habentur
796 906 973 980 Officiales‚
999 908 1209 973 ecclesiastici
1233 908 1306 981 viri,

117 1036 175 1117 qui
192 1036 359 1120 peculiare
374 1034 497 1101 habent
512 1056 628 1101 munus
645 1035 828 1121 excipiendi
843 1024 1072 1102 humanissime
1089 1037 1308 1121 supplicantes

116 1164 155 1225 et
170 1160 330 1225 exarandi
354 1161 515 1247 supplices
537 1160 665 1226 libellos
680 1162 708 1226 si
723 1160 764 1225 ab
780 1161 964 1227 oratoribus
987 1162 1038 1225 vel
1063 1180 1127 1225 non
1151 1162 1216 1226 sint
1235 1181 1308 1225 con-

118 1284 199 1349 secti
222 1285 277 1350 vel
309 1306 374 1352 non
397 1285 481 1351 bene
505 1292 537 1352 et
561 1285 700 1352 dilucide
734 1288 882 1373 concepti
919 1288 991 1353 sint.
1029 1286 1114 1351 Hinc
1148 1308 1307 1373 pauperes

117 1428 283 1495 personae
299 1414 332 1475 et
355 1410 529 1475 illiteratae
551 1410 746 1477 accedentes
769 1410 810 1475 ad
834 1412 897 1477 hoc
917 1409 1069 1478 Officium
1094 1411 1260 1477 commode
1275 1418 1309 1477 et

116 1534 244 1619 absque
267 1535 333 1600 ullo
350 1534 516 1622 dispendio
538 1556 614 1601 suas
637 1555 753 1621 preces
776 1536 921 1622 pandere
946 1537 1056 1602 valent
1080 1556 1232 1631 congrue.
1250 1559 1308 1623 spe

117 1662 199 1728 freti
224 1662 382 1728 sollicitae
406 1668 438 1728 et
460 1662 638 1747 adequatae
662 1665 890 1749 responsionis.
907 1700 924 1714 -
943 1663 1109 1731 Officiales
1134 1686 1225 1745 vero,
1238 1668 1308 1732 sive

117 1806 301 1872 pauperum
324 1788 393 1853 sive
416 1786 550 1852 divitum
574 1788 705 1873 negotia
728 1788 912 1873 expediant.
931 1791 1061 1853 omnino
1083 1789 1193 1874 pratis
1217 1810 1307 1855 suam

116 1926 255 1991 operam
278 1906 483 1993 impendunt;
507 1905 593 1990 quod
616 1926 651 1971 se
674 1907 819 1973 facturos
843 1908 1032 1973 solemniter
1057 1908 1174 1973 iurant.
1201 1946 1219 1957 -
1246 1911 1308 1977 Lit-

117 2034 214 2094 terae
248 2049 332 2114 quae
368 2028 488 2095 dantur
522 2028 563 2094 ad
600 2028 891 2095 Poenitentiariam
930 2049 1124 2113 quocunque
1158 2029 1308 2095 idiomate

116 2154 220 2222 scribi
249 2159 400 2239 possunt;
425 2160 457 2220 et
484 2156 565 2219 istae
589 2152 778 2240 dirigendae
802 2160 879 2219 sunt
900 2155 953 2220 vel
977 2155 1017 2220 ad
1041 2156 1197 2219 Maiorem
1224 2156 1308 2221 Poe-

117 2278 331 2342 nitentiarum
354 2277 408 2341 vel
430 2276 472 2341 ad
489 2276 787 2358 Poenitentiariam,
804 2277 858 2342 vel
875 2276 915 2343 ad
939 2278 1078 2362 aliquem
1103 2279 1199 2341 etiam
1225 2276 1307 2346 Orfi-

116 2400 238 2465 cialem
270 2400 545 2465 Poenitentiariae
567 2398 624 2463 sed
654 2404 689 2463 ut
718 2399 849 2465 litterae
873 2400 966 2465 eitius
990 2398 1031 2463 ad
1056 2396 1207 2466 Officium
1231 2420 1307 2485 per-

117 2523 255 2587 veniant
269 2528 302 2589 et
316 2522 456 2587 celerius
472 2521 545 2587 dein
570 2520 763 2606 expediatur
783 2524 958 2608 negotium,
978 2522 1114 2587 interest
1130 2528 1305 2595 oratorum,

116 2644 260 2709 dilucide
283 2646 413 2711 easdem
435 2646 580 2731 dirigere
604 2651 637 2710 et
659 2647 694 2710 iu
716 2644 838 2711 eisdem
862 2645 952 2711 clare
976 2650 1008 2709 et
1033 2645 1182 2710 distincte
1207 2616 1307 2730 signi-

117 2764 224 2832 ficare
246 2768 409 2835 civitatem
424 2776 480 2834 aut
496 2768 646 2855 oppidum
663 2770 714 2835 cui
738 2768 878 2835 debeant
902 2768 1034 2835 inscribi
1057 2788 1117 2852 pro
1142 2768 1308 2834 reddenda

117 2891 348 2975 responsione,
372 2890 488 2957 additis
511 2892 576 2959 illis
598 2892 745 2957 locorum
776 2892 980 2958 adminiculis
1013 2912 1095 2976 quae
1124 2912 1184 2976 pro
1215 2910 1307 2957 more

116 3014 329 3082 tabellionum
353 3022 535 3102 opportuna
550 3016 602 3081 vel
626 3017 813 3083 necessaria
836 3016 974 3083 suntad
998 3022 1097 3082 tutam
1123 3017 1306 3081 litterarum

117 3142 350 3226 receptionem.
385 3176 404 3189 -
435 3140 570 3205 Demum
600 3146 636 3205 ut
670 3140 817 3205 omnibus
851 3140 957 3207 facilis
992 3146 1102 3225 pateat
1137 3140 1241 3205 aditus
1265 3140 1306 3205 ad

118 3270 419 3342 Poenitentiariam,
434 3269 517 3334 haec
532 3268 669 3354 singulis
684 3268 806 3341 diebus,
821 3270 968 3355 exceptis
982 3270 1156 3335 Dominicis
1169 3274 1202 3335 et
1215 3268 1306 3333 festis

117 3392 161 3459 de
184 3399 367 3478 praecepto,
385 3396 475 3477 patet
489 3391 529 3457 ab
545 3392 636 3458 horis
660 3393 825 3458 matutinis
849 3412 905 3458 seu
928 3392 968 3457 ab
992 3394 1075 3459 hora
1099 3413 1184 3457 nona
1205 3412 1306 3477 usque

115 3512 162 3579 ad
186 3512 370 3588 meridiem;
402 3532 462 3597 pro
486 3512 727 3598 urgentioribus
750 3532 831 3577 vero
854 3513 993 3597 negotiis
1017 3514 1114 3577 etiam
1138 3512 1223 3578 domi
1248 3514 1305 3580 Se-

118 3640 253 3705 cretarii
269 3638 543 3703 Poenitentiariae
558 3640 714 3723 excipere
730 3637 850 3703 debent
865 3638 1115 3723 supplicationes
1132 3660 1308 3724 earumque

118 3782 240 3827 curare
263 3761 518 3848 expeditionem
544 3768 577 3827 et
601 3764 737 3847 quisque
761 3762 1038 3827 Poenitentiariae
1056 3762 1214 3829 Officialis
1238 3785 1308 3829 ora·

117 3891 224 3951 torem
248 3885 388 3972 benigne
418 3887 584 3971 excipiens
621 3885 769 3952 eumdem
800 3886 895 3952 docet
924 3885 964 3951 de
994 3886 1088 3952 modo
1120 3893 1152 3953 et
1182 3891 1307 3954 ratione

119 4010 309 4099 porrigendi
333 4011 599 4097 supplicationem
615 4010 658 4075 ad
672 4010 879 4076 obtinendam
896 4009 948 4075 vel
964 4009 1233 4095 dispensationem
1255 4013 1307 4077 vel

117 4136 352 4201 absolutionem
368 4156 427 4220 pro
442 4134 634 4221 urgentiore
650 4154 736 4201 casu.
755 4171 773 4181 -
790 4134 874 4209 Quia
892 4133 1149 4200 Poenitentiaria
1162 4135 1308 4221 Apeutes

117 4282 225 4349 neque
249 4263 392 4347 exquirit
415 4281 521 4346 neque
543 4262 685 4348 repellit,
705 4281 772 4326 non
796 4260 990 4327 determinat
1012 4266 1123 4326 taxum
1146 4263 1223 4347 ipsis
1246 4262 1307 4327 sol-

118 4390 258 4456 vendam
275 4386 315 4452 ab
332 4406 371 4452 eo
388 4388 440 4471 qui
459 4407 571 4452 eorum
595 4408 730 4473 operam
751 4386 915 4470 adhibeat,
936 4387 992 4454 sed
1009 4387 1049 4453 de
1064 4390 1187 4475 vigenti
1211 4393 1308 4477 praxi
