<?xml version="1.0" encoding="UTF-8"?>
<!DOCTYPE html PUBLIC "-//W3C//DTD XHTML 1.0 Transitional//EN"
    "http://www.w3.org/TR/xhtml1/DTD/xhtml1-transitional.dtd">
<html xmlns="http://www.w3.org/1999/xhtml" xml:lang="en" lang="en">
 <head>
  <title>
</title>
<meta http-equiv="Content-Type" content="text/html;charset=utf-8" />
  <meta name='ocr-system' content='tesseract 3.04.00' />
  <meta name='ocr-capabilities' content='ocr_page ocr_carea ocr_par ocr_line ocrx_word'/>
</head>
<body>
  <div class='ocr_page' id='page_1' title='image "./praelectionesin03legagoog_0169.png"; bbox 0 0 3292 5109; ppageno 0'>
   <div class='ocr_carea' id='block_1_1' title="bbox 431 320 1286 389">
    <p class='ocr_par' dir='ltr' id='par_1_1' title="bbox 431 320 1286 389">
     <span class='ocr_line' id='line_1_1' title="bbox 431 320 1286 389; baseline 0.001 -1"><span class='ocrx_word' id='word_1_1' title='bbox 431 341 475 388; x_wconf 85' lang='lat' dir='ltr'>nn</span> <span class='ocrx_word' id='word_1_2' title='bbox 498 340 638 389; x_wconf 86' lang='lat' dir='ltr'>runrcrrs</span> <span class='ocrx_word' id='word_1_3' title='bbox 662 340 928 389; x_wconf 81' lang='lat' dir='ltr'>nocnnsmsmers</span> <span class='ocrx_word' id='word_1_4' title='bbox 1218 320 1286 389; x_wconf 88' lang='grc'>165</span> 
     </span>
    </p>
   </div>
   <div class='ocr_carea' id='block_1_2' title="bbox 119 432 1287 801">
    <p class='ocr_par' dir='ltr' id='par_1_2' title="bbox 119 432 1287 801">
     <span class='ocr_line' id='line_1_2' title="bbox 119 432 1285 553; baseline 0.003 -28"><span class='ocrx_word' id='word_1_5' title='bbox 119 459 331 553; x_wconf 68' lang='lat' dir='ltr'>ueteranus.</span> <span class='ocrx_word' id='word_1_6' title='bbox 351 497 368 510; x_wconf 94' lang='lat'>·</span> <span class='ocrx_word' id='word_1_7' title='bbox 388 459 458 529; x_wconf 90' lang='lat' dir='ltr'>Hoo</span> <span class='ocrx_word' id='word_1_8' title='bbox 474 461 514 529; x_wconf 90' lang='lat' dir='ltr'>de</span> <span class='ocrx_word' id='word_1_9' title='bbox 529 464 595 529; x_wconf 91' lang='lat' dir='ltr'>suis</span> <span class='ocrx_word' id='word_1_10' title='bbox 610 432 810 549; x_wconf 87' lang='lat' dir='ltr'>temporibus</span> <span class='ocrx_word' id='word_1_11' title='bbox 825 460 1004 528; x_wconf 77' lang='lat' dir='ltr'>testabatur</span> <span class='ocrx_word' id='word_1_12' title='bbox 1019 460 1114 528; x_wconf 87' lang='lat' dir='ltr'>Gard.</span> <span class='ocrx_word' id='word_1_13' title='bbox 1132 462 1179 527; x_wconf 84' lang='lat' dir='ltr'>lle</span> <span class='ocrx_word' id='word_1_14' title='bbox 1194 462 1285 528; x_wconf 86' lang='lat' dir='ltr'>Luca</span> 
     </span>
     <span class='ocr_line' id='line_1_3' title="bbox 120 586 1287 674; baseline -0.003 -19"><span class='ocrx_word' id='word_1_15' title='bbox 120 607 165 672; x_wconf 90' lang='lat' dir='ltr'>op.</span> <span class='ocrx_word' id='word_1_16' title='bbox 187 588 236 655; x_wconf 82' lang='lat' dir='ltr'>cit.</span> <span class='ocrx_word' id='word_1_17' title='bbox 259 588 400 656; x_wconf 73' lang='lat' dir='ltr'>diseio*</span> <span class='ocrx_word' id='word_1_18' title='bbox 422 610 456 655; x_wconf 85' lang='lat' dir='ltr'>a.</span> <span class='ocrx_word' id='word_1_19' title='bbox 473 589 525 654; x_wconf 83' lang='lat'>20</span> <span class='ocrx_word' id='word_1_20' title='bbox 547 594 580 657; x_wconf 89' lang='lat' dir='ltr'>et</span> <span class='ocrx_word' id='word_1_21' title='bbox 602 587 709 654; x_wconf 83' lang='lat' dir='ltr'>adhuc</span> <span class='ocrx_word' id='word_1_22' title='bbox 731 589 786 655; x_wconf 88' lang='lat' dir='ltr'>hio</span> <span class='ocrx_word' id='word_1_23' title='bbox 808 588 912 674; x_wconf 81' lang='lat' dir='ltr'>stylus</span> <span class='ocrx_word' id='word_1_24' title='bbox 935 587 1068 661; x_wconf 86' lang='lat' dir='ltr'>obtinet,</span> <span class='ocrx_word' id='word_1_25' title='bbox 1093 588 1209 673; x_wconf 92' lang='lat' dir='ltr'>quippe</span> <span class='ocrx_word' id='word_1_26' title='bbox 1235 586 1287 652; x_wconf 93' lang='lat' dir='ltr'>in·</span> 
     </span>
     <span class='ocr_line' id='line_1_4' title="bbox 120 704 1285 801; baseline 0.003 -23"><span class='ocrx_word' id='word_1_27' title='bbox 120 714 211 779; x_wconf 88' lang='lat' dir='ltr'>tinius</span> <span class='ocrx_word' id='word_1_28' title='bbox 240 704 439 801; x_wconf 91' lang='lat' dir='ltr'>respondens</span> <span class='ocrx_word' id='word_1_29' title='bbox 462 714 559 781; x_wconf 92' lang='lat' dir='ltr'>indoli</span> <span class='ocrx_word' id='word_1_30' title='bbox 588 714 683 781; x_wconf 89' lang='lat' dir='ltr'>huius</span> <span class='ocrx_word' id='word_1_31' title='bbox 706 712 826 801; x_wconf 86' lang='lat' dir='ltr'>Cong.;</span> <span class='ocrx_word' id='word_1_32' title='bbox 855 733 956 800; x_wconf 86' lang='lat' dir='ltr'>quara</span> <span class='ocrx_word' id='word_1_33' title='bbox 987 713 1120 801; x_wconf 79' lang='lat' dir='ltr'>expedit</span> <span class='ocrx_word' id='word_1_34' title='bbox 1152 714 1285 781; x_wconf 86' lang='lat' dir='ltr'>referre</span> 
     </span>
    </p>
   </div>
   <div class='ocr_carea' id='block_1_3' title="bbox 120 835 1363 4513">
    <p class='ocr_par' dir='ltr' id='par_1_3' title="bbox 120 835 1289 2139">
     <span class='ocr_line' id='line_1_5' title="bbox 120 835 1286 924; baseline 0.003 -24"><span class='ocrx_word' id='word_1_35' title='bbox 120 835 207 901; x_wconf 85' lang='lat' dir='ltr'>rerba</span> <span class='ocrx_word' id='word_1_36' title='bbox 234 838 323 905; x_wconf 87' lang='lat' dir='ltr'>citati</span> <span class='ocrx_word' id='word_1_37' title='bbox 348 838 499 905; x_wconf 81' lang='lat' dir='ltr'><strong>Auctoris</strong></span> <span class='ocrx_word' id='word_1_38' title='bbox 529 836 728 903; x_wconf 85' lang='lat' dir='ltr'>advertentis</span> <span class='ocrx_word' id='word_1_39' title='bbox 752 838 773 903; x_wconf 89' lang='lat' dir='ltr'>l.</span> <span class='ocrx_word' id='word_1_40' title='bbox 799 857 848 905; x_wconf 88' lang='lat' dir='ltr'>c..·</span> <span class='ocrx_word' id='word_1_41' title='bbox 874 860 894 901; x_wconf 87' lang='lat'><strong>‹</strong></span> <span class='ocrx_word' id='word_1_42' title='bbox 909 839 952 903; x_wconf 86' lang='lat' dir='ltr'>Et</span> <span class='ocrx_word' id='word_1_43' title='bbox 975 840 1121 921; x_wconf 84' lang='lat' dir='ltr'>quamvis</span> <span class='ocrx_word' id='word_1_44' title='bbox 1145 857 1286 924; x_wconf 82' lang='lat' dir='ltr'>genera·</span> 
     </span>
     <span class='ocr_line' id='line_1_6' title="bbox 120 960 1285 1048; baseline 0.003 -25"><span class='ocrx_word' id='word_1_45' title='bbox 120 960 184 1026; x_wconf 90' lang='lat' dir='ltr'>liter</span> <span class='ocrx_word' id='word_1_46' title='bbox 196 960 375 1026; x_wconf 90' lang='lat' dir='ltr'>huiusmodi</span> <span class='ocrx_word' id='word_1_47' title='bbox 391 960 619 1029; x_wconf 74' lang='lat' dir='ltr'>cardinalitiae</span> <span class='ocrx_word' id='word_1_48' title='bbox 632 962 919 1048; x_wconf 75' lang='lat' dir='ltr'>congregationes,</span> <span class='ocrx_word' id='word_1_49' title='bbox 934 967 1095 1047; x_wconf 89' lang='lat' dir='ltr'>tamquam</span> <span class='ocrx_word' id='word_1_50' title='bbox 1110 964 1285 1027; x_wconf 91' lang='lat' dir='ltr'>summarie</span> 
     </span>
     <span class='ocr_line' id='line_1_7' title="bbox 122 1084 1285 1173; baseline 0.003 -25"><span class='ocrx_word' id='word_1_51' title='bbox 122 1090 336 1169; x_wconf 74' lang='lat' dir='ltr'>cognoscentes</span> <span class='ocrx_word' id='word_1_52' title='bbox 358 1084 417 1151; x_wconf 92' lang='lat' dir='ltr'>sibi</span> <span class='ocrx_word' id='word_1_53' title='bbox 441 1087 609 1151; x_wconf 88' lang='lat' dir='ltr'>commissa</span> <span class='ocrx_word' id='word_1_54' title='bbox 632 1086 773 1173; x_wconf 82' lang='lat' dir='ltr'>negotia.</span> <span class='ocrx_word' id='word_1_55' title='bbox 799 1105 835 1151; x_wconf 89' lang='lat' dir='ltr'>se</span> <span class='ocrx_word' id='word_1_56' title='bbox 863 1091 981 1171; x_wconf 84' lang='lat' dir='ltr'>gerant</span> <span class='ocrx_word' id='word_1_57' title='bbox 1002 1084 1141 1153; x_wconf 79' lang='lat' dir='ltr'>nomiae</span> <span class='ocrx_word' id='word_1_58' title='bbox 1162 1086 1285 1169; x_wconf 84' lang='lat' dir='ltr'>Papae</span> 
     </span>
     <span class='ocr_line' id='line_1_8' title="bbox 120 1206 1286 1293; baseline 0.001 -20"><span class='ocrx_word' id='word_1_59' title='bbox 120 1208 218 1290; x_wconf 77' lang='lat' dir='ltr'>potiar</span> <span class='ocrx_word' id='word_1_60' title='bbox 245 1226 342 1276; x_wconf 84' lang='lat' dir='ltr'>more</span> <span class='ocrx_word' id='word_1_61' title='bbox 371 1206 562 1291; x_wconf 68' lang='lat' dir='ltr'>Principis,</span> <span class='ocrx_word' id='word_1_62' title='bbox 593 1209 645 1273; x_wconf 84' lang='lat' dir='ltr'>vel</span> <span class='ocrx_word' id='word_1_63' title='bbox 677 1207 841 1290; x_wconf 74' lang='lat' dir='ltr'>Supremi</span> <span class='ocrx_word' id='word_1_64' title='bbox 872 1206 1016 1275; x_wconf 65' lang='lat' dir='ltr'>Senatm</span> <span class='ocrx_word' id='word_1_65' title='bbox 1048 1226 1154 1293; x_wconf 83' lang='lat' dir='ltr'>quam</span> <span class='ocrx_word' id='word_1_66' title='bbox 1189 1227 1286 1276; x_wconf 84' lang='lat' dir='ltr'>more</span> 
     </span>
     <span class='ocr_line' id='line_1_9' title="bbox 122 1330 1285 1417; baseline 0.002 -23"><span class='ocrx_word' id='word_1_67' title='bbox 122 1331 227 1398; x_wconf 78' lang='lat' dir='ltr'>iudicis</span> <span class='ocrx_word' id='word_1_68' title='bbox 242 1334 294 1399; x_wconf 85' lang='lat' dir='ltr'>vel</span> <span class='ocrx_word' id='word_1_69' title='bbox 318 1330 498 1399; x_wconf 80' lang='lat' dir='ltr'>tribunalis</span> <span class='ocrx_word' id='word_1_70' title='bbox 514 1330 718 1407; x_wconf 83' lang='lat' dir='ltr'>contentiosi,</span> <span class='ocrx_word' id='word_1_71' title='bbox 739 1330 877 1416; x_wconf 90' lang='lat' dir='ltr'>ideoque</span> <span class='ocrx_word' id='word_1_72' title='bbox 893 1352 958 1397; x_wconf 92' lang='lat' dir='ltr'>non</span> <span class='ocrx_word' id='word_1_73' title='bbox 975 1330 1166 1398; x_wconf 89' lang='lat' dir='ltr'>subiaceant</span> <span class='ocrx_word' id='word_1_74' title='bbox 1182 1332 1285 1417; x_wconf 84' lang='lat' dir='ltr'>rigori</span> 
     </span>
     <span class='ocr_line' id='line_1_10' title="bbox 125 1450 1287 1541; baseline 0.002 -25"><span class='ocrx_word' id='word_1_75' title='bbox 125 1453 293 1539; x_wconf 86' lang='lat' dir='ltr'>regularum</span> <span class='ocrx_word' id='word_1_76' title='bbox 317 1459 350 1519; x_wconf 89' lang='lat' dir='ltr'>et</span> <span class='ocrx_word' id='word_1_77' title='bbox 372 1450 622 1541; x_wconf 76' lang='lat' dir='ltr'>propositionum</span> <span class='ocrx_word' id='word_1_78' title='bbox 646 1452 725 1519; x_wconf 84' lang='lat' dir='ltr'>iuris</span> <span class='ocrx_word' id='word_1_79' title='bbox 741 1472 779 1519; x_wconf 91' lang='lat' dir='ltr'>eo</span> <span class='ocrx_word' id='word_1_80' title='bbox 800 1454 896 1519; x_wconf 89' lang='lat' dir='ltr'>modo</span> <span class='ocrx_word' id='word_1_81' title='bbox 920 1474 982 1538; x_wconf 90' lang='lat' dir='ltr'>quo</span> <span class='ocrx_word' id='word_1_82' title='bbox 1006 1455 1208 1520; x_wconf 86' lang='lat' dir='ltr'>contentiosa</span> <span class='ocrx_word' id='word_1_83' title='bbox 1229 1455 1287 1518; x_wconf 88' lang='lat' dir='ltr'>tri·</span> 
     </span>
     <span class='ocr_line' id='line_1_11' title="bbox 122 1574 1283 1667; baseline 0.002 -28"><span class='ocrx_word' id='word_1_84' title='bbox 122 1574 236 1645; x_wconf 84' lang='lat' dir='ltr'>bunalia</span> <span class='ocrx_word' id='word_1_85' title='bbox 256 1578 434 1653; x_wconf 81' lang='lat' dir='ltr'>subiacent,</span> <span class='ocrx_word' id='word_1_86' title='bbox 452 1599 529 1667; x_wconf 91' lang='lat' dir='ltr'>prae</span> <span class='ocrx_word' id='word_1_87' title='bbox 546 1581 683 1644; x_wconf 77' lang='lat' dir='ltr'>caeteris</span> <span class='ocrx_word' id='word_1_88' title='bbox 706 1584 814 1643; x_wconf 84' lang='lat' dir='ltr'>tamen</span> <span class='ocrx_word' id='word_1_89' title='bbox 830 1580 893 1644; x_wconf 86' lang='lat' dir='ltr'>ista</span> <span class='ocrx_word' id='word_1_90' title='bbox 908 1578 1007 1665; x_wconf 82' lang='lat' dir='ltr'>cong.</span> <span class='ocrx_word' id='word_1_91' title='bbox 1025 1598 1107 1663; x_wconf 91' lang='lat' dir='ltr'>quae</span> <span class='ocrx_word' id='word_1_92' title='bbox 1124 1576 1283 1663; x_wconf 81' lang='lat' dir='ltr'>quoddam</span> 
     </span>
     <span class='ocr_line' id='line_1_12' title="bbox 123 1702 1287 1791; baseline -0.001 -23"><span class='ocrx_word' id='word_1_93' title='bbox 123 1706 290 1771; x_wconf 83' lang='lat' dir='ltr'>uniuersale</span> <span class='ocrx_word' id='word_1_94' title='bbox 314 1725 353 1771; x_wconf 91' lang='lat' dir='ltr'>ao</span> <span class='ocrx_word' id='word_1_95' title='bbox 376 1706 540 1791; x_wconf 85' lang='lat' dir='ltr'>politicum</span> <span class='ocrx_word' id='word_1_96' title='bbox 572 1702 716 1790; x_wconf 80' lang='lat' dir='ltr'>regimen</span> <span class='ocrx_word' id='word_1_97' title='bbox 747 1702 914 1787; x_wconf 91' lang='lat' dir='ltr'>utriusque</span> <span class='ocrx_word' id='word_1_98' title='bbox 941 1702 1023 1769; x_wconf 87' lang='lat' dir='ltr'>oleri</span> <span class='ocrx_word' id='word_1_99' title='bbox 1046 1702 1225 1769; x_wconf 85' lang='lat' dir='ltr'>saecularis</span> <span class='ocrx_word' id='word_1_100' title='bbox 1247 1722 1287 1768; x_wconf 89' lang='lat' dir='ltr'>ao</span> 
     </span>
     <span class='ocr_line' id='line_1_13' title="bbox 124 1824 1289 1913; baseline 0.001 -23"><span class='ocrx_word' id='word_1_101' title='bbox 124 1828 312 1913; x_wconf 76' lang='lat' dir='ltr'>regularis...</span> <span class='ocrx_word' id='word_1_102' title='bbox 329 1826 437 1899; x_wconf 79' lang='lat' dir='ltr'>habet,</span> <span class='ocrx_word' id='word_1_103' title='bbox 453 1826 530 1892; x_wconf 87' lang='lat' dir='ltr'>huic</span> <span class='ocrx_word' id='word_1_104' title='bbox 552 1826 747 1891; x_wconf 77' lang='lat' dir='ltr'>restrictiori</span> <span class='ocrx_word' id='word_1_105' title='bbox 764 1824 828 1891; x_wconf 89' lang='lat' dir='ltr'>nou</span> <span class='ocrx_word' id='word_1_106' title='bbox 845 1825 989 1893; x_wconf 84' lang='lat' dir='ltr'>subiacet</span> <span class='ocrx_word' id='word_1_107' title='bbox 1004 1824 1060 1891; x_wconf 91' lang='lat' dir='ltr'>sed</span> <span class='ocrx_word' id='word_1_108' title='bbox 1077 1846 1150 1891; x_wconf 90' lang='lat' dir='ltr'>cum</span> <span class='ocrx_word' id='word_1_109' title='bbox 1166 1828 1289 1913; x_wconf 81' lang='lat' dir='ltr'>regulis</span> 
     </span>
     <span class='ocr_line' id='line_1_14' title="bbox 121 1947 1286 2037; baseline 0 -23"><span class='ocrx_word' id='word_1_110' title='bbox 121 1969 170 2015; x_wconf 91' lang='lat' dir='ltr'>seu</span> <span class='ocrx_word' id='word_1_111' title='bbox 188 1950 310 2037; x_wconf 83' lang='lat' dir='ltr'>legibus</span> <span class='ocrx_word' id='word_1_112' title='bbox 324 1947 577 2036; x_wconf 88' lang='lat' dir='ltr'>prudentialibus</span> <span class='ocrx_word' id='word_1_113' title='bbox 593 1968 652 2035; x_wconf 93' lang='lat' dir='ltr'>pro</span> <span class='ocrx_word' id='word_1_114' title='bbox 669 1948 874 2035; x_wconf 84' lang='lat' dir='ltr'>negotiorum</span> <span class='ocrx_word' id='word_1_115' title='bbox 891 1948 1089 2033; x_wconf 82' lang='lat' dir='ltr'>qualitate...</span> <span class='ocrx_word' id='word_1_116' title='bbox 1104 1947 1286 2034; x_wconf 92' lang='lat' dir='ltr'>procedere</span> 
     </span>
     <span class='ocr_line' id='line_1_15' title="bbox 123 2073 235 2139; baseline 0.027 -3"><span class='ocrx_word' id='word_1_117' title='bbox 123 2073 192 2139; x_wconf 86' lang='lat' dir='ltr'>solet</span> <span class='ocrx_word' id='word_1_118' title='bbox 206 2096 235 2139; x_wconf 85' lang='lat'>›.</span> 
     </span>
    </p>

    <p class='ocr_par' dir='ltr' id='par_1_4' title="bbox 122 2194 1287 3024">
     <span class='ocr_line' id='line_1_16' title="bbox 199 2194 1287 2284; baseline -0.002 -21"><span class='ocrx_word' id='word_1_119' title='bbox 199 2197 288 2279; x_wconf 85' lang='lat' dir='ltr'>Quia,</span> <span class='ocrx_word' id='word_1_120' title='bbox 305 2196 346 2263; x_wconf 91' lang='lat' dir='ltr'>ob</span> <span class='ocrx_word' id='word_1_121' title='bbox 362 2218 474 2264; x_wconf 91' lang='lat' dir='ltr'>rerum</span> <span class='ocrx_word' id='word_1_122' title='bbox 488 2204 734 2284; x_wconf 82' lang='lat' dir='ltr'>temporumque</span> <span class='ocrx_word' id='word_1_123' title='bbox 752 2196 904 2263; x_wconf 81' lang='lat' dir='ltr'>adiuncta</span> <span class='ocrx_word' id='word_1_124' title='bbox 918 2194 1005 2283; x_wconf 84' lang='lat' dir='ltr'>(alibi</span> <span class='ocrx_word' id='word_1_125' title='bbox 1028 2218 1049 2262; x_wconf 88' lang='lat' dir='ltr'>a</span> <span class='ocrx_word' id='word_1_126' title='bbox 1071 2196 1163 2263; x_wconf 90' lang='lat' dir='ltr'>nobis</span> <span class='ocrx_word' id='word_1_127' title='bbox 1180 2198 1287 2283; x_wconf 83' lang='lat' dir='ltr'>expli-</span> 
     </span>
     <span class='ocr_line' id='line_1_17' title="bbox 122 2321 1286 2409; baseline 0.002 -22"><span class='ocrx_word' id='word_1_128' title='bbox 122 2321 195 2405; x_wconf 81' lang='lat' dir='ltr'>cata)</span> <span class='ocrx_word' id='word_1_129' title='bbox 212 2324 243 2389; x_wconf 93' lang='lat' dir='ltr'>iu</span> <span class='ocrx_word' id='word_1_130' title='bbox 266 2324 334 2391; x_wconf 88' lang='lat' dir='ltr'>dies</span> <span class='ocrx_word' id='word_1_131' title='bbox 349 2329 463 2389; x_wconf 88' lang='lat' dir='ltr'>auctus</span> <span class='ocrx_word' id='word_1_132' title='bbox 486 2331 535 2390; x_wconf 90' lang='lat' dir='ltr'>est</span> <span class='ocrx_word' id='word_1_133' title='bbox 557 2344 711 2389; x_wconf 89' lang='lat' dir='ltr'>numerus</span> <span class='ocrx_word' id='word_1_134' title='bbox 731 2324 835 2389; x_wconf 90' lang='lat' dir='ltr'>litium</span> <span class='ocrx_word' id='word_1_135' title='bbox 858 2322 1132 2409; x_wconf 80' lang='lat' dir='ltr'>expediendorum</span> <span class='ocrx_word' id='word_1_136' title='bbox 1156 2322 1197 2389; x_wconf 93' lang='lat' dir='ltr'>ab</span> <span class='ocrx_word' id='word_1_137' title='bbox 1221 2324 1286 2389; x_wconf 89' lang='lat' dir='ltr'>hac</span> 
     </span>
     <span class='ocr_line' id='line_1_18' title="bbox 125 2448 1287 2537; baseline 0.002 -23"><span class='ocrx_word' id='word_1_138' title='bbox 125 2448 219 2537; x_wconf 62' lang='lat' dir='ltr'>Gorg„</span> <span class='ocrx_word' id='word_1_139' title='bbox 242 2451 342 2519; x_wconf 81' lang='lat' dir='ltr'>nonis</span> <span class='ocrx_word' id='word_1_140' title='bbox 368 2450 567 2535; x_wconf 79' lang='lat' dir='ltr'>septembris</span> <span class='ocrx_word' id='word_1_141' title='bbox 591 2448 682 2517; x_wconf 73' lang='lat'><em>1834</em></span> <span class='ocrx_word' id='word_1_142' title='bbox 708 2450 748 2517; x_wconf 91' lang='lat' dir='ltr'>ab</span> <span class='ocrx_word' id='word_1_143' title='bbox 772 2452 838 2515; x_wconf 83' lang='lat' dir='ltr'>EE.</span> <span class='ocrx_word' id='word_1_144' title='bbox 866 2450 932 2515; x_wconf 89' lang='grc' dir='ltr'>ΡΡ.</span> <span class='ocrx_word' id='word_1_145' title='bbox 956 2450 1178 2518; x_wconf 83' lang='lat' dir='ltr'>Cardinalibus</span> <span class='ocrx_word' id='word_1_146' title='bbox 1210 2452 1287 2517; x_wconf 88' lang='lat' dir='ltr'>huic</span> 
     </span>
     <span class='ocr_line' id='line_1_19' title="bbox 122 2572 1286 2661; baseline 0.003 -25"><span class='ocrx_word' id='word_1_147' title='bbox 122 2572 209 2660; x_wconf 83' lang='lat' dir='ltr'>Cong.</span> <span class='ocrx_word' id='word_1_148' title='bbox 228 2574 372 2657; x_wconf 80' lang='lat' dir='ltr'>addictis,</span> <span class='ocrx_word' id='word_1_149' title='bbox 388 2574 507 2661; x_wconf 89' lang='lat' dir='ltr'>prodiit</span> <span class='ocrx_word' id='word_1_150' title='bbox 529 2574 695 2641; x_wconf 89' lang='lat' dir='ltr'>decretum</span> <span class='ocrx_word' id='word_1_151' title='bbox 717 2574 890 2642; x_wconf 77' lang='lat' dir='ltr'>oemdecim</span> <span class='ocrx_word' id='word_1_152' title='bbox 910 2576 1054 2641; x_wconf 84' lang='lat' dir='ltr'>articulis</span> <span class='ocrx_word' id='word_1_153' title='bbox 1075 2596 1286 2661; x_wconf 81' lang='lat' dir='ltr'>expressum:</span> 
     </span>
     <span class='ocr_line' id='line_1_20' title="bbox 124 2695 1283 2784; baseline 0.005 -29"><span class='ocrx_word' id='word_1_154' title='bbox 124 2700 184 2761; x_wconf 86' lang='lat' dir='ltr'>‹ut</span> <span class='ocrx_word' id='word_1_155' title='bbox 204 2703 295 2763; x_wconf 81' lang='lat' dir='ltr'>uetus</span> <span class='ocrx_word' id='word_1_156' title='bbox 317 2702 350 2762; x_wconf 84' lang='lat' dir='ltr'>et</span> <span class='ocrx_word' id='word_1_157' title='bbox 367 2696 516 2780; x_wconf 79' lang='lat' dir='ltr'>propria</span> <span class='ocrx_word' id='word_1_158' title='bbox 542 2695 574 2762; x_wconf 90' lang='lat' dir='ltr'>S.</span> <span class='ocrx_word' id='word_1_159' title='bbox 597 2696 700 2784; x_wconf 67' lang='lat' dir='ltr'>Cena.</span> <span class='ocrx_word' id='word_1_160' title='bbox 717 2696 895 2762; x_wconf 74' lang='lat' dir='ltr'>methodus</span> <span class='ocrx_word' id='word_1_161' title='bbox 915 2715 976 2762; x_wconf 83' lang='lat' dir='ltr'>seu</span> <span class='ocrx_word' id='word_1_162' title='bbox 998 2696 1087 2762; x_wconf 83' lang='lat' dir='ltr'>ratio</span> <span class='ocrx_word' id='word_1_163' title='bbox 1111 2696 1283 2763; x_wconf 83' lang='lat' dir='ltr'>tractandi</span> 
     </span>
     <span class='ocr_line' id='line_1_21' title="bbox 123 2818 1282 2905; baseline 0.002 -24"><span class='ocrx_word' id='word_1_164' title='bbox 123 2818 260 2904; x_wconf 70' lang='lat' dir='ltr'>nepotulo,</span> <span class='ocrx_word' id='word_1_165' title='bbox 285 2820 328 2887; x_wconf 88' lang='lat' dir='ltr'>de</span> <span class='ocrx_word' id='word_1_166' title='bbox 358 2818 481 2905; x_wconf 84' lang='lat' dir='ltr'>quibus</span> <span class='ocrx_word' id='word_1_167' title='bbox 509 2819 674 2887; x_wconf 79' lang='lat' dir='ltr'>contentio</span> <span class='ocrx_word' id='word_1_168' title='bbox 703 2822 752 2886; x_wconf 85' lang='lat' dir='ltr'>est</span> <span class='ocrx_word' id='word_1_169' title='bbox 781 2818 870 2885; x_wconf 79' lang='lat' dir='ltr'>inter</span> <span class='ocrx_word' id='word_1_170' title='bbox 895 2826 1031 2903; x_wconf 84' lang='lat' dir='ltr'>partes,</span> <span class='ocrx_word' id='word_1_171' title='bbox 1058 2824 1217 2885; x_wconf 81' lang='lat' dir='ltr'>accurate</span> <span class='ocrx_word' id='word_1_172' title='bbox 1243 2819 1282 2884; x_wconf 84' lang='lat' dir='ltr'>in</span> 
     </span>
     <span class='ocr_line' id='line_1_22' title="bbox 122 2945 1046 3024; baseline 0.002 -15"><span class='ocrx_word' id='word_1_173' title='bbox 122 2950 281 3024; x_wconf 81' lang='lat' dir='ltr'>posterum</span> <span class='ocrx_word' id='word_1_174' title='bbox 303 2952 501 3013; x_wconf 60' lang='lat' dir='ltr'>sanaretur</span> <span class='ocrx_word' id='word_1_175' title='bbox 515 2968 546 3011; x_wconf 88' lang='lat'>›.</span> <span class='ocrx_word' id='word_1_176' title='bbox 573 2946 646 3013; x_wconf 88' lang='lat' dir='ltr'>Hoc</span> <span class='ocrx_word' id='word_1_177' title='bbox 669 2945 709 3012; x_wconf 92' lang='lat' dir='ltr'>de</span> <span class='ocrx_word' id='word_1_178' title='bbox 733 2945 859 3012; x_wconf 91' lang='lat' dir='ltr'>iudiciis</span> <span class='ocrx_word' id='word_1_179' title='bbox 882 2946 1046 3014; x_wconf 79' lang='lat' dir='ltr'>ciuilibus,</span> 
     </span>
    </p>

    <p class='ocr_par' dir='ltr' id='par_1_5' title="bbox 125 3068 1363 3769">
     <span class='ocr_line' id='line_1_23' title="bbox 202 3068 1294 3151; baseline 0.001 -19"><span class='ocrx_word' id='word_1_180' title='bbox 202 3068 278 3135; x_wconf 91' lang='lat' dir='ltr'>Pius</span> <span class='ocrx_word' id='word_1_181' title='bbox 300 3070 379 3151; x_wconf 91' lang='lat' dir='ltr'>Vll,</span> <span class='ocrx_word' id='word_1_182' title='bbox 403 3074 440 3136; x_wconf 89' lang='lat' dir='ltr'>ut</span> <span class='ocrx_word' id='word_1_183' title='bbox 470 3071 531 3136; x_wconf 91' lang='lat' dir='ltr'>iam</span> <span class='ocrx_word' id='word_1_184' title='bbox 563 3072 821 3141; x_wconf 85' lang='lat' dir='ltr'>memoravimus,</span> <span class='ocrx_word' id='word_1_185' title='bbox 847 3070 954 3136; x_wconf 82' lang='lat' dir='ltr'>Const.</span> <span class='ocrx_word' id='word_1_186' title='bbox 986 3070 1065 3135; x_wconf 81' lang='lat' dir='ltr'>Post</span> <span class='ocrx_word' id='word_1_187' title='bbox 1095 3069 1294 3135; x_wconf 75' lang='lat' dir='ltr'>diuturnas,</span> 
     </span>
     <span class='ocr_line' id='line_1_24' title="bbox 126 3188 1363 3277; baseline 0.004 -27"><span class='ocrx_word' id='word_1_188' title='bbox 126 3206 151 3250; x_wconf 90' lang='grc' dir='ltr'>α.</span> <span class='ocrx_word' id='word_1_189' title='bbox 172 3188 267 3265; x_wconf 84' lang='grc'><em>1800,</em></span> <span class='ocrx_word' id='word_1_190' title='bbox 291 3190 369 3257; x_wconf 88' lang='lat' dir='ltr'>huio</span> <span class='ocrx_word' id='word_1_191' title='bbox 392 3190 491 3277; x_wconf 86' lang='lat' dir='ltr'>Gong.</span> <span class='ocrx_word' id='word_1_192' title='bbox 514 3191 660 3257; x_wconf 78' lang='lat' dir='ltr'>attribuit</span> <span class='ocrx_word' id='word_1_193' title='bbox 678 3210 792 3257; x_wconf 81' lang='lat' dir='ltr'>causas</span> <span class='ocrx_word' id='word_1_194' title='bbox 815 3190 1002 3256; x_wconf 88' lang='lat' dir='ltr'>criminales</span> <span class='ocrx_word' id='word_1_195' title='bbox 1033 3190 1287 3272; x_wconf 86' lang='lat' dir='ltr'>ecclesiasticas,</span> <span class='ocrx_word' id='word_1_196' title='bbox 1360 3224 1363 3231; x_wconf 95' lang='lat'>·</span> 
     </span>
     <span class='ocr_line' id='line_1_25' title="bbox 125 3310 1291 3401; baseline 0.003 -27"><span class='ocrx_word' id='word_1_197' title='bbox 125 3310 226 3393; x_wconf 88' lang='lat' dir='ltr'>quibus</span> <span class='ocrx_word' id='word_1_198' title='bbox 249 3315 310 3379; x_wconf 91' lang='lat' dir='ltr'>rite</span> <span class='ocrx_word' id='word_1_199' title='bbox 333 3312 510 3380; x_wconf 88' lang='lat' dir='ltr'>iudicandis</span> <span class='ocrx_word' id='word_1_200' title='bbox 525 3316 685 3401; x_wconf 88' lang='lat' dir='ltr'>appositas</span> <span class='ocrx_word' id='word_1_201' title='bbox 706 3315 838 3401; x_wconf 82' lang='lat' dir='ltr'>regulas</span> <span class='ocrx_word' id='word_1_202' title='bbox 862 3314 920 3379; x_wconf 91' lang='lat' dir='ltr'>sibi</span> <span class='ocrx_word' id='word_1_203' title='bbox 944 3314 1126 3399; x_wconf 89' lang='lat' dir='ltr'>praestituit</span> <span class='ocrx_word' id='word_1_204' title='bbox 1143 3314 1291 3399; x_wconf 85' lang='lat' dir='ltr'>Congre-</span> 
     </span>
     <span class='ocr_line' id='line_1_26' title="bbox 127 3434 1291 3521; baseline 0 -22"><span class='ocrx_word' id='word_1_205' title='bbox 127 3437 211 3517; x_wconf 83' lang='lat' dir='ltr'>gatio,</span> <span class='ocrx_word' id='word_1_206' title='bbox 232 3436 364 3503; x_wconf 89' lang='lat' dir='ltr'>decreto</span> <span class='ocrx_word' id='word_1_207' title='bbox 384 3436 452 3503; x_wconf 82' lang='lat' dir='ltr'>diei</span> <span class='ocrx_word' id='word_1_208' title='bbox 467 3438 510 3502; x_wconf 90' lang='lat'>15</span> <span class='ocrx_word' id='word_1_209' title='bbox 524 3435 595 3503; x_wconf 80' lang='lat' dir='ltr'>iun.</span> <span class='ocrx_word' id='word_1_210' title='bbox 612 3434 704 3503; x_wconf 83' lang='lat'><em>1835</em></span> <span class='ocrx_word' id='word_1_211' title='bbox 710 3455 724 3519; x_wconf 91' lang='lat'><em>;</em></span> <span class='ocrx_word' id='word_1_212' title='bbox 740 3454 820 3521; x_wconf 85' lang='lat' dir='ltr'>quas</span> <span class='ocrx_word' id='word_1_213' title='bbox 842 3442 951 3501; x_wconf 70' lang='lat' dir='ltr'>mmen</span> <span class='ocrx_word' id='word_1_214' title='bbox 973 3436 1166 3503; x_wconf 91' lang='lat' dir='ltr'>remittimus</span> <span class='ocrx_word' id='word_1_215' title='bbox 1189 3435 1291 3520; x_wconf 78' lang='lat' dir='ltr'>expli-</span> 
     </span>
     <span class='ocr_line' id='line_1_27' title="bbox 126 3556 1291 3647; baseline 0.003 -27"><span class='ocrx_word' id='word_1_216' title='bbox 126 3558 231 3624; x_wconf 81' lang='lat' dir='ltr'>candas</span> <span class='ocrx_word' id='word_1_217' title='bbox 253 3561 287 3624; x_wconf 93' lang='lat' dir='ltr'>in</span> <span class='ocrx_word' id='word_1_218' title='bbox 309 3564 473 3647; x_wconf 87' lang='lat' dir='ltr'>postrema</span> <span class='ocrx_word' id='word_1_219' title='bbox 495 3564 588 3645; x_wconf 88' lang='lat' dir='ltr'>parte</span> <span class='ocrx_word' id='word_1_220' title='bbox 607 3558 685 3625; x_wconf 83' lang='lat' dir='ltr'>libri</span> <span class='ocrx_word' id='word_1_221' title='bbox 699 3558 849 3638; x_wconf 80' lang='lat' dir='ltr'>secundi,</span> <span class='ocrx_word' id='word_1_222' title='bbox 866 3578 940 3623; x_wconf 91' lang='lat' dir='ltr'>oum</span> <span class='ocrx_word' id='word_1_223' title='bbox 956 3578 1009 3624; x_wconf 83' lang='lat' dir='ltr'>res</span> <span class='ocrx_word' id='word_1_224' title='bbox 1025 3558 1089 3623; x_wconf 91' lang='lat' dir='ltr'>erit</span> <span class='ocrx_word' id='word_1_225' title='bbox 1104 3556 1144 3622; x_wconf 90' lang='lat' dir='ltr'>de</span> <span class='ocrx_word' id='word_1_226' title='bbox 1161 3556 1291 3623; x_wconf 89' lang='lat' dir='ltr'>iudiciis</span> 
     </span>
     <span class='ocr_line' id='line_1_28' title="bbox 126 3683 536 3769; baseline 0.012 -25"><span class='ocrx_word' id='word_1_227' title='bbox 126 3683 332 3751; x_wconf 79' lang='lat' dir='ltr'>criminalibus</span> <span class='ocrx_word' id='word_1_228' title='bbox 355 3684 392 3750; x_wconf 79' lang='lat' dir='ltr'>in</span> <span class='ocrx_word' id='word_1_229' title='bbox 415 3684 536 3769; x_wconf 78' lang='lat' dir='ltr'>specie.</span> 
     </span>
    </p>

    <p class='ocr_par' dir='ltr' id='par_1_6' title="bbox 125 3801 1296 4513">
     <span class='ocr_line' id='line_1_29' title="bbox 205 3801 1292 3877; baseline 0.001 -8"><span class='ocrx_word' id='word_1_230' title='bbox 205 3803 275 3871; x_wconf 87' lang='lat'>138.</span> <span class='ocrx_word' id='word_1_231' title='bbox 303 3806 442 3871; x_wconf 80' lang='lat' dir='ltr'>Praeter</span> <span class='ocrx_word' id='word_1_232' title='bbox 461 3801 635 3877; x_wconf 83' lang='lat' dir='ltr'>Officiales,</span> <span class='ocrx_word' id='word_1_233' title='bbox 653 3802 803 3868; x_wconf 84' lang='lat' dir='ltr'>videlieet</span> <span class='ocrx_word' id='word_1_234' title='bbox 826 3803 1054 3877; x_wconf 77' lang='lat' dir='ltr'>secretarium,</span> <span class='ocrx_word' id='word_1_235' title='bbox 1080 3804 1292 3871; x_wconf 87' lang='lat' dir='ltr'>Subsecreta-</span> 
     </span>
     <span class='ocr_line' id='line_1_30' title="bbox 125 3926 1294 4014; baseline 0.004 -24"><span class='ocrx_word' id='word_1_236' title='bbox 125 3927 198 3993; x_wconf 91' lang='lat' dir='ltr'>rium</span> <span class='ocrx_word' id='word_1_237' title='bbox 220 3937 252 3996; x_wconf 87' lang='lat' dir='ltr'>et</span> <span class='ocrx_word' id='word_1_238' title='bbox 271 3928 470 4004; x_wconf 86' lang='lat' dir='ltr'>Auditorem,</span> <span class='ocrx_word' id='word_1_239' title='bbox 489 3928 657 4014; x_wconf 88' lang='lat' dir='ltr'>deputatos</span> <span class='ocrx_word' id='word_1_240' title='bbox 681 3948 746 3993; x_wconf 88' lang='lat' dir='ltr'>una</span> <span class='ocrx_word' id='word_1_241' title='bbox 769 3948 843 3993; x_wconf 88' lang='lat' dir='ltr'>eum</span> <span class='ocrx_word' id='word_1_242' title='bbox 866 3926 1031 3995; x_wconf 77' lang='lat' dir='ltr'>cardinali</span> <span class='ocrx_word' id='word_1_243' title='bbox 1054 3929 1229 3995; x_wconf 76' lang='lat' dir='ltr'>Praefecto</span> <span class='ocrx_word' id='word_1_244' title='bbox 1252 3930 1294 3995; x_wconf 91' lang='lat' dir='ltr'>ad</span> 
     </span>
     <span class='ocr_line' id='line_1_31' title="bbox 126 4033 1292 4139; baseline 0.005 -27"><span class='ocrx_word' id='word_1_245' title='bbox 126 4050 239 4117; x_wconf 88' lang='lat' dir='ltr'>minora</span> <span class='ocrx_word' id='word_1_246' title='bbox 253 4054 381 4139; x_wconf 82' lang='lat' dir='ltr'>negotia</span> <span class='ocrx_word' id='word_1_247' title='bbox 396 4049 606 4139; x_wconf 85' lang='lat' dir='ltr'>expedienda,</span> <span class='ocrx_word' id='word_1_248' title='bbox 620 4055 655 4115; x_wconf 92' lang='lat' dir='ltr'>ut</span> <span class='ocrx_word' id='word_1_249' title='bbox 670 4050 853 4136; x_wconf 92' lang='lat' dir='ltr'>plurimum,</span> <span class='ocrx_word' id='word_1_250' title='bbox 861 4033 1043 4136; x_wconf 31' lang='lat' dir='ltr'>‘praemissa</span> <span class='ocrx_word' id='word_1_251' title='bbox 1058 4049 1292 4131; x_wconf 87' lang='lat' dir='ltr'>deliberatione</span> 
     </span>
     <span class='ocr_line' id='line_1_32' title="bbox 128 4174 1294 4267; baseline 0.006 -28"><span class='ocrx_word' id='word_1_252' title='bbox 128 4174 159 4239; x_wconf 78' lang='lat' dir='ltr'>ia</span> <span class='ocrx_word' id='word_1_253' title='bbox 179 4197 375 4267; x_wconf 65' lang='lat' dir='ltr'>cobaerescit,¹</span> <span class='ocrx_word' id='word_1_254' title='bbox 399 4189 431 4245; x_wconf 87' lang='lat' dir='ltr'>et</span> <span class='ocrx_word' id='word_1_255' title='bbox 453 4177 494 4243; x_wconf 92' lang='lat' dir='ltr'>ad</span> <span class='ocrx_word' id='word_1_256' title='bbox 519 4184 631 4245; x_wconf 85' lang='lat' dir='ltr'>cetera</span> <span class='ocrx_word' id='word_1_257' title='bbox 663 4177 887 4263; x_wconf 88' lang='lat' dir='ltr'>praeparanda</span> <span class='ocrx_word' id='word_1_258' title='bbox 917 4175 1139 4243; x_wconf 86' lang='lat' dir='ltr'>deliberationi</span> <span class='ocrx_word' id='word_1_259' title='bbox 1165 4180 1294 4263; x_wconf 81' lang='lat' dir='ltr'>plenae</span> 
     </span>
     <span class='ocr_line' id='line_1_33' title="bbox 131 4300 1296 4389; baseline 0.003 -26"><span class='ocrx_word' id='word_1_260' title='bbox 131 4302 407 4389; x_wconf 74' lang='lat' dir='ltr'>conprepatioais5</span> <span class='ocrx_word' id='word_1_261' title='bbox 430 4302 623 4368; x_wconf 85' lang='lat' dir='ltr'>constitutus</span> <span class='ocrx_word' id='word_1_262' title='bbox 647 4306 696 4365; x_wconf 87' lang='lat' dir='ltr'>est</span> <span class='ocrx_word' id='word_1_263' title='bbox 719 4300 916 4376; x_wconf 75' lang='lat' dir='ltr'>summitto,</span> <span class='ocrx_word' id='word_1_264' title='bbox 932 4302 985 4385; x_wconf 88' lang='lat' dir='ltr'>qui</span> <span class='ocrx_word' id='word_1_265' title='bbox 1006 4320 1051 4366; x_wconf 78' lang='lat' dir='ltr'>em</span> <span class='ocrx_word' id='word_1_266' title='bbox 1074 4300 1182 4386; x_wconf 81' lang='lat' dir='ltr'>efficio</span> <span class='ocrx_word' id='word_1_267' title='bbox 1206 4301 1296 4367; x_wconf 89' lang='lat' dir='ltr'>rela-</span> 
     </span>
     <span class='ocr_line' id='line_1_34' title="bbox 132 4422 1294 4513; baseline 0.006 -29"><span class='ocrx_word' id='word_1_268' title='bbox 132 4422 238 4491; x_wconf 88' lang='lat' dir='ltr'>tionem</span> <span class='ocrx_word' id='word_1_269' title='bbox 260 4434 375 4495; x_wconf 86' lang='lat' dir='ltr'>exarat</span> <span class='ocrx_word' id='word_1_270' title='bbox 390 4448 561 4494; x_wconf 86' lang='lat' dir='ltr'>causarum</span> <span class='ocrx_word' id='word_1_271' title='bbox 585 4426 729 4492; x_wconf 90' lang='lat' dir='ltr'>civilium</span> <span class='ocrx_word' id='word_1_272' title='bbox 752 4428 785 4493; x_wconf 88' lang='lat' dir='ltr'>in</span> <span class='ocrx_word' id='word_1_273' title='bbox 806 4428 913 4511; x_wconf 82' lang='lat' dir='ltr'>pleno</span> <span class='ocrx_word' id='word_1_274' title='bbox 936 4427 1197 4513; x_wconf 76' lang='lat' dir='ltr'>conprepotioae</span> <span class='ocrx_word' id='word_1_275' title='bbox 1219 4425 1294 4493; x_wconf 88' lang='lat' dir='ltr'>defl-</span> 
     </span>
    </p>
   </div>
   <div class='ocr_carea' id='block_1_4' title="bbox 0 0 1658 5109">
    <p class='ocr_par' dir='ltr' id='par_1_7' title="bbox 0 0 1658 5109">
     <span class='ocr_line' id='line_1_35' title="bbox 0 0 1658 5109; baseline 0 0"><span class='ocrx_word' id='word_1_276' title='bbox 0 0 1658 5109; x_wconf 95' lang='lat' dir='ltr'> </span> 
     </span>
    </p>
   </div>
  </div>
 </body>
</html>
