3292 5109
609 310 816 359 snuunsrou
842 313 877 359 11.
1141 373 1145 378 .
1270 297 1337 361 477

225 429 251 484 3.
270 431 433 500 Deficientia
451 441 500 486 aut
518 433 731 502 incompetentia
749 434 830 495 dotis,
849 433 873 486 si
892 449 991 503 nempe
1009 435 1132 488 foemina
1151 449 1207 489 non
1229 433 1335 492 babeat

83 603 86 609 .
147 540 218 592 actu
237 542 345 593 tantam
363 539 470 606 dotem,
489 543 526 594 ut
539 545 673 595 extraneo
691 541 816 610 aequalis
835 541 1015 609 conditionis,
1034 543 1082 613 qui
1101 559 1193 614 neque
1210 558 1331 598 consan-

149 645 271 714 guineus
290 661 380 717 neque
398 645 488 700 affinis
506 647 558 714 sit,
583 648 688 703 nubere
706 649 793 717 possit
812 647 841 701 in
859 649 972 717 proprio
990 647 1066 715 loco,
1085 649 1115 702 in
1133 664 1189 720 quo
1208 665 1333 704 commo·

149 756 239 808 ratur.
259 753 334 814 Quae
353 770 437 808 causa
455 753 545 823 magis
564 758 654 823 urget,
673 753 697 806 si
716 753 816 808 mulier
835 753 946 822 penitus
958 755 1085 808 indotata
1097 755 1210 821 existat,
1222 759 1252 810 et
1265 771 1334 810 con·

147 857 321 926 sanguineus
340 857 385 914 vel
404 859 493 912 affinis
515 875 575 912 eam
595 860 624 911 in
644 874 758 914 uxorem
777 859 887 926 ducere,
906 864 955 913 aut
973 861 1059 916 etiam
1077 861 1277 916 convenienter
1295 878 1330 916 ex

149 963 264 1032 integro
282 963 378 1018 dotare
398 967 511 1033 paratus
529 963 574 1017 sit.

242 1075 267 1126 4.
283 1073 359 1126 Lites
371 1089 458 1142 super
469 1074 642 1126 successione
656 1073 791 1126 bonorum
802 1075 860 1127 iam
873 1084 996 1140 exortae,
1009 1074 1054 1128 vel
1068 1077 1232 1129 earumdem
1243 1092 1335 1144 prone

145 1177 199 1228 aut
217 1173 364 1228 imminens
378 1174 548 1244 periculum.
570 1172 599 1226 Si
617 1173 719 1228 mulier
737 1191 852 1244 gravem
872 1175 949 1228 litem
969 1192 1052 1244 snper
1064 1176 1266 1230 successionem
1278 1176 1329 1230 bo-

150 1297 249 1336 norum
268 1282 362 1352 magui
381 1281 513 1336 momenti
536 1281 680 1348 sustineat,
701 1298 790 1353 neque
808 1282 886 1337 adest
904 1283 985 1349 alius,
1004 1284 1051 1355 qui
1071 1284 1150 1338 litem
1167 1285 1326 1340 huiusmodi

148 1390 179 1442 in
198 1405 227 1443 ss
247 1389 386 1458 suscipiat,
407 1389 579 1459 propriisque
597 1389 725 1458 expensis
739 1394 930 1460 prosequatur,
943 1396 1054 1459 praeter
1072 1391 1161 1459 illum,
1172 1393 1221 1462 qui
1233 1393 1323 1462 ipsam

147 1497 178 1550 in
197 1512 311 1551 uxorem
335 1496 435 1551 ducere
460 1497 549 1566 cupit,
571 1496 740 1566 dispensatio
759 1497 872 1553 concedi
891 1497 978 1563 solet3
998 1499 1115 1554 interest
1134 1501 1209 1554 euim
1228 1501 1322 1570 reipu-

146 1601 249 1668 blicae,
262 1605 293 1656 ut
306 1601 371 1656 lites
389 1603 610 1670 exstinguantur.
626 1602 697 1656 Huic
710 1603 835 1671 proxime
854 1604 961 1658 accedit
979 1603 1036 1658 alis
1051 1622 1143 1671 causa,
1156 1605 1265 1660 scilicet
1277 1611 1331 1662 dos

146 1705 245 1760 litibus
269 1706 407 1773 involuta,
434 1721 497 1759 cum
521 1705 651 1759 nimirum
671 1705 770 1762 mulier
789 1705 846 1761 alio
864 1711 907 1762 est
925 1707 1060 1761 destituta
1078 1707 1153 1771 viro.
1177 1708 1257 1763 cuius
1275 1724 1330 1777 ope

145 1812 221 1864 bona
239 1829 289 1866 sua
308 1809 471 1880 recuperare
496 1811 596 1866 valeat.
618 1811 720 1866 Verum
744 1812 902 1866 huiusmodi
927 1829 1011 1866 causa
1035 1813 1144 1867 nonnisi
1163 1830 1214 1882 pro
1232 1831 1323 1870 remo·

147 1919 269 1974 tioribus
288 1920 419 1988 gradibus
437 1919 546 1973 sufficit.

237 2027 262 2080 5.
283 2026 439 2097 Paupertas
463 2029 577 2093 viduae,
597 2045 668 2098 quae
687 2044 837 2082 numerosa
854 2030 933 2098 prole
951 2030 988 2082 sit
1006 2035 1136 2097 onerata,
1156 2035 1185 2085 et
1203 2031 1247 2084 vir
1265 2048 1328 2087 eam

141 2132 223 2188 alere
243 2133 416 2202 pollicentur.
429 2133 481 2188 Sed
494 2134 657 2204 quandoque
670 2134 793 2189 remedio
805 2135 1020 2204 dispensationis
1037 2137 1210 2191 succurritur
1222 2138 1324 2194 viduae

141 2254 181 2293 es
198 2241 309 2292 tantum
328 2239 360 2292 de
380 2255 472 2302 causa,
490 2237 563 2308 quod
581 2238 673 2292 iunior
691 2239 735 2292 sit
749 2245 834 2310 atque
847 2239 876 2292 iu
890 2239 1014 2309 periculo
1026 2241 1246 2298 incontinentiae
1259 2260 1324 2299 rer·

144 2347 234 2400 satur.

236 2457 261 2510 6.
283 2458 393 2510 Bonum
411 2459 496 2526 pacis,
516 2471 571 2526 quo
592 2458 702 2511 nomine
722 2457 838 2511 veniunt
856 2458 956 2512 nedum
976 2458 1085 2512 foedera
1103 2459 1177 2514 iuter
1196 2477 1284 2529 regua
1296 2465 1327 2517 ot

148 2559 301 2630 princepes,
314 2560 361 2614 sed
374 2560 458 2615 etiam
476 2561 626 2615 exstinctio
645 2562 771 2630 gravium
791 2562 1008 2630 inimicitiarum,
1022 2563 1145 2617 rixarum
1158 2567 1187 2618 et
1200 2565 1327 2620 odiorum

138 2665 276 2720 civilium.
298 2665 372 2720 Haec
397 2683 481 2719 causa
506 2666 651 2720 adducitur
669 2667 720 2720 rel·
733 2666 767 2719 ad
791 2667 995 2736 extinguendas
1019 2685 1119 2737 graves
1143 2669 1307 2725 inimicitias

140 2787 217 2841 quae
242 2771 316 2825 inter
340 2769 564 2826 contrahentium
589 2771 809 2840 consanguineos
827 2772 873 2826 rel
893 2772 988 2826 affines
1006 2779 1084 2830 ortae
1103 2775 1172 2842 siut,
1195 2792 1325 2848 quaeque

143 2877 316 2932 matrimonii
341 2875 528 2931 celebratione
554 2878 667 2930 omnino
692 2882 936 2946 componet-cutum
961 2877 1007 2933 rel
1032 2880 1142 2950 quando
1164 2881 1238 2936 inter
1256 2898 1326 2938 con·

143 2983 315 3037 trabentium
336 2984 555 3054 consanguineos
574 2989 602 3038 et
621 2984 716 3038 affines
735 2985 899 3039 inimicitiae
919 3002 1018 3056 graves
1037 2989 1188 3058 viguerint,
1199 2994 1236 3047 .ot
1254 2989 1324 3047 licet

145 3105 200 3157 pax
218 3088 292 3142 inter
310 3089 384 3156 ipsos
403 3089 473 3142 inita
491 3089 546 3141 iarn
565 3091 618 3156 siti
629 3089 782 3143 celebratio
799 3094 894 3162 tamen
913 3091 1081 3145 matrimonii
1096 3093 1131 3145 ad
1142 3093 1230 3162 ipsius
1245 3096 1324 3164 pacis

141 3195 385 3249 confirmationem
405 3195 525 3248 maxime
545 3195 719 3249 conduceret.

234 3303 259 3355 7.
278 3303 386 3368 Mimia
405 3312 541 3372 suspecta,
563 3302 733 3371 periculosa,
752 3304 941 3371 familiaritas,
962 3320 1069 3365 necnon
1088 3306 1250 3362 cohabitans
1269 3310 1322 3364 sub

139 3407 241 3462 eodem
260 3411 344 3474 tecto,
364 3424 434 3478 quae
453 3407 536 3462 facile
555 3406 681 3476 impediri
701 3423 756 3461 non
775 3409 869 3477 possit.

235 3515 260 3568 8.
282 3515 388 3586 Copula
406 3531 469 3568 cum
487 3516 693 3583 consanguinea
706 3515 751 3571 vel
766 3515 848 3571 affine
861 3515 905 3571 vel
918 3516 976 3572 alis
988 3534 1105 3586 persona
1123 3519 1323 3589 impedimento

141 3619 289 3675 laborante
310 3619 481 3690 praehabita,
500 3625 528 3675 et
545 3621 738 3690 praeparantia,
751 3622 869 3692 ideoque
889 3623 1051 3692 lepitimatio
1062 3626 1163 3694 prolis,
1175 3630 1207 3680 ut
1219 3644 1320 3698 nempe

139 3728 306 3781 consulatur
324 3729 396 3781 bono
416 3725 501 3796 prolis
520 3728 605 3794 ipsius
624 3731 652 3781 et
671 3726 768 3782 honori
788 3729 921 3795 mulieris,
939 3745 1011 3800 quae
1029 3746 1108 3784 secus
1126 3731 1245 3801 innupta
1257 3751 1319 3788 ma·

144 3837 231 3886 neret.
245 3833 320 3888 Haec
334 3835 457 3902 proiecto
471 3851 525 3887 una
538 3839 580 3889 est
593 3850 627 3888 ex
641 3835 849 3902 urgentioribus
861 3835 960 3901 carreis,
973 3838 1008 3889 ob
1022 3854 1105 3907 quam
1118 3838 1204 3891 etiam
1217 3838 1325 3908 plebeis

139 3939 203 3994 dari
222 3939 293 3995 solet
305 3941 483 4010 dispensatio,
496 3940 642 3994 dummodo
661 3942 760 4010 copula
773 3946 884 4011 patrata
898 3957 951 3996 non
966 3943 1052 3998 luerit
1064 3946 1115 3998 sub
1125 3963 1174 4015 spe
1186 3947 1323 4002 facilioris

139 4047 370 4117 dispensationis:
390 4064 460 4119 quae
486 4049 694 4102 circumstantia
712 4047 742 4102 in
760 4048 963 4118 supplicatione
981 4051 1054 4105 foret
1073 4052 1253 4121 exprimenda
1271 4053 1321 4126 (l).

181 4234 185 4251 ⁸
232 4241 264 4293 (1)
278 4242 315 4284 Ex
329 4241 420 4284 decreto
434 4243 458 4286 S.
473 4243 554 4294 Officii,
569 4245 616 4287 disi
629 4243 665 4284 25
679 4243 736 4286 Iun.
750 4244 825 4296 taes,
835 4245 946 4288 -etiamsi
961 4249 1048 4300 copulo
1061 4245 1199 4291 incestuosa
1212 4251 1251 4292 ost
1266 4261 1326 4292 con-

137 4314 219 4356 sitium
235 4319 256 4356 et
270 4315 372 4358 intentio
391 4325 437 4368 per
456 4327 507 4357 eam
525 4315 621 4368 facilius
639 4316 839 4369 dispensationem
857 4319 1004 4371 impetrarint
1018 4319 1114 4362 reticita
1127 4319 1223 4372 funins
1241 4319 1324 4365 valent

139 4379 333 4438 dispensationes.
350 4385 398 4426 Hoc
413 4382 526 4426 referatur
540 4384 609 4426 etiarn
623 4383 652 4426 ad
666 4389 679 4432 5
693 4385 806 4427 ssitimam
821 4382 861 4438 (7).
