3292 5109
364 268 430 337 162
890 288 975 337 rans
998 288 1035 337 ιι.

359 416 503 489 tentiam,
520 414 674 487 decrevit,
691 434 803 481 omnes
816 414 990 481 facultates
1009 434 1182 481 concessas
1197 414 1300 502 (long.
1318 414 1429 499 Super
1447 420 1531 481 statu

359 537 585 625 Repalariam
608 537 708 604 tribui
730 539 849 625 partim
865 536 1115 624 Gongregationi
1138 558 1159 603 a
1181 557 1217 603 se
1237 538 1403 604 institutae
1426 537 1532 622 Super

358 662 540 747 disciplina
560 660 736 749 Repalari,
761 663 881 749 partim
903 660 1005 749 cong.
1027 662 1096 728 ΕΕ.
1115 668 1149 728 et
1172 662 1254 735 Ra,
1278 661 1410 743 addens,
1433 660 1531 747 quoad

360 786 528 874 regulares
551 788 647 853 totius
671 786 767 861 orbis,
792 789 884 854 istius
907 789 1073 876 proprium
1102 808 1219 853 munus
1250 807 1322 855 esse
1344 786 1530 855 «Romano

358 910 517 997 Pordifici
532 931 573 977 ea
587 912 712 1000 iupiter
725 930 910 999 aeppererc
927 932 970 979 ac
981 930 1188 996 proponere,
1205 930 1304 998 qaae,
1321 930 1390 995 pro
1404 930 1532 978 eorum·

355 1038 434 1103 dem
456 1036 683 1125 Repalariam
708 1035 860 1119 fovenda
882 1055 944 1103 seu
966 1036 1169 1121 reparanda
1196 1035 1389 1119 disciplina,
1414 1052 1531 1118 oppor-

357 1167 442 1227 tuna
462 1160 539 1245 fore
561 1161 598 1226 in
617 1159 762 1227 Domino
786 1160 989 1227 indicauerit
1004 1180 1037 1225 ›.
1060 1159 1223 1235 Quocirca
1244 1160 1455 1225 Innocentius
1470 1159 1530 1225 Xll

357 1286 533 1372 suppressit
549 1286 839 1372 congregationem
856 1285 970 1371 Super
984 1292 1075 1353 stata
1091 1285 1328 1372 Repnlarinm.
1346 1320 1365 1335 -
1380 1284 1462 1351 Pius
1476 1284 1530 1364 IX,

356 1410 463 1475 animo
486 1416 658 1495 reputans,
682 1408 794 1475 sedulo
822 1410 1085 1497 prospiciendum
1110 1428 1183 1475 esse
1205 1406 1364 1474 Ordinum
1391 1408 1531 1493 Religio·

356 1552 465 1599 sorum
489 1534 723 1614 instaurationi,
749 1532 917 1598 hominum
936 1532 1093 1599 violentia
1107 1539 1143 1599 et
1161 1532 1347 1620 corruptela
1368 1531 1531 1599 subverso

358 1680 446 1733 rum,
471 1660 505 1723 in
528 1658 643 1725 litteris
672 1658 859 1745 Encyclicis
888 1658 951 1727 Ubi
976 1660 1301 1743 primam,17ian.
1325 1658 1428 1734 1847,
1452 1658 1530 1723 Gon-

354 1782 577 1868 gregationem
600 1783 736 1849 instituit
759 1781 873 1865 Super
900 1788 991 1849 stata
1013 1782 1241 1870 Repnlarinm
1263 1785 1460 1848 conservata
1481 1799 1531 1844 an·

355 1908 492 1992 tiquiore
516 1906 631 1991 Super
653 1906 837 1991 disciplina
862 1907 1039 1995 separare,
1067 1910 1158 1974 cuius
1187 1914 1296 1973 tanmn
1320 1908 1530 1993 competentia

356 2030 540 2095 necessarie
557 2028 713 2095 diminuta
728 2028 790 2095 fuit
805 2028 845 2094 ob
861 2029 1002 2116 speciale
1014 2052 1130 2096 munus
1142 2030 1331 2097 attributum
1344 2031 1529 2096 novaeGon·

354 2153 545 2239 gregationi.
564 2150 640 2218 Pius
658 2154 707 2219 IX
725 2172 784 2240 per
799 2173 958 2240 organum
975 2154 1182 2221 Secretariae
1197 2154 1314 2236 Status,
1327 2174 1421 2220 anno
1434 2153 1527 2228 1856,

355 2278 501 2345 decrevit
525 2284 561 2344 ut
584 2278 705 2345 Sacrae
721 2278 993 2366 Congregationis
1007 2280 1076 2344 EE.
1092 2285 1126 2345 et
1142 2280 1213 2345 RR„
1231 2277 1413 2345 cardinalis
1433 2280 1527 2343 Prae

355 2404 460 2471 fectus
482 2425 547 2470 una
570 2406 664 2472 simul
695 2404 900 2493 praesideret
926 2406 1176 2494 congregationi
1208 2408 1322 2491 Super
1352 2405 1528 2489 disciplina

355 2530 530 2618 Repnlari.
549 2531 640 2596 Haec
656 2550 858 2597 communem
874 2551 1000 2617 quoque
1023 2531 1122 2597 habet
1138 2532 1351 2597 secretarium
1366 2551 1440 2595 cum
1456 2531 1529 2596 Gon-

354 2656 546 2741 gregatione
569 2656 636 2721 ΕΕ.
668 2659 702 2719 et
733 2655 822 2731 RR„;
853 2654 911 2720 sed
942 2656 1108 2742 proprium
1141 2654 1241 2720 habet
1270 2652 1454 2723 Officialem
1476 2676 1527 2719 seu

356 2776 587 2845 Substitatnm.
607 2815 623 2827 -
643 2778 890 2846 Praefecturam
913 2800 993 2845 vero
1017 2781 1115 2866 Cong.
1141 2780 1256 2863 Super
1277 2785 1368 2846 statu
1383 2778 1526 2867 Reputa-

354 2903 447 2968 riam
469 2904 562 2969 modo
586 2904 644 2969 sibi
668 2906 789 2971 retinet
813 2906 978 2971 Romanus
1006 2905 1169 2981 Pontifex,
1198 2904 1374 2971 Secretarii
1398 2923 1527 2969 munere

354 3030 511 3115 fungente
534 3030 717 3097 Secretario
741 3032 841 3117 (long.
866 3032 934 3097 ΕΕ.
958 3036 991 3097 et
1014 3032 1085 3097 RR.

446 3150 519 3216 134.
555 3152 716 3227 Quantum
747 3156 856 3240 operis
885 3155 950 3219 iam
984 3154 1160 3219 contulerit
1189 3174 1286 3219 sacra
1315 3153 1526 3238 congregatio

356 3278 469 3359 Super
491 3282 579 3343 stata
606 3276 834 3365 Regularinm
861 3277 902 3344 ad
932 3278 1176 3344 instaurandam
1200 3278 1396 3365 Religiosam
1423 3278 1524 3341 vitam.

354 3404 443 3485 patet
465 3420 507 3466 ex
530 3399 668 3466 decretis
692 3399 731 3466 ab
755 3401 826 3486 ipsa
847 3400 951 3475 editis,
976 3398 1218 3467 efformantihus
1241 3401 1343 3467 veluti
1361 3403 1411 3465 ius
1428 3401 1526 3487 Regu·

354 3524 471 3591 larium
494 3526 711 3591 novissimum.
736 3526 883 3590 Revera:

445 3650 476 3736 1)
500 3649 617 3735 prodiit
633 3649 798 3717 decretum
817 3673 836 3712 ‹
852 3650 892 3715 de
916 3652 1101 3735 receptione
1121 3653 1315 3715 novitiorum
1331 3650 1371 3715 ad
1388 3650 1524 3714 habitum

353 3780 386 3840 et
405 3775 672 3861 professionem»
691 3796 776 3841 anno
802 3776 889 3843 1848
913 3774 1033 3855 dieat>
1057 3777 1203 3857 ianuarii,
1222 3796 1283 3859 quo
1307 3774 1525 3862 praescribun-

353 3904 407 3963 tur
430 3900 523 3983 plura
546 3900 702 3965 scrutinia
726 3898 902 3983 eademque
925 3899 1132 3986 diligentiora
1155 3920 1176 3964 a
1197 3897 1455 3965 moderatoribus
1477 3894 1524 3960 do

353 4042 460 4086 muum
484 4022 694 4108 Regulariam
716 4020 866 4087 habenda
888 4020 928 4087 de
952 4020 1095 4087 moribus
1118 4028 1149 4087 et
1180 4022 1331 4108 religiosa
1361 4021 1523 4085 vocatione

352 4146 565 4229 alumnorum,
583 4152 755 4232 antequam
777 4145 988 4212 admittantur
1011 4145 1051 4211 ad
1074 4152 1223 4212 votorum
1247 4146 1521 4231 nuncupationem.

353 4270 532 4335 Praeterea
554 4270 595 4335 ad
619 4271 732 4337 melius
755 4270 988 4357 explorandum
1013 4272 1207 4338 novitiorum
1231 4272 1373 4337 animum
1390 4282 1422 4337 et
1437 4272 1521 4353 inge·

353 4398 451 4473 nium,
476 4398 641 4464 decretum
665 4386 884 4473 editum'fuit,
