3292 5109
328 260 372 325 90
847 274 931 323 rans
955 275 992 322 11.

420 398 540 470 Paulus
556 398 605 463 IV
627 418 656 462 a.
677 398 762 464 1557
778 398 915 463 instituit
933 398 1239 485 Congreaationem
1260 396 1512 473 Cardinatinm,

329 529 543 608 nuncupatam
563 556 579 569 -
597 542 620 587 a
636 526 767 587 terrore
782 520 980 604 officialium
1003 519 1101 587 Urbis
1118 556 1136 569 -
1154 522 1390 587 coalescentem
1407 541 1450 587 ex
1464 522 1514 588 20
1611 585 1612 608 ,

330 649 551 716 Cardinalibus
568 654 600 713 et
616 648 658 713 40
676 647 845 728 Praelatis,
859 648 910 730 qui
937 647 1062 713 assidue
1079 647 1111 712 in
1135 646 1257 712 iudices
1280 653 1314 712 et
1334 646 1514 712 tribunalia
1611 681 1612 692 κ

328 774 555 859 invigilarent;
588 772 737 855 idemque
762 770 915 837 Pontifex
938 772 1120 845 constituit,
1152 791 1205 843 se,
1229 770 1356 857 singulo
1382 790 1514 856 quoque

327 918 448 969 mense.
473 914 690 981 quoscumque
713 895 925 961 admissurum
951 895 1078 980 publice
1093 895 1134 960 ad
1149 916 1242 960 saum
1265 894 1458 980 adloquium.
1475 901 1515 961 ut

328 1026 396 1110 ipse
420 1024 560 1087 omnium
595 1021 722 1086 audiret
750 1019 919 1105 querelas,
948 1022 1079 1106 ipseque
1110 1021 1282 1089 iniustitias
1316 1023 1513 1109 corrigeret.

330 1150 407 1214 Pius
430 1148 480 1213 IV
503 1144 547 1235 (is
573 1146 674 1226 1565)
697 1147 730 1210 in
755 1145 851 1209 Bulla
875 1144 962 1213 Cum
984 1145 1028 1209 ab
1054 1146 1129 1228 ipso
1160 1151 1316 1265 executps
1346 1149 1513 1233 praescri-

329 1276 453 1359 ptiones
470 1271 603 1337 Consilii
620 1270 813 1343 Tridentini,
830 1291 1006 1356 aggressus
1029 1275 1079 1336 est
1101 1271 1383 1353 reformationem
1404 1272 1513 1339 tribu·

328 1398 460 1464 notiam
477 1396 736 1463 ordinariorum
752 1400 782 1461 et
797 1395 947 1461 aliorum
963 1393 1116 1461 indicam
1133 1413 1300 1460 romanae
1315 1394 1443 1471 cariae,
1457 1395 1513 1477 os·

328 1521 463 1607 fictique
484 1526 553 1585 tam
570 1518 736 1589 Advocati
759 1524 791 1584 et
809 1517 1057 1584 'Procuratoms
1076 1537 1274 1602 pauperum
1297 1536 1403 1601 qnam
1418 1517 1514 1583 Fisct'
1614 1547 1615 1586 l

329 1646 410 1715 Rea.
441 1650 534 1713 Cam.
559 1645 783 1728 Apostolicae.
810 1642 946 1708 -Inter
977 1643 1253 1729 congregationes
1284 1642 1515 1708 Cardinalitias

329 1776 537 1861 praecipuum
559 1772 666 1837 locum
694 1770 806 1836 habuit
831 1771 1046 1855 congregatio
1077 1771 1223 1835 instituta
1240 1789 1309 1852 pro
1338 1769 1513 1836 itibnna-
1615 1815 1616 1870 ι

330 1896 414 1965 tium
435 1893 691 1975 reformatione.
716 1892 841 1957 Enituit
863 1912 944 1957 vero
971 1891 1111 1958 studium
1135 1892 1229 1957 Pauli
1252 1893 1286 1958 V
1309 1895 1342 1959 in
1365 1894 1513 1959 curanda
1615 1891 1616 1974 l

328 2016 537 2084 tribunalium
570 2015 801 2081 instauratione
830 2033 874 2079 ex
899 2014 993 2080 Bulla
1022 2014 1177 2081 Universi
1198 2014 1323 2102 crepis,
1347 2035 1377 2079 a.
1405 2014 1512 2092 1642;

330 2146 364 2210 in
395 2163 458 2227 qua
488 2142 547 2207 sibi
578 2143 729 2228 proponit
758 2141 1040 2225 reformationem
1069 2141 1293 2209 tribunalium
1330 2143 1429 2211 Urbis
1460 2163 1513 2211 eo·
1616 2183 1617 2194 κ

330 2287 477 2351 rumque
500 2267 706 2351 officialium.

419 2392 463 2459 At
488 2389 661 2457 Pontifices
683 2391 867 2477 persentire
891 2410 956 2456 non
979 2396 1138 2476 poterant,
1163 2391 1274 2477 plures
1296 2391 1415 2459 abusus
1431 2395 1513 2459 irre

230 2544 234 2551 ·
329 2536 408 2603 pere
432 2536 472 2579 ex
498 2511 674 2579 effraenato
691 2511 902 2579 tribunalium
917 2534 1054 2579 numero
1076 2514 1110 2579 in
1134 2514 1245 2600 plures
1260 2534 1374 2581 causas
1394 2535 1513 2582 cumn

331 2633 430 2699 latice
454 2633 711 2718 competentium,
735 2631 943 2715 quamobrem
966 2633 1062 2698 nimis
1085 2631 1183 2697 facile
1209 2640 1281 2699 erat
1310 2634 1513 2720 litigantibus

330 2758 468 2824 iudicem
493 2757 639 2840 reperire
662 2760 718 2821 aut
740 2754 916 2820 inhabilem
938 2762 995 2822 aut
1017 2756 1171 2839 iniquum,
1184 2758 1238 2842 qui
1262 2758 1414 2823 iustitiam
1438 2780 1513 2845 pro

331 2882 439 2956 deret;
464 2886 497 2945 et
515 2880 591 2945 binc
610 2879 844 2963 sapientissimo
868 2880 1003 2945 consilio
1026 2879 1235 2946 Innocentius
1250 2880 1318 2947 XII
1341 2879 1384 2969 (†
1408 2882 1514 2964 1700)

233 3022 236 3033 ·
331 3010 438 3076 Consi.
456 3006 633 3073 Romanas
655 3004 821 3087 Pontifem
844 3005 962 3073 curiae
981 3042 999 3055 ·
1016 3006 1160 3072 abotevit
1182 3008 1300 3073 omnia
1323 3008 1514 3075 tribunatio

331 3139 364 3200 et
382 3134 510 3199 iudices
522 3133 752 3216 particulares
768 3152 847 3198 cnm
869 3132 940 3197 mis
954 3131 1183 3214 facuttanbm.
1201 3166 1219 3181 -
1237 3132 1400 3218 Siquidem
1415 3152 1513 3217 quae

331 3278 467 3341 cumque
491 3276 545 3321 ars
568 3262 624 3321 aut
646 3256 803 3341 professio
828 3260 884 3321 aut
911 3255 1080 3321 distinctus
1105 3256 1223 3321 civium
1247 3255 1327 3322 ordo
1350 3277 1425 3322 suos
1455 3257 1514 3322 ha·

331 3377 427 3443 bebat
450 3378 571 3443 iudices
586 3376 642 3463 (1).
668 3378 739 3442 Hac
763 3379 889 3444 ratione
913 3378 1069 3444 Pontifex
1090 3377 1235 3443 tribunal
1258 3377 1409 3460 abolevit,
1425 3380 1511 3464 quod

330 3504 464 3587 quisque
488 3501 669 3567 cardinalis
692 3500 857 3567 obtinebat
879 3502 912 3565 in
937 3521 995 3566 sua
1018 3501 1167 3567 Ecclesia
1188 3502 1323 3569 titulari.

421 3750 460 3817 (l)
480 3747 591 3803 Incolae
619 3746 774 3802 Florentini
799 3746 942 3800 habebant
966 3764 1045 3800 arrum
1072 3746 1196 3802 tribunal
1220 3748 1249 3801 in
1277 3747 1424 3802 consulatu
1449 3748 1514 3803 Flo·

331 3855 504 3911 rentinorum
532 3854 605 3924 apud
632 3852 785 3908 Ecclesiam
815 3852 841 3907 S.
870 3853 981 3907 loannis
1009 3854 1249 3921 florentinorum
1272 3872 1308 3911 ex
1334 3855 1513 3911 concessione

331 3961 432 4017 Leonis
450 3962 486 4027 Χς
507 3963 541 4015 cf.
563 3962 601 4015 De
620 3960 704 4027 Luca,
723 3962 831 4031 coeit.
851 3962 910 4014 Dis.
928 3962 980 4028 44,
998 3978 1026 4015 n.
1046 3962 1091 4015 14.
1111 3960 1180 4017 ltem
1203 3961 1278 4032 apud
1295 3960 1422 4033 Collegia
1440 3980 1513 4035 quae

331 4066 541 4121 constituebant
560 4066 705 4133 Advocati,
723 4066 932 4132 Procuratores,
957 4066 1172 4148 Sollicitatores,
1196 4067 1316 4135 Notarii,
1334 4068 1460 4138 Agentes
1483 4072 1513 4124 et

331 4172 463 4244 cuiusque
482 4172 551 4227 artis
570 4174 751 4239 Professores,
764 4172 901 4243 speciales
926 4175 1072 4229 constituti
1092 4181 1174 4230 erant
1192 4175 1298 4230 iudices
1321 4180 1513 4247 competentes

204 4302 211 4319 ·
331 4280 361 4333 in
380 4294 511 4349 personas
530 4279 633 4350 singuli
652 4280 765 4334 ordinis.
785 4280 925 4336 Personae
944 4298 1054 4352 quoque
1073 4281 1206 4349 Morales,
1224 4283 1267 4337 uti
1286 4280 1445 4353 Hospitalis
1463 4297 1512 4351 per

331 4402 396 4442 suos
415 4364 603 4453 Piotectores,
622 4390 654 4439 ut
672 4386 791 4456 saepius,
811 4384 985 4453 cardinales,
1003 4402 1068 4441 auos
1086 4385 1228 4441 habebant
1246 4387 1358 4442 iudices
