3292 5109
345 268 407 333 128
859 288 944 337 psas
967 288 1004 336 11.

432 412 505 477 Sive
529 431 608 476 vero
625 418 742 497 agatur
766 411 805 477 de
820 413 982 497 rescripto
996 412 1141 480 iustitiae
1160 414 1372 500 impetrando,
1389 420 1460 484 sive
1481 420 1516 484 de

342 539 500 621 rescripto
517 538 699 603 executioni
712 536 945 611 demandanda,
960 556 1025 603 non
1040 542 1148 623 potest
1160 540 1267 625 excipi
1278 539 1437 607 adversus
1448 543 1515 607 Gar·

202 644 206 653 ¹
317 658 320 663 ’
341 661 464 726 dinales
481 662 570 745 quasi
582 669 747 749 suspectos
763 661 803 727 ad
820 658 971 727 effectum
987 660 1181 731 excludendi
1199 682 1297 727 unum
1313 670 1370 729 aut
1384 666 1515 731 alterum

341 808 361 849 a
376 785 511 851 ferendo
527 790 602 852 voto
626 788 658 850 in
677 787 784 869 plena
805 788 1068 872 congregatione.
1089 785 1143 852 Ad
1161 806 1232 852 rem
1255 789 1339 855 haec
1359 790 1458 856 habet
1476 793 1516 857 De

341 910 430 975 Luca
441 928 494 993 op.
509 908 561 977 ait.
574 909 663 976 Disc.
676 912 727 983 16,
740 930 773 975 n.
788 911 823 975 5:
843 931 861 972 ‹
874 910 945 974 Non
957 908 1170 975 admittuntur
1181 917 1289 977 autem
1301 915 1516 980 recusationes

342 1052 384 1097 ex
400 1033 504 1117 capite
521 1033 719 1116 suspicionis,
736 1031 821 1116 quod
838 1032 935 1096 etiam
958 1031 993 1095 in
1015 1032 1086 1097 aliis
1102 1032 1321 1100 cardinalibus
1337 1041 1451 1102 votare
1470 1035 1516 1100 do

341 1154 488 1220 bentibus
512 1154 674 1239 procedit;
699 1156 841 1238 quinimo
863 1156 891 1220 si
905 1161 1022 1239 agatur
1044 1153 1085 1220 de
1108 1174 1208 1221 causa
1223 1158 1393 1225 Ecclesiae
1409 1160 1515 1227 Cethe

341 1285 450 1357 aratis,
476 1284 527 1349 vel
552 1282 799 1354 Monasterialis,
825 1282 917 1377 cuius
946 1281 1062 1364 aliquis
1085 1301 1128 1346 ex
1152 1281 1385 1357 Cardinalibus.
1410 1288 1515 1371 quiin

342 1410 598 1495 Congregatione
614 1408 846 1482 interveniunt,
860 1408 901 1472 sit
917 1403 1065 1488 Praesul,
1082 1406 1135 1470 vel
1152 1407 1452 1476 commendatarius
1467 1416 1516 1476 aut

342 1533 522 1605 Protector‚
544 1551 609 1595 non
633 1529 707 1595 inde
730 1537 838 1594 tamen
863 1531 983 1597 invitus
1006 1550 1027 1594 a
1049 1532 1310 1616 Congregatione
1326 1533 1514 1601 excludar,

341 1662 376 1723 ut
398 1658 520 1743 pluries
544 1658 755 1741 practicatum
779 1655 853 1721 vidi.
879 1656 938 1721 Est
960 1662 1068 1721 autem
1102 1655 1183 1721 bene
1206 1676 1321 1723 verum
1349 1658 1437 1743 quod
1459 1660 1517 1724 fre·

341 1782 488 1865 quentius
512 1779 643 1844 discreti
660 1778 848 1843 Oardinales
863 1779 991 1863 aliquod
1008 1781 1167 1845 interesse
1189 1780 1224 1844 in
1240 1800 1338 1846 eausa
1353 1781 1515 1861 habentes,
1533 1761 1536 1768 ’

340 1906 408 1970 sive
432 1904 570 1969 scientes
593 1902 675 1987 quod
698 1922 773 1988 pars
794 1922 849 1967 eos
865 1902 983 1967 habeat
999 1908 1173 1987 suspectos,
1191 1924 1235 1969 ex
1254 1924 1353 1970 causa
1368 1905 1409 1970 ob
1427 1926 1516 1991 quam

341 2026 381 2092 de
404 2026 482 2091 iuris
507 2028 616 2112 rigore
642 2025 739 2089 iudex
763 2026 909 2090 recusari
940 2030 1055 2110 potest,
1080 2032 1195 2112 sponte
1226 2027 1399 2101 abstinent.
1425 2034 1516 2113 atque

340 2150 521 2215 huiusmodi
545 2148 734 2214 dubitationi
750 2168 861 2213 ansam
884 2169 950 2213 non
973 2149 1148 2235 praebent3
1172 2148 1268 2234 idque
1283 2150 1464 2237 prudenter
1486 2151 1518 2215 fit

341 2278 437 2343 etiam
461 2296 520 2360 pro
545 2295 660 2341 causae
684 2276 827 2346 servitio,
852 2295 925 2339 cum
949 2275 1140 2361 quaudoque
1168 2278 1280 2362 praxis
1304 2277 1461 2350 docuerit,
1485 2285 1517 2341 ut

341 2422 405 2486 quo
421 2402 522 2487 magis
538 2401 652 2485 aliquis
669 2400 848 2466 Cardinalis
864 2420 924 2485 pro
939 2402 1098 2468 interesse
1114 2399 1294 2477 affectionis
1306 2403 1517 2490 rationepro·

340 2528 488 2596 tectioris
505 2528 537 2591 in
556 2528 808 2612 congregatione
825 2528 1025 2592 intervenire
1041 2527 1153 2609 voluit,
1168 2533 1205 2593 ut
1228 2528 1300 2592 iura
1319 2526 1405 2592 illius
1421 2526 1518 2612 partis
1607 2567 1608 2586 t

339 2658 498 2728 tueretur,
513 2674 550 2718 eo
568 2654 669 2739 magis
684 2651 722 2717 ab
740 2652 877 2717 aliorum
891 2652 1049 2717 constanti
1066 2653 1253 2738 integritate
1268 2652 1430 2716 acriorem
1446 2670 1517 2715 suc-

341 2781 553 2847 cumbentiam
578 2798 676 2843 causa
697 2796 792 2862 passa
816 2777 872 2852 sit;
897 2783 996 2842 etc.»

432 2905 473 2966 at
496 2922 515 2965 a
540 2902 696 2984 rescripto
721 2919 777 2963 seu
801 2898 933 2964 decreto
957 2898 1042 2983 quod
1065 2898 1185 2963 editum
1209 2899 1311 2965 sitin
1333 2918 1515 2984 conpressu

341 3031 428 3111 patet
452 3045 604 3090 recursus
628 3044 684 3087 seu
708 3022 932 3107 appellationis
948 3023 1221 3089 entraindicialis
1240 3024 1294 3087 via
1316 3023 1358 3088 ad
1377 3024 1517 3105 plenam

342 3148 648 3235 conprepationenr,
665 3148 741 3230 quin
758 3166 837 3231 opus
861 3146 902 3210 sit
924 3146 1100 3229 impetrare
1116 3145 1314 3231 beneficium
1330 3164 1440 3219 nonae
1461 3164 1517 3209 an·

219 3321 222 3327 .
342 3272 495 3339 clientiae.
521 3274 657 3357 Inquam
684 3306 702 3317 -
727 3270 967 3352 appellationis
997 3268 1272 3336 emtraiudicialis
1296 3306 1314 3317 -
1340 3270 1415 3354 quia
1442 3289 1517 3335 oon·
1607 3253 1609 3341 ξ

341 3418 471 3484 gressus
486 3399 617 3485 negotia
632 3396 763 3483 expedit
779 3396 1051 3462 administrativa
1057 3416 1071 3479 ,·
1086 3396 1124 3462 in
1135 3397 1243 3479 plena
1258 3397 1518 3483 congregatione
1607 3381 1609 3462 }

341 3519 482 3585 iudiciali
506 3538 631 3603 quoque
654 3518 797 3583 examini
822 3521 855 3582 et
878 3514 1065 3582 definitione
1088 3517 1310 3583 subiiciuntur.
1607 3513 1608 3520 ’

359 3704 371 3735 ,χ
431 3644 510 3709 Suos
541 3642 684 3707 notarios
718 3640 840 3706 habere
873 3660 935 3705 non
967 3640 1074 3705 solent
1103 3640 1135 3707 S.
1167 3641 1459 3728 Gangregationes‚
1490 3641 1516 3703 si
1607 3625 1608 3700 ]

341 3768 373 3834 S.
393 3766 498 3834 Officii
514 3766 804 3853 Congregationem
829 3766 981 3850 excipias.
999 3764 1166 3839 Quatenus
1181 3784 1262 3830 vero
1276 3764 1395 3829 notarii
1418 3782 1519 3848 opera

341 3894 549 3978 exquiratur,
577 3891 651 3957 olim
679 3888 915 3955 adhibebantur
941 3890 1060 3955 notarii
1087 3887 1171 3974 apud
1198 3888 1342 3955 tribunal
1369 3887 1516 3954 Auditori

343 4017 373 4084 S.
389 4018 475 4083 Cam.
489 4016 665 4105 approbati.
682 4050 699 4064 -
717 4014 832 4097 Hodie,
845 4017 871 4080 si
887 4036 968 4101 opus
984 4017 1079 4095 esset,
1096 4013 1385 4087 indiscriminatim,
1403 4012 1519 4096 aliquis
1607 4003 1608 4006 '

342 4143 487 4209 nomrius
510 4144 542 4205 in
567 4141 659 4206 caria
680 4139 875 4225 approbatus
898 4138 937 4203 ad
962 4144 1036 4204 acta
1058 4137 1205 4225 roganda
1223 4138 1442 4205 adhiberetur.
1460 4136 1516 4209 At,

342 4265 374 4327 iu
398 4280 527 4347 genere,
552 4257 708 4328 officiales
735 4258 789 4326 SS.
814 4260 913 4345 Cong.
939 4258 1134 4327 auctoritate
1160 4259 1287 4344 pollent
1313 4254 1518 4345 impertiendi

341 4389 407 4453 suis
430 4386 598 4471 scripturis
620 4385 780 4471 publicam
806 4383 909 4449 fidem.
