3292 5109
511 297 555 345 DE
580 296 720 346 ldmona
744 297 1016 346 socnastasrlffls
1316 280 1360 348 19

170 416 294 483 rectius
316 420 349 481 et
368 435 435 499 per
455 434 500 497 se,
525 416 681 500 siquidem
704 436 725 481 a
748 417 845 503 pleno
872 418 1030 483 exercitio
1053 420 1224 503 potestatis
1246 418 1353 485 admi·

172 542 360 607 nistrativae
386 540 523 627 disiungi
547 543 677 609 omnino
702 562 767 607 non
791 548 920 628 poterat
942 548 1085 628 potestas
1107 542 1277 616 iudicialis,
1299 543 1360 608 ali·

170 663 297 747 quando
328 664 531 739 exercenda,
564 668 598 732 in
629 667 698 751 ipsa
730 666 937 752 expeditione
968 667 1106 753 negotii,
1141 664 1181 732 de
1212 685 1265 739 se,
1293 686 1359 731 non

171 788 362 855 contentiosi
377 788 433 873 (l).
452 788 494 854 Ut
516 793 603 874 puta,
620 787 695 854 dum
712 792 850 875 urgetur
865 787 975 875 legum
996 788 1259 854 Tridentinerum
1284 808 1361 854 exe

169 913 256 977 cutio
280 912 372 977 circa
394 911 635 979 distributiones
658 914 744 979 inter
768 913 942 977 canonicos
964 910 1171 995 ordinandas,
1193 931 1360 999 exurgere

171 1046 275 1125 potest
297 1036 441 1125 quaestio
465 1039 622 1106 adversus
640 1058 793 1106 massam
818 1039 1042 1125 capitularem,
1059 1038 1087 1105 si
1107 1039 1191 1105 baec
1214 1040 1248 1104 in
1271 1040 1361 1105 bunc

168 1185 301 1251 scopum
318 1166 506 1251 refragetur
521 1164 645 1249 aliquos
662 1184 803 1251 erogare
819 1166 959 1231 fructus.
984 1166 1076 1252 Tunc
1094 1164 1207 1231 eadem
1225 1164 1257 1231 S.
1275 1164 1360 1231 (lon-

171 1290 327 1375 gregatio
345 1289 517 1353 consulens
536 1288 618 1373 legis
642 1288 826 1353 executioni
843 1292 877 1353 et
892 1284 1074 1355 definitioni
1098 1288 1295 1371 quaestionis
1310 1288 1360 1352 iu-

170 1411 306 1485 dicialis,
329 1430 409 1476 sane
431 1410 586 1497 prospicit
609 1410 819 1476 celeriori·et
842 1410 1046 1496 prudentiori
1078 1412 1201 1498 negotii
1226 1410 1359 1497 expedi-

170 1538 260 1599 tioni.
285 1536 466 1601 Praeterea
488 1536 669 1602 huiusmodi
695 1538 910 1621 quaestiones,
936 1542 1028 1603 arcte
1050 1558 1087 1603 se
1109 1538 1296 1603 referentes
1316 1537 1358 1604 ad

169 1662 398 1727 executionem
420 1662 556 1726 alicuius
570 1660 653 1747 legis
669 1660 896 1746 disciplinaris,
913 1664 1106 1728 exoriuntur
1130 1663 1230 1727 etiam
1253 1662 1359 1727 seiun-

168 1794 243 1853 ctae
266 1806 287 1851 a
309 1788 440 1873 negotio
463 1806 544 1873 pure
567 1787 844 1861 administrativa
870 1793 903 1853 et
926 1792 1005 1855 tunc
1036 1788 1233 1854 commodius
1257 1789 1359 1854 resol-

169 1919 293 1979 vuntur
314 1931 334 1976 a
357 1912 387 1977 S.
414 1910 675 1997 Congregatione
713 1913 899 1998 praeposita
934 1912 1073 1997 negotiis
1106 1911 1195 1979 illius
1219 1914 1360 1998 generis.

169 2037 324 2105 Ceterum
351 2038 463 2101 intimo
488 2056 577 2103 nexu
603 2040 760 2103 uniuntur
787 2044 929 2123 potestas
953 2036 1130 2104 iudicialis
1153 2042 1186 2103 et
1213 2037 1360 2104 minimi·

170 2162 324 2233 stratico,
341 2162 457 2246 quippe
480 2166 617 2245 utreque
641 2167 690 2227 est
713 2182 789 2245 pars
812 2162 979 2245 potestatis
1004 2162 1206 2227 executivae.
1232 2162 1359 2228 Verum

170 2282 297 2349 indoles
324 2284 451 2369 collegii
477 2282 725 2349 administrativi
752 2283 938 2369 expostulat
962 2288 997 2349 ut
1024 2283 1220 2369 procedendi
1247 2285 1361 2351 modus

169 2409 206 2471 in
231 2427 268 2472 re
290 2404 430 2471 iudiciali
453 2408 495 2471 sit
517 2406 744 2471 oeconomicus
775 2405 960 2470 abhorrens
986 2426 1007 2470 a
1030 2405 1286 2473 solemnitatibus
1310 2409 1360 2473 iu·

167 2530 248 2596 dicii
270 2530 417 2595 formalis
438 2549 495 2594 seu
517 2548 538 2593 a
561 2530 697 2614 strepitu
719 2528 870 2610 iudiciali,
891 2531 937 2593 uti
960 2528 1023 2595 dici
1047 2530 1140 2595 solet.
1169 2531 1213 2595 Et
1236 2531 1292 2595 bio
1312 2536 1361 2596 est
1427 2513 1430 2518 ⁵

170 2653 277 2739 stylus
304 2652 336 2718 S.
363 2652 672 2737 Congregationum.

262 2780 316 2845 21.
343 2778 554 2844 Nihilominus
570 2779 660 2843 innui
681 2777 784 2858 debet,
802 2778 998 2843 exercitium
1015 2780 1183 2863 potestatis
1199 2777 1359 2844 iudicialis

169 2908 204 2971 in
228 2905 297 2970 dies
320 2905 421 2989 magis
445 2904 607 2969 evolutum
631 2924 701 2969 esse
720 2902 805 2987 apud
829 2903 860 2969 S.
879 2903 1164 2989 Congregationes.
1190 2902 1354 2987 Siquidem

170 3050 347 3116 progressu
370 3030 524 3114 temporis
548 3033 615 3094 tum
638 3027 678 3093 ob
702 3029 932 3114 praestantiam
951 3034 985 3094 et
999 3028 1258 3094 aestimationem
1274 3028 1355 3096 Oar-

244 3242 284 3313 (1)
302 3241 371 3297 Cum
384 3243 511 3312 gestione
526 3243 701 3312 negotiorum
724 3242 1009 3296 administrativorum
1036 3247 1113 3298 arcte
1133 3243 1265 3311 coniungi
1280 3248 1360 3311 pote·

170 3354 274 3401 statem
292 3345 438 3400 dirimendi
452 3347 655 3401 controversias
669 3346 812 3400 iudiciales
826 3350 955 3402 eiusdem
973 3348 1090 3414 ordinis,
1103 3346 1208 3402 diserte
1221 3363 1360 3417 recogno·

170 3452 260 3505 scitur
285 3452 315 3505 in
334 3449 474 3527 bodiernis
502 3452 623 3521 politicis
651 3450 816 3522 populorum
843 3453 1096 3508 constitutionibus
1123 3453 1153 3507 iu
1180 3454 1281 3523 quibus
1308 3453 1360 3506 sub

172 3574 229 3611 una
246 3556 292 3613 uel
310 3556 367 3611 alia
384 3558 474 3611 souma
492 3558 646 3612 constituta
663 3564 730 3612 sunt
750 3558 903 3613 tribunalia
921 3558 1083 3629 collegialia
1111 3577 1170 3631 pro
1193 3561 1360 3615 contentioso

171 3664 411 3716 administrativa:
422 3664 456 3716 ol'.
472 3662 625 3728 blattirolo‚
644 3665 766 3718 Trottoto
780 3666 810 3717 di
829 3667 924 3719 diritto
943 3665 1117 3734 qiudiziario
1134 3666 1218 3719 cinito
1235 3666 1360 3730 taliano,

173 3767 227 3823 vor.
247 3768 565 3839 2410au.‚n‚415sq.
585 3796 621 3809 -
640 3768 717 3823 nane
736 3768 892 3824 doctrinam
911 3770 952 3823 aa
971 3770 1108 3839 expressit
1124 3770 1234 3836 vivan,
1253 3750 1360 3824 diuae

171 3877 416 3940 administratioes,
435 3878 501 3928 tom.
520 3874 540 3943 l,
562 3892 584 3944 p.
602 3874 653 3930 132
671 3876 762 3930 aiens:
776 3888 794 3931 tt
809 3876 849 3929 Le
869 3876 908 3929 toi
927 3892 962 3929 ne
981 3885 1054 3947 peut
1073 3878 1158 3930 avoir
1172 3895 1250 3947 pour
1270 3879 1360 3933 inter·

171 3985 253 4053 pre'te
280 3993 307 4037 ct
327 3999 404 4053 pour
422 3999 548 4052 venpeur
566 3983 668 4053 qu’une
683 3985 865 4053 jurisdiction
887 3997 919 4048 »3
945 3984 979 4037 cs.
1000 3984 1306 4049 bleucoi‚1stituzione
1330 3988 1361 4039 di

174 4090 268 4140 diritto
287 4087 526 4141 amministratioo.
541 4114 575 4127 -
588 4085 629 4140 Ob
644 4084 716 4141 hano
730 4086 851 4141 indolem
867 4087 1014 4161 potestatis
1027 4087 1267 4143 administrativae
1282 4089 1361 4159 leges

173 4193 286 4251 italicae
305 4196 346 4249 ita
364 4196 469 4249 dictae:
485 4208 501 4249 s
517 4194 699 4265 Guoreattpie
719 4195 880 4264 Pontificiac
893 4209 911 4249 a
924 4194 1054 4249 videntur
1077 4210 1280 4265 recognoscere
1299 4196 1360 4265 ple·

172 4316 237 4355 nam
255 4302 452 4357 arroteritctem
472 4300 498 4354 S.
518 4301 773 4371 congregationum
792 4302 878 4356 etiam
897 4306 1035 4373 quatenus
1053 4307 1120 4356 sunt
1139 4302 1305 4357 tribunalia.
1323 4334 1362 4346 -

173 4404 214 4457 Cr.
232 4407 302 4476 proi.
322 4404 452 4473 Soeduto,
475 4406 713 4485 commentarium
732 4410 761 4459 in
779 4409 831 4462 bas
850 4407 938 4477 lepos,
