3292 5109
301 294 348 361 56
822 315 907 363 raas
931 314 968 363 11.

302 434 401 501 iudex
424 442 456 503 et
478 436 654 505 advocatus
677 443 710 505 et
732 446 940 527 procurator,
964 426 1085 506 statuta
1107 441 1175 517 die,
1200 440 1323 507 habent
1346 462 1385 508 eo
1408 462 1485 509 con·

302 558 374 623 silio
397 565 432 626 ut
454 560 533 625 iuris
557 564 590 627 et
616 561 695 627 facti
717 560 922 631 difficultates
945 562 1042 629 iudici
1064 570 1178 631 enatos
1201 565 1234 629 in
1258 564 1364 631 studio
1387 584 1486 649 quae·

302 684 414 749 stionis
437 685 557 751 clarius
579 684 618 750 ab
642 685 798 755 advocato
822 686 996 753 diluantur.

394 810 561 876 Hodierna
590 813 702 896 praxi.
728 831 781 877 res
804 812 849 877 ita
871 832 907 878 sa
929 811 1043 887 habet,
1068 816 1104 877 ut
1126 814 1352 899 praemittatur
1374 814 1483 879 infor·

302 934 401 998 matio
430 934 559 1019 scriptis
590 938 726 999 exarata
756 933 975 999 informationi
1005 939 1159 1001 oretenus
1190 932 1374 1011 habendae;
1399 953 1484 1019 quae

302 1054 438 1139 proinde
461 1060 538 1122 tunc
561 1078 599 1121 eo
623 1062 748 1143 spectat
770 1063 805 1123 ut
828 1060 952 1144 scripta
985 1059 1101 1143 relatio
1136 1058 1249 1124 melius
1280 1057 1480 1144 explicatum

302 1177 359 1244 sed
381 1180 556 1263 antiquitus
583 1182 678 1247 etiam
702 1183 736 1246 in
760 1182 845 1247 Rota
871 1188 969 1248 antea
995 1182 1177 1248 habebatur
1199 1182 1385 1247 informatio
1408 1183 1486 1246 vira

204 1318 207 1325 ·
303 1320 384 1367 voce
406 1301 503 1383 facta,
519 1302 593 1367 dein
617 1305 739 1390 scripta
762 1304 959 1370 informatio.
985 1307 1056 1371 Hoc
1080 1308 1125 1371 ita
1147 1305 1302 1373 describit
1324 1305 1371 1371 De
1395 1305 1486 1371 Luca

303 1446 358 1511 op.
382 1426 435 1494 cit.
459 1427 548 1495 Disc.
565 1425 625 1501 32,
649 1447 683 1492 u.
703 1426 753 1494 39
775 1448 877 1515 agens
901 1429 941 1494 de
964 1431 1060 1515 praxi
1085 1430 1116 1496 S.
1135 1430 1248 1496 Rotae:
1268 1453 1286 1493 a
1309 1430 1484 1514 Postquam

303 1568 384 1615 vero
406 1549 619 1619 determinata
641 1551 742 1620 fuerit
768 1552 837 1618 dies
860 1555 892 1617 in
916 1572 982 1637 qua
1004 1551 1135 1619 dubium
1155 1553 1400 1639 proponendum
1424 1556 1484 1626 est,

302 1675 336 1738 in
360 1675 428 1741 eius
450 1675 647 1761 antevigilia,
671 1695 786 1761 nempe
810 1677 844 1741 in
867 1677 919 1741 die
939 1676 1068 1743 Sabbati
1084 1678 1110 1743 si
1130 1678 1163 1741 in
1186 1676 1238 1742 die
1259 1676 1358 1741 lunae
1381 1693 1481 1740 causa

301 1798 512 1885 proponenda
532 1802 583 1881 sit,
603 1799 748 1865 advocati
773 1804 807 1866 et
829 1806 1060 1887 procuratores
1083 1801 1281 1886 litigantium
1304 1800 1484 1866 informant

302 1921 476 1989 Auditores
494 1925 526 1989 in
550 1925 690 2010 propriis
713 1925 868 2006 domibus,
885 1926 918 1989 in
942 1923 1057 2008 quibus
1077 1924 1220 1990 titedie
1245 1922 1397 2011 (excepto
1419 1942 1487 1989 mo

305 2044 376 2111 dico
401 2048 504 2131 spatio
534 2045 676 2133 prandii)
702 2047 841 2132 expositi
872 2051 965 2122 sunt,
990 2044 1175 2111 nullatenus
1204 2045 1245 2111 ad
1274 2047 1339 2111 alia
1373 2046 1485 2111 direr-

303 2178 419 2239 tentes.
446 2172 647 2239 Informandi
674 2178 781 2238 autern
805 2172 885 2237 ordo
909 2178 960 2238 est
981 2192 1055 2237 cum
1079 2172 1194 2258 regula
1216 2173 1276 2257 qui
1297 2172 1398 2255 prior
1420 2175 1485 2236 etc.

303 2293 345 2359 ad
368 2296 471 2360 instar
485 2314 701 2393 copoursuum
724 2293 931 2367 creditorum,
944 2296 991 2360 uti
1014 2294 1140 2362 scilicet
1161 2296 1215 2379 qui
1238 2296 1328 2379 prius
1352 2293 1483 2359 domum

304 2418 470 2487 Auditoris
493 2421 657 2505 ingressus
681 2426 738 2495 est,
762 2422 854 2505 prius
876 2420 1031 2486 informet
1052 2418 1173 2503 absque
1196 2420 1390 2504 exceptione
1412 2436 1487 2504 per

303 2565 466 2619 sonarum,
482 2546 635 2630 nullaque
655 2545 796 2611 admissa
819 2544 1067 2631 praecedentiae
1091 2541 1274 2611 differentia
1289 2545 1375 2609 inter
1389 2542 1488 2609 advo·

304 2677 394 2739 catos
409 2676 442 2737 et
463 2676 702 2757 procuratores,
724 2671 877 2755 nullaque
901 2673 1027 2738 ratione
1050 2671 1161 2738 habita
1182 2690 1226 2735 an
1248 2669 1398 2736 advocati
1419 2670 1489 2735 sint

303 2799 449 2865 seniores
476 2818 516 2863 ac
542 2798 687 2885 primarii
710 2797 764 2864 rel
792 2798 1050 2871 concistoriales
1078 2795 1135 2862 sed
1165 2797 1306 2861 omnium
1341 2794 1487 2879 aequalis

304 2928 354 2989 est
383 2921 522 2987 conditio
545 2922 656 3005 utqui
683 2920 776 3006 prior
798 2925 848 2986 est
870 2921 904 2984 in
927 2925 1074 3006 tempore
1103 2922 1210 3005 potior
1232 2920 1276 2986 sit
1301 2920 1334 2985 in
1358 2920 1439 2983 iure.
1465 2952 1486 2968 ·

304 3040 425 3107 Eadem
441 3040 492 3107 die
508 3042 551 3109 de
572 3061 648 3109 sero
664 3061 725 3128 per
739 3046 910 3127 utramque
933 3046 1070 3127 partem,
1091 3041 1328 3107 distribuuntur
1350 3040 1486 3126 singulis

304 3162 512 3231 Auditoribus
541 3166 787 3232 informationes
815 3168 850 3231 in
878 3167 963 3233 facto
988 3172 1020 3231 et
1043 3167 1076 3231 in
1099 3167 1170 3230 iure
1201 3164 1424 3250 procuratoris
1449 3168 1485 3229 et

303 3285 551 3365 advocatorum
575 3295 671 3375 atque
694 3258 922 3355 sollicitatores
946 3290 1000 3375 qui
1023 3290 1110 3355 hanc
1137 3286 1348 3354 distribuendi
1371 3306 1487 3353 curam

298 3412 427 3479 nabent
450 3420 546 3479 etc.»
573 3412 630 3500 (1).

393 3536 504 3615 Quoad
542 3540 679 3625 scriptas
721 3538 934 3626 allegationes
972 3540 1148 3624 praecipue
1185 3535 1396 3603 inculcandus
1434 3538 1486 3601 est

303 3662 415 3729 curiae
429 3663 533 3749 stylus
547 3661 774 3749 praescribens
797 3661 970 3747 quamdam
993 3662 1120 3728 numeri
1136 3660 1184 3748 (2)
1197 3679 1382 3727 mensuram
1398 3657 1487 3727 foliis

390 3891 430 3963 (l)
449 3892 568 3946 Proinde
587 3891 746 3946 informatio
764 3894 897 3945 oretenus
916 3892 992 3945 facta
1006 3891 1183 3960 praecipuam
1203 3889 1289 3946 habet
1301 3894 1418 3960 partem,
1432 3904 1483 3959 pro

303 4002 380 4074 stylo
398 4003 500 4069 critiae,
519 4002 549 4056 in
566 4002 720 4071 agitatione
739 4016 904 4063 causarum
925 4000 980 4053 ista
999 3999 1073 4053 enim
1092 3998 1254 4053 facultatem
1274 3997 1348 4067 parti
1367 3996 1485 4065 praebet

305 4108 405 4164 melius
423 4107 579 4164 declarandi
599 4125 650 4163 sua
668 4108 730 4161 iura
748 4112 778 4162 et
795 4106 883 4161 iudici
902 4106 1013 4161 facilem
1032 4104 1144 4160 modum
1162 4103 1285 4159 diluendi
1303 4103 1398 4168 dubia,
1415 4118 1489 4174 quae

305 4216 409 4273 exoriri
427 4215 520 4271 solent
538 4214 566 4269 in
585 4213 738 4269 evolvenda
755 4214 823 4267 facti
844 4212 1016 4268 controversi
1035 4210 1207 4284 quaestione.

394 4319 433 4393 (2)
452 4318 492 4377 cf.
507 4320 625 4387 Moroni,
638 4338 682 4391 op.
696 4322 741 4376 cit.
761 4319 793 4375 V.
814 4320 923 4375 Udstori
934 4320 966 4374 di
977 4318 1059 4384 Rota,
1077 4317 1125 4372 ubi
1143 4317 1226 4371 docet
1243 4330 1330 4387 osque
1344 4314 1371 4368 S.
1385 4314 1489 4369 Rotam

304 4430 425 4502 pressius
441 4428 507 4483 huic
519 4426 634 4497 regulae
649 4426 796 4483 brevitatis
814 4424 977 4482 inhaesisse.
990 4425 1026 4479 Et
1043 4424 1082 4479 De
1096 4424 1180 4490 Luca,
1193 4441 1236 4494 op.
1250 4432 1276 4476 et
1290 4423 1343 4476 loc.
1356 4420 1413 4487 cit,
1425 4418 1489 4476 alt:
