3292 5109
480 236 524 283 un
547 235 687 283 runicus
710 234 977 283 nconrsmsrrcrs
1256 214 1317 279 441

140 378 247 445 qnam
268 378 378 424 nnnm
402 376 527 441 eorpus
549 358 685 424 diversa
708 358 823 441 capita
848 355 906 443 (uti
929 356 1011 422 dixit
1039 356 1246 423 Innocentius
1271 353 1321 418 lll

140 485 175 548 in
191 483 311 551 celebri
329 483 440 568 cupite
453 484 497 548 16
511 484 562 550 De
573 488 727 569 potestat.
744 483 815 549 ind.
838 483 912 550 ord.
930 479 972 569 (I,
990 480 1055 569 31),
1075 482 1116 557 Χ,
1134 480 1218 547 unde
1234 481 1322 545 iusti-

139 610 272 675 tutionis
302 608 489 674 vicariatus
520 607 697 695 repetenda
726 613 801 673 sunt
832 606 953 696 initia),
985 607 1063 672 hine
1093 607 1130 673 in
1161 604 1320 672 coercitio

140 734 306 819 potestatis
328 732 558 800 iurisdictionis
580 733 753 799 nonnullas
779 734 901 819 patitur
928 732 1133 797 limitationes
1157 729 1319 802 Vicarius,

138 859 243 943 quoad
267 878 306 924 ea
329 879 445 945 nempe
468 861 597 945 negotia
613 880 695 944 quae
715 864 891 925 censentur
907 878 970 923 non
989 857 1147 923 contineri
1165 857 1197 921 in
1219 874 1320 943 pene·

139 981 209 1047 ruli
232 980 391 1056 mandato,
416 983 533 1069 quippe
556 984 721 1069 graviora.
747 1018 765 1031 -
790 981 854 1049 Sed
878 1002 937 1046 nos
961 980 1145 1047 disserimus
1165 978 1205 1045 de
1232 998 1320 1043 com-

139 1107 283 1193 petentia
297 1106 458 1183 iudiciali;
475 1112 508 1175 et
521 1113 613 1173 recte
629 1113 720 1173 notat
736 1107 808 1172 Pax
827 1106 993 1179 lordauus,
1011 1124 1065 1189 op.
1082 1106 1145 1186 cit,
1173 1104 1267 1170 Tem.
1283 1102 1318 1177 2,

138 1234 161 1298 l.
174 1232 229 1315 12,
242 1233 289 1298 tit.
303 1234 330 1307 1,
343 1253 379 1298 n.
391 1232 477 1314 230,
493 1232 695 1297 identitatem
710 1232 882 1297 tribunalis
897 1234 983 1297 inter
995 1232 1188 1317 Episcopum
1203 1234 1236 1295 et
1251 1228 1320 1293 eius

137 1362 213 1427 Vic.
238 1360 383 1444 proprie
406 1358 524 1425 treberi
546 1359 583 1425 in
605 1358 826 1426 contentiosis.
853 1359 1025 1425 -Etenim
1053 1374 1163 1421 omnes
1195 1374 1318 1427 causas,

137 1503 219 1567 quas
242 1502 441 1569 cognoscere
456 1488 560 1568 potest
576 1484 764 1568 Episcopus,
782 1483 949 1567 cognoscit
965 1500 1090 1566 quoque
1107 1480 1269 1559 Vicarius,
1285 1479 1320 1543 oi

137 1606 297 1672 mundati
310 1608 491 1693 pennalis,
504 1608 530 1672 si
547 1606 788 1681 demascausas
803 1606 1058 1672 matrimoniales
1075 1609 1107 1670 et
1124 1603 1317 1668 criminales.

136 1726 201 1794 Sed
225 1727 265 1793 de
287 1727 575 1794 matrimonialibus
599 1728 736 1794 vidimus
759 1728 833 1813 quid
858 1730 969 1793 verius
1000 1724 1176 1792 tenendum
1200 1726 1254 1800 sit;
1279 1722 1319 1789 de

136 1851 359 1919 criminalibus
388 1853 477 1919 inira
506 1853 657 1920 dicemus.
684 1890 702 1903 ·
729 1855 823 1919 Ratio
854 1854 894 1920 ob
926 1872 1020 1939 quarn
1051 1854 1083 1916 in
1115 1849 1315 1917 iudicialibus

134 1977 211 2043 Vio.
236 1978 317 2044 Gen.
342 1984 497 2045 exerceat
525 1999 608 2065 pene
631 1978 778 2046 eamdem
807 1980 958 2065 Episcopi
990 1979 1236 2063 competentiam
1260 1974 1316 2041 sed

135 2103 248 2189 plures
270 2104 412 2189 patiatur
432 2105 641 2172 limitationes
664 2106 698 2171 in
720 2108 878 2171 exercitio
909 2104 1137 2171 iurisdictionis
1167 2102 1318 2167 volunta-

135 2228 216 2301 riae,
241 2248 320 2293 sane
342 2229 374 2292 in
397 2235 510 2314 aperto
533 2233 599 2305 est;
623 2230 756 2295 namin
780 2248 819 2295 re
841 2230 983 2295 iudiciali
1011 2228 1235 2315 expostulatur
1259 2246 1317 2291 ue·

134 2350 313 2416 cessarium
336 2350 565 2417 iurisdictionis
587 2352 796 2428 exercitium
819 2354 853 2417 in
877 2352 948 2418 aliis
964 2369 1043 2417 vero
1067 2352 1203 2438 negotiis
1227 2350 1315 2415 adhi-

135 2472 232 2540 betur
255 2474 395 2539 maxime
419 2473 596 2541 iurisdictio
618 2474 812 2550 voluntaria,
839 2494 921 2559 qnae
946 2480 1036 2540 certe
1060 2472 1245 2539 exercenda
1269 2479 1318 2538 est

134 2600 170 2662 in
202 2599 349 2684 regimen
379 2596 531 2673 fidelium,
556 2598 613 2664 sed
643 2604 752 2684 utpote
774 2598 969 2675 voluntaria,
994 2600 1214 2684 interponitur
1245 2618 1317 2663 cum

136 2722 276 2809 quodam
298 2724 442 2811 legitimo
462 2725 598 2791 arbitrio
613 2744 634 2790 a
649 2734 711 2810 quo
727 2726 845 2811 pendet
861 2725 1002 2811 prudeus
1020 2724 1102 2790 ratio
1117 2722 1317 2809 agendorum

133 2852 170 2916 in
199 2850 435 2937 gubernatione
466 2852 632 2919 dioecesis.
657 2853 819 2928 Quocirca
847 2872 888 2918 ne
920 2852 1075 2918 dioecesis
1106 2851 1169 2916 duo
1200 2849 1318 2917 habeat

132 2981 251 3065 capita,
278 2981 368 3065 quasi
395 2986 585 3053 monstrum,
610 3001 744 3047 necesse
767 2987 839 3047 erat
867 2982 1058 3047 exercitium
1086 2978 1316 3069 iurisdictionis

133 3078 339 3168 voluntariae
362 3102 531 3168 admodum
554 3102 699 3169 cobiberi
728 3105 760 3169 in
784 3104 859 3169 Vic.
881 3105 962 3170 Gen.
987 3108 1022 3169 ut
1045 3107 1236 3167 servaretur
1259 3120 1317 3165 ne·

133 3225 279 3290 cessaria
302 3226 469 3311 regiminis
494 3227 609 3292 unitas.
628 3226 792 3293 -Exinde
815 3231 906 3292 recte
937 3226 1129 3313 intelligitur
1156 3227 1317 3291 sententia

134 3348 300 3436 Fagnani‚
332 3352 370 3417 in
399 3370 475 3433 cop.
503 3348 580 3417 Non
610 3352 768 3435 amplius,
792 3352 843 3418 De
873 3351 1151 3433 institutionibus,
1182 3350 1314 3417 aientis:

136 3497 157 3539 ‹
174 3475 268 3547 Quae
290 3481 370 3541 snnt
391 3476 606 3543 voluntariae
620 3475 866 3544 iurisdictionis
889 3481 921 3543 et
943 3476 1083 3561 sapiunt
1095 3476 1246 3562 pretinm
1262 3493 1316 3540 re-

131 3598 304 3685 puleriter
326 3618 396 3666 non
427 3604 607 3666 minentur
636 3602 803 3667 transslata
826 3602 864 3666 in
897 3600 1070 3667 lsiearinnt
1097 3598 1314 3673 (tenentem,

131 3722 195 3788 secl
218 3726 350 3788 tantum
365 3742 408 3789 eo
423 3742 513 3809 qnae
527 3729 607 3791 sunt
622 3725 849 3791 contentiosae
873 3724 1118 3792 iurisdictionis
1133 3730 1164 3790 et
1179 3724 1317 3807 sapiunt

130 3844 299 3912 iustitiam
315 3867 347 3911 ».
371 3848 414 3913 Et
437 3848 565 3920 Garoia,
590 3847 641 3914 De
664 3846 784 3932 honest
807 3869 843 3933 p.
861 3849 895 3925 5,
921 3870 948 3916 a.
974 3848 1007 3925 8,
1031 3869 1065 3914 n.
1083 3849 1141 3923 65,
1159 3846 1315 3913 advertit:

134 3995 155 4037 ‹
171 3972 266 4044 Quae
286 3979 365 4040 snnt
380 3973 528 4040 institiae
549 3978 581 4040 et
602 3974 821 4050 necessitatis,
840 3977 980 4060 expedit
999 3974 1153 4043 Vicarins
1168 3979 1200 4041 et
1215 3973 1317 4041 etiarn

129 4116 175 4165 ea
199 4103 390 4183 quaesunt
418 4099 634 4167 voluntariae
663 4100 908 4168 iurisdictionis
938 4108 1151 4170 nontamen
1178 4100 1317 4184 sapiunt

129 4218 307 4306 gratiam
329 4226 425 4287 actus
447 4220 539 4288 enim
561 4224 777 4291 voluntariae
799 4226 1045 4293 iurisdictionis
1068 4244 1158 4311 qnae
1172 4244 1243 4293 non
1265 4243 1317 4291 sa·

125 4344 236 4428 pinni
255 4364 372 4412 merae
393 4345 537 4432 prande,
552 4352 642 4415 recte
658 4355 806 4432 possunt
820 4351 975 4419 coerceri
990 4372 1012 4419 a
1037 4350 1170 4419 Viecrio
1186 4349 1313 4436 absque
