3292 5109
268 188 334 253 480
725 209 931 257 nnnnorrun
956 211 992 256 11.

267 328 423 395 obtinendi3
441 329 550 385 demum
569 346 604 382 en
623 329 660 384 sit
679 335 912 398 consummatum,
925 332 949 385 ei
969 331 1043 387 mala
1061 332 1124 401 fide,
1143 333 1244 388 saltem
1256 333 1339 387 unius
1352 336 1451 404 partis,

268 451 316 488 eeu
335 451 398 489 cum
416 436 534 490 scientia
553 415 752 505 impedimenti.

355 538 381 590 7.
403 537 510 608 Copula
529 540 684 593 incestuosa
701 539 798 593 habita
823 541 897 594 inter
915 556 1034 610 sponsos
1052 546 1118 597 ante
1138 541 1352 612 dispensationis
1369 561 1452 599 exse·

267 647 416 714 cntionem,
435 647 494 702 sive
511 653 586 713 ante,
605 649 664 703 sive
682 654 744 720 post
763 651 823 704 eius
843 651 1078 719 impetrationem,
1092 651 1152 706 sive
1165 652 1321 707 intentione
1337 652 1450 706 facilius

267 755 501 825 dispensationem
518 757 671 820 obtinendi,
692 758 749 811 eive
769 758 853 812 etiam
867 759 977 813 seclusa
990 758 1041 812 tali
1055 760 1219 826 intentione,
1235 764 1265 814 et
1277 760 1334 815 eive
1347 760 1450 829 copula

267 863 378 932 publice
397 870 464 918 nota
482 867 527 932 sit,
546 865 604 920 sive
622 866 707 920 etiam
726 865 845 920 occulta.
865 866 893 920 Si
914 865 984 921 baec
1000 867 1181 932 reticeantur,
1193 867 1375 937 subreptitias
1386 885 1451 921 esse

268 975 297 1024 et
316 971 416 1025 nullibi
437 989 469 1026 ac
487 973 566 1026 nullo
587 973 667 1026 modo
687 971 780 1028 valere
799 967 1022 1042 dispensationes
1040 992 1124 1044 super
1145 974 1364 1046 quibuscumque
1383 992 1452 1044 gra-

268 1077 348 1131 dibus
367 1077 514 1147 prohibitis
532 1078 790 1147 consanguinitatis,
810 1079 970 1140 affinitatis,
990 1081 1166 1148 cognationis
1183 1081 1338 1150 spiritualia
1355 1086 1386 1135 et
1405 1081 1450 1136 le·

269 1182 349 1252 galis,
369 1199 420 1237 nec
440 1200 494 1238 non
513 1189 542 1238 et.
561 1183 688 1253 publicae
707 1183 869 1250 honestatis,
883 1184 1037 1238 declaravit
1055 1185 1082 1236 S.
1102 1184 1292 1254 congregatio
1310 1184 1337 1238 S.
1357 1185 1450 1239 Officii

269 1285 330 1340 Fer.
343 1285 389 1351 IV,
406 1287 415 1338 1
432 1287 552 1356 Augusti
570 1287 643 1340 1866.
660 1287 688 1340 lu
703 1286 821 1355 petenda
834 1304 900 1341 vero
920 1286 1127 1356 dispensatione
1146 1303 1231 1356 super
1249 1288 1450 1357 impedimento

268 1391 413 1445 affinitatis
436 1393 518 1461 primi
537 1392 581 1447 vel
601 1393 712 1446 secundi
737 1393 839 1460 gradus
858 1392 949 1448 lineae
968 1393 1156 1457 collateralis,
1176 1394 1200 1446 si
1219 1393 1450 1462 impedimentum

268 1497 368 1551 nedum
388 1515 422 1552 ex
446 1501 623 1553 matrimonio
647 1505 840 1555 consummato
865 1517 928 1553 cum
952 1501 1083 1554 defuncto
1109 1501 1229 1568 coniuge
1255 1500 1379 1554 Oratoris
1401 1501 1450 1555 rel

268 1601 469 1669 Oratricis,sed
483 1605 567 1659 etiam
580 1622 615 1660 ex
627 1605 727 1674 copula
747 1605 1013 1659 antematrimoniali
1032 1621 1080 1658 seu
1099 1604 1251 1657 fornicaria
1269 1621 1333 1657 cum
1351 1603 1450 1658 eodem

268 1710 398 1765 defuncto
417 1717 482 1767 ante
501 1714 600 1767 initum
619 1731 682 1767 cnm
701 1715 761 1783 ipso
780 1713 988 1767 matrimonium
1007 1717 1119 1781 patrata
1138 1712 1254 1779 oriatur,
1268 1727 1379 1766 necesse
1392 1728 1449 1765 non

268 1821 325 1882 est,
344 1821 375 1870 ut
393 1819 498 1873 mentio
521 1821 571 1873 fiat
595 1818 752 1873 huiusmodi
778 1819 896 1874 illicitae
915 1818 1045 1888 copulae,
1067 1818 1297 1889 quemadmodum
1316 1821 1394 1887 patet
1412 1833 1449 1871 ex

268 1940 399 1993 responso
419 1924 444 1978 S.
464 1925 700 1980 Poenitentiariae
719 1925 772 1980 diei
787 1927 821 1978 20
836 1926 932 1979 Martii
948 1925 1024 1989 1842,
1039 1927 1209 1994 probantes.
1224 1942 1260 1977 m.
1274 1923 1358 1992 Greg.
1371 1921 1450 1985 XIV,

268 2031 302 2084 ad
322 2031 485 2102 Episcopum
508 2025 739 2101 Namurcensem,
766 2033 839 2102 quod
864 2029 1451 2101 generaleesse,idemTribunal1iteris

270 2135 323 2190 diei
346 2137 377 2191 10
397 2137 556 2192 Decembris
577 2138 653 2203 1874,
672 2137 766 2192 edixit.
