3292 5109
296 212 363 282 412
825 234 909 282 rans
933 232 969 281 11.

293 352 450 419 auditioni
479 356 620 431 testium,
649 354 789 423 confisus
811 358 1028 440 inaequitate
1051 352 1164 420 iudicis
1195 353 1343 439 delegati.
1370 352 1481 417 Prae·

293 481 387 543 terea
402 478 529 562 quando
545 500 565 544 a
580 480 686 546 indice
708 480 858 567 delegato
881 481 1091 545 remittuntur
1109 480 1143 543 in
1166 477 1355 543 authentica
1369 475 1486 541 forma'

293 602 422 667 testium
449 605 693 689 responsiones,
718 605 882 692 integrum
905 610 955 671 est
977 602 1166 670 adversario
1197 608 1230 669 et
1260 604 1414 689 excipere
1448 602 1483 665 et

294 732 411 795 contra
432 730 561 795 testium
585 728 672 797 dicta
695 735 728 797 et
750 736 867 797 contra
882 731 1011 797 modum
1033 730 1200 796 examinis.
1220 763 1238 779 -
1256 729 1479 814 Exceptiones

294 855 381 919 enim
405 860 520 921 contra
541 876 699 942 personas
720 858 850 923 testium
875 857 1040 923 ordinario
1070 876 1135 921 non
1160 852 1375 921 admittendae
1398 858 1478 919 sunt

295 977 357 1043 nisi
380 984 456 1044 ante
479 978 666 1044 eorumdem
690 1000 840 1046 examen.
868 979 923 1065 (cf.
948 981 1013 1047 ool.
1038 978 1065 1055 1,
1091 978 1162 1045 484
1185 977 1275 1067 aeq).

385 1103 519 1168 Demum
542 1103 642 1169 iudex
665 1104 717 1169 cui
739 1106 905 1192 negotium
935 1104 1087 1171 iudiciale
1115 1104 1290 1169 remittitur
1317 1120 1483 1187 exequen-

295 1222 382 1307 dum,
402 1245 443 1290 ea
465 1227 512 1293 uti
534 1226 631 1294 debet
652 1231 810 1312 potestate
833 1228 985 1293 mandata
1008 1226 1048 1292 de
1071 1245 1134 1312 qua
1156 1225 1253 1291 fidem
1275 1225 1400 1291 faciunt
1422 1224 1480 1289 lit-

295 1355 388 1417 terae
411 1354 645 1420 remissoriales
667 1355 722 1421 vel
744 1356 1020 1441 compulsoriales,
1039 1356 1191 1441 religiose
1210 1352 1414 1420 observando
1438 1353 1480 1416 li·

295 1479 390 1544 mites
417 1478 569 1546 mandati.
601 1478 762 1556 Quocirca
784 1484 812 1547 si
836 1480 966 1549 dubium
998 1482 1168 1547 exoriatur
1198 1480 1288 1545 circa
1319 1478 1481 1543 rationem

295 1605 413 1691 agendi
436 1606 512 1691 quia
533 1606 697 1673 dubitatur
719 1626 763 1672 an
778 1624 817 1672 eo
841 1627 876 1673 se
899 1606 1071 1694 protendat
1088 1611 1229 1692 potestas
1252 1603 1409 1690 delegata,
1426 1624 1481 1669 sa-

295 1732 361 1798 tius
383 1736 441 1806 est,
466 1752 536 1798 rem
560 1752 726 1820 exponere
752 1731 850 1799 iudici
874 1732 1047 1819 deleganti,
1070 1731 1126 1798 vel
1148 1749 1265 1795 noram
1297 1729 1481 1816 expetendo

296 1853 485 1921 facultatem
508 1854 561 1918 rel
585 1854 706 1920 veteris
729 1854 993 1920 declarationem.

389 1975 493 2040 Hodie
515 1974 707 2060 frequenter
728 1975 813 2062 apud
837 1978 947 2043 curias
970 1974 1090 2042 accidit
1112 1994 1206 2041 casus
1229 1974 1282 2039 vel
1306 1973 1401 2039 dandi
1425 1973 1480 2038 lit·

297 2104 386 2166 teras
410 2100 642 2166 remissoriales
664 2101 718 2167 vel
740 2100 872 2167 easdem
895 2101 1077 2187 excipiendi
1093 2106 1126 2166 et
1144 2098 1324 2185 exequendi
1348 2101 1381 2164 in
1406 2119 1483 2164 con-

297 2224 456 2288 traversis
477 2224 784 2301 matrimonialibus3
808 2224 893 2290 unde
916 2226 999 2292 haec
1029 2225 1180 2292 tractatio
1204 2224 1347 2311 pressius
1377 2226 1482 2309 perti-

297 2348 417 2413 netad
440 2351 577 2433 praxim.

388 2473 443 2539 Ius
466 2494 635 2539 commune
658 2475 814 2560 scriptum
838 2476 871 2540 in
895 2476 1000 2541 citatis
1025 2474 1201 2541 canonibus
1227 2476 1322 2561 large
1351 2472 1483 2540 admisit

298 2619 391 2664 usum
404 2597 520 2663 horum
529 2600 786 2665 commissionum
799 2601 856 2667 sed
867 2602 1013 2667 taxative
1024 2621 1089 2665 non
1102 2600 1329 2667 determinavit
1341 2600 1481 2667 formam

298 2744 486 2810 processus;
513 2722 722 2809 quamobrem
748 2726 990 2793 adhaerendum
1018 2726 1140 2813 regulis
1166 2726 1424 2813 generalioribus
1448 2732 1484 2793 et

173 2885 177 2896 ·
258 2938 262 2944 ι
298 2846 443 2932 probatis
458 2849 652 2915 auctoribus.
670 2849 718 2915 df.
732 2850 920 2937 Pellegrini,
933 2850 1065 2917 Procris
1082 2850 1305 2929 vicariorum,
1320 2850 1415 2916 Part.
1430 2849 1480 2925 ΙΙ,

301 2968 385 3037 Sect.
403 2971 450 3053 ΙΙ,
469 2970 616 3042 Subsact.
638 2972 713 3046 VII,
730 2971 783 3038 ubi
799 2971 865 3036 late
889 2972 1031 3057 explicat
1053 2971 1139 3037 hauc
1154 2991 1324 3057 processus
1340 2974 1480 3057 partem,

301 3095 334 3155 et
356 3090 456 3156 dictat
478 3090 636 3157 formulas
658 3091 842 3156 litterarum
866 3092 1068 3175 aliorumque
1091 3090 1306 3157 decretorum.

390 3214 424 3301 3)
448 3215 591 3298 Denique
617 3216 712 3281 etiam
741 3217 895 3302 expetitio
919 3216 1102 3282 litterarum
1129 3215 1481 3297 conservatorialiam

298 3339 339 3443 ad
361 3340 509 3405 tramites
532 3358 606 3421 cap.
631 3340 665 3416 5,
689 3338 776 3407 Sara.
801 3341 853 3417 14,
878 3341 929 3407 De
950 3341 1015 3425 res.
1043 3342 1167 3409 Coactt.
1191 3342 1297 3414 Trid„
1314 3343 1483 3407 constituit

260 3445 271 3469 ’
299 3466 518 3550 quaestionem
535 3465 748 3542 incidentem3
765 3467 840 3550 quia
857 3465 1065 3551 expostulare
1082 3466 1209 3532 Iudices
1226 3465 1484 3531 Conservatores

299 3596 350 3657 est
378 3590 438 3656 sibi
468 3595 625 3676 expetere
656 3592 764 3677 magni
794 3591 946 3676 ponderis
977 3592 1193 3677 privilegium,
1223 3592 1316 3656 cuius
1345 3590 1485 3656 interest

298 3719 536 3802 quammaxime
559 3717 695 3782 alterius
724 3718 826 3802 partis
851 3718 904 3801 qui
927 3716 962 3783 in
985 3716 1102 3782 iudicio
1127 3716 1268 3782 dimicat.
1294 3751 1311 3765 -
1337 3714 1400 3783 Sed
1427 3716 1485 3783 hic

300 3861 394 3909 casus
416 3840 512 3907 hodie
535 3846 584 3907 est
606 3862 626 3905 a
649 3842 744 3927 praxi
763 3846 908 3906 remotus
924 3845 955 3905 et
971 3840 1048 3906 hinc
1071 3840 1215 3906 innuisse
1231 3838 1379 3915 sufficiat,
1395 3840 1486 3906 hanc

299 3967 502 4053 petitionem,
526 3965 644 4031 iudicio
672 3967 737 4031 iam
761 3967 926 4051 incoeptu,
950 3964 1091 4031 indolem
1119 3964 1256 4030 induere
1286 3965 1486 4050 quaestionis

299 4090 470 4156 incidentis
504 4096 537 4156 et
570 4092 662 4157 iuxta
695 4091 857 4176 appositas
891 4090 1063 4175 generales
1094 4088 1226 4176 regulas
1257 4087 1485 4154 resolvendam

300 4234 381 4281 esse.

389 4339 466 4405 325.
491 4336 680 4403 Tribunalia
702 4356 785 4421 quae
809 4335 1019 4403 subordinate
1040 4341 1115 4402 sunt
1136 4336 1271 4405 ratione
1293 4342 1485 4421 competen-
