3292 5109
466 254 509 301 nu
534 253 672 301 1uurc11s
697 252 963 301 uocussmsrrcrs
1237 232 1305 297 107

126 376 285 441 cretarius
299 376 594 463 Congregationum
610 376 663 442 vel
677 378 806 442 Ponens
822 376 855 441 in
871 377 944 441 aliis
958 376 1180 448 tribunalibus,
1195 376 1305 460 Papae

127 506 363 586 repraesentet,
388 504 463 588 quid
485 504 628 569 tribunal
653 503 852 569 intellexerit
874 502 914 568 ad
938 502 1001 567 boc
1024 508 1060 569 ut
1081 501 1197 567 deinde
1220 501 1305 566 idem

127 624 286 713 Princeps
310 626 505 692 demandare
528 629 629 714 possit
644 627 675 693 id
692 626 775 711 quod
799 626 937 708 videtur,
955 646 993 691 eo
1010 627 1084 710 quia
1106 625 1305 690 conveniens

125 764 219 832 saepe
254 749 298 813 sit
333 749 417 832 quod
453 750 610 835 Princeps
645 749 838 815 informatus
872 750 992 813 existat
1026 746 1066 811 de
1100 744 1306 832 gravioribus
1401 756 1407 765 ’

125 872 229 937 causis
245 878 279 937 et
296 873 387 939 iuxta
410 875 478 939 eius
501 874 663 959 placitum,
689 874 741 939 ubi
766 879 903 959 oportet,
927 894 1020 939 suum
1043 870 1304 938 auctoritativum

125 994 295 1064 brachium
312 1000 491 1065 clementer
505 1001 728 1085 impertiatur;
753 1001 785 1063 in
802 999 917 1083 quibus
932 998 1078 1063 terminis
1093 996 1176 1061 solet
1189 994 1305 1061 deinde

129 1118 217 1187 clarc
241 1122 401 1207 explicari
430 1123 542 1189 eadem
565 1142 662 1190 meus
679 1145 709 1187 ».
739 1122 851 1199 Quoad
874 1121 1051 1187 clausulam
1074 1140 1154 1185 vero
1176 1124 1209 1185 et
1230 1137 1305 1183 am·

125 1246 225 1326 ptius,
241 1246 320 1311 addi
336 1248 460 1315 solitam
477 1247 560 1333 apud
577 1250 608 1315 S.
623 1248 732 1334 (long,
746 1250 1007 1333 quotiescumque
1023 1246 1210 1313 Cardinales
1223 1242 1305 1308 arbi·

128 1371 256 1433 trantur
269 1388 400 1435 causam
416 1371 479 1434 iam
496 1390 566 1435 esse
582 1376 742 1435 maturam
757 1369 926 1455 expeditae
942 1370 1126 1435 executioni
1140 1388 1203 1433 nec
1221 1364 1305 1431 ulte·

129 1495 214 1560 riore
230 1494 379 1582 indigere
394 1498 554 1570 examine,
571 1496 710 1563 advertit
727 1498 810 1563 idem
823 1495 1160 1584 UrsayaDiscep.12,
1177 1500 1254 1559 tom.
1268 1493 1304 1567 2,

128 1622 214 1699 part.
231 1619 268 1691 2,
292 1640 326 1683 u.
344 1618 426 1686 168:
451 1642 469 1683 ‹
489 1621 585 1687 Circa
607 1620 786 1685 huiusmodi
810 1620 953 1686 additum
975 1625 1014 1687 ut
1035 1638 1140 1685 causa
1155 1617 1308 1698 amplius

131 1763 199 1809 noa
224 1752 447 1828 proponatur
477 1746 653 1813 notandum
684 1753 741 1817 est.
770 1746 854 1831 quod
884 1748 1024 1831 antiquis
1052 1744 1250 1831 temporibus
1273 1745 1306 1809 in

131 1868 295 1952 rescriptis
311 1866 365 1933 SS.
384 1867 444 1935 CC.
464 1890 529 1934 non
554 1875 625 1935 erat
640 1870 720 1934 adeo
735 1869 908 1953 frequens;
933 1869 1007 1935 dum
1023 1846 1151 1933 solitum
1168 1872 1239 1933 erat
1254 1886 1307 1953 ap-

131 1989 202 2071 poni
226 1990 259 2052 in
287 2010 372 2055 nova
395 2010 511 2055 causae
535 1993 765 2076 propositione;
789 1997 822 2055 et
846 1994 970 2065 merito,
1000 2010 1042 2055 ne
1067 1991 1166 2055 miser
1189 1989 1306 2053 colliti-

135 2132 211 2198 gans
235 2115 359 2181 clarum
387 2118 436 2182 ius
464 2117 597 2198 habens,
630 2118 825 2204 defatigetur
855 2120 1006 2203 expensis
1029 2137 1133 2184 norae
1160 2116 1306 2202 proposi·

136 2237 229 2302 tionis
252 2257 368 2303 causae
384 2240 424 2304 ad
444 2240 567 2306 libitum
593 2241 727 2306 alterius
752 2241 869 2306 inillis
891 2238 1104 2305 tribunalibus
1126 2240 1163 2304 in
1186 2239 1308 2324 quibus

138 2381 230 2429 more
253 2365 427 2449 Principis
450 2366 595 2449 procedi
617 2368 717 2448 solet,
742 2368 848 2451 qualia
875 2373 950 2432 sunt
977 2367 1097 2433 Sacrae
1121 2367 1323 2451 Congregau

137 2486 282 2554 tiones».
309 2524 326 2537 -
353 2492 484 2577 Nempe,
502 2496 537 2554 ut
552 2491 792 2575 explicabimus,
810 2490 895 2577 apud
918 2492 1000 2555 haec
1022 2489 1198 2557 tribunalia
1221 2490 1307 2554 ordi-

137 2613 227 2675 nario
244 2634 306 2678 uon
331 2610 367 2678 flt
389 2614 479 2679 locus
496 2615 664 2681 refectioni
682 2634 898 2701 expensarum
915 2614 1119 2680 iudicialium.
1138 2650 1156 2663 ·
1174 2616 1307 2678 Demum

140 2736 323 2803 advertatur
350 2738 489 2804 iudicum
525 2745 670 2805 meatem
700 2741 768 2804 sive
803 2739 960 2804 occultam
995 2740 1064 2802 sire
1099 2737 1225 2823 publice
1248 2759 1307 2803 ex-

141 2884 286 2948 pressam,
310 2870 347 2930 ut
369 2865 552 2949 plurimum,
577 2885 615 2949 eo
640 2865 734 2950 dirigi
758 2870 793 2930 ut
816 2866 993 2951 Episcopus
1019 2864 1205 2929 moderetur
1228 2882 1308 2927 exe-

142 2988 290 3053 cutionem
306 2988 486 3052 sententiae
502 2986 675 3064 iudicialis;
701 2994 733 3053 et
751 2996 829 3055 tunc
853 3008 898 3053 eoo
921 2987 1028 3073 officio
1045 2986 1076 3051 S.
1093 2984 1308 3071 congregatio

144 3106 307 3175 Ordinario
338 3108 499 3197 significat
529 3114 595 3177 suis
624 3112 742 3177 litteris
771 3113 869 3177 latam
901 3113 1091 3177 sententiam
1115 3116 1147 3175 et
1170 3110 1308 3175 iudicum
1388 3164 1400 3183 ,

143 3235 238 3317 aperit
255 3240 400 3301 ruentem
417 3254 475 3319 pro
492 3254 636 3319 congrua
658 3237 859 3301 executione.
877 3237 986 3311 Quare
1001 3237 1181 3300 sententiae
1197 3254 1308 3298 exem·

145 3354 210 3439 plar
233 3356 370 3422 traditur
393 3358 476 3442 parti
502 3358 637 3429 victrici,
663 3358 717 3421 sed
743 3360 891 3423 executio
915 3378 979 3422 non
1004 3356 1167 3422 obtinetur
1188 3356 1309 3439 absque

148 3481 313 3546 ministerio
338 3480 504 3548 Ordinarii
528 3490 584 3548 aut
606 3481 739 3548 alterius
762 3484 875 3549 iudicis
899 3483 1048 3567 delegati.

227 3604 396 3689 Proprium
429 3608 477 3669 est
504 3610 611 3669 autem
644 3605 675 3671 S.
709 3606 1017 3691 Congregationum,
1046 3606 1115 3669 sive
1145 3604 1309 3690 dispensa·

146 3724 239 3790 tiones
260 3732 315 3791 aut
337 3728 460 3812 gratias
484 3730 678 3813 impastiant,
695 3730 762 3793 sive
786 3729 946 3814 rescripta
968 3727 1065 3793 edant
1087 3727 1128 3793 ad
1150 3727 1233 3799 lites,
1254 3730 1311 3792 aut

148 3847 267 3919 decreta
288 3854 504 3938 generaliora,
526 3857 668 3921 rationes
691 3874 755 3920 non
772 3856 901 3920 edicere
922 3855 1035 3940 quibus
1059 3854 1177 3920 decisio
1200 3852 1310 3919 subni-

146 3971 224 4039 titur.
240 3979 349 4063 Agunt
372 3980 458 4043 enirn
482 3979 512 4044 S.
538 3974 812 4066 congregationes
832 3982 961 4044 nomine
984 3984 1018 4043 et
1040 3980 1232 4043 auctoritate
1255 3978 1309 4043 Su·

148 4104 239 4181 premi
254 4105 423 4190 Principis,
445 4105 497 4189 qui
526 4126 657 4171 suorum
680 4106 885 4171 decretorum
912 4107 1069 4172 rationem
1093 4125 1157 4171 non
1181 4109 1311 4169 tenetur

149 4225 289 4307 reddere;
313 4235 346 4299 et
375 4231 438 4297 hoc
468 4250 564 4297 sensu
595 4231 676 4297 haec
706 4252 857 4317 suprema
879 4231 1024 4317 Collegia
1049 4231 1237 4318 procedunt,
1261 4232 1309 4298 uti

150 4346 220 4414 solet
247 4352 321 4426 dici,
353 4373 449 4421 more
473 4354 668 4439 Principis5
696 4355 810 4441 quippe
839 4354 1027 4440 posthabitis
1057 4375 1228 4440 processus
1258 4374 1309 4421 so-
