3292 5109
612 349 819 399 annnonruu
844 351 866 397 1.
1266 332 1334 399 475

144 485 167 524 a
179 482 328 542 arpentum
350 471 414 526 Cod.
434 472 468 526 de
487 473 579 525 donor.
601 487 664 524 cum
687 471 752 524 aliis
776 471 922 541 allegetis3
941 472 1008 544 quia
1026 472 1158 544 quidquid
1176 471 1214 527 sit
1232 473 1266 528 de
1284 474 1330 527 in·

147 580 329 635 «existentia
347 578 465 633 aliorum
484 579 618 632 bonorum
638 578 798 632 nullatenus
817 579 969 655 iustificata
983 578 1017 632 ad
1036 579 1167 634 effectum
1185 580 1255 633 satis
1273 585 1327 646 est,

145 701 167 738 e
180 685 252 757 quod
271 685 406 754 obligatio
427 683 542 739 Fulviac
560 687 669 738 constet
688 683 721 739 de
741 701 809 754 pura
828 685 987 754 quantitate
1005 689 1104 738 acutat.
1122 684 1172 738 100
1184 685 1331 740 annuatim

146 805 167 844 e
180 791 348 846 monasterio
367 790 506 854 solvenda,
519 789 672 861 etquidem
685 789 714 842 in
728 806 840 858 genere,
853 789 932 844 nulla
944 790 1020 843 sacta
1032 790 1173 844 mentione
1192 791 1329 845 bonorum

146 913 167 950 c
180 902 229 950 aut
239 897 386 952 effectuum
397 894 616 965 particularium,
626 913 661 950 ex
671 911 788 967 quorum
800 895 935 950 reditibus
944 897 982 949 sit
991 896 1081 950 eidem
1091 895 1328 951 satisfaciendum.

150 1003 262 1060 (Unde
279 1019 336 1058 nou
355 1003 510 1074 applicatur
528 1008 622 1058 textus
641 1009 670 1058 et
688 1004 749 1056 iura
768 1004 796 1056 in
816 1005 987 1059 contrarium
1013 1003 1146 1070 adducta,
1171 1008 1269 1072 utpote
1294 1003 1334 1058 lo·

146 1125 168 1166 s(
182 1111 296 1183 quentia
313 1111 347 1164 de
366 1110 561 1164 donationibus
572 1126 621 1164 seu
635 1109 737 1180 legatis
750 1110 850 1164 annuis
862 1109 968 1165 relictis
982 1127 1045 1164 cum
1058 1110 1245 1180 expressione,
1259 1110 1331 1181 quod

151 1235 168 1269 a
181 1218 327 1284 satistiant,
347 1234 379 1271 ex
400 1217 534 1271 reditibus
553 1221 692 1271 certorum
711 1218 855 1283 bonorum,
873 1232 922 1271 seu
936 1233 971 1272 ex
984 1218 1065 1271 bonis
1081 1217 1167 1287 ipsius
1179 1220 1337 1281 testatoris,

147 1338 169 1380 a
183 1327 213 1379 ut
232 1327 350 1394 probant
369 1325 430 1378 iura
449 1339 513 1378 mox
532 1323 694 1393 allegata».

242 1431 424 1500 Quapropter,
442 1430 533 1484 fundis
550 1430 709 1500 deperditis,
722 1428 767 1484 vel
783 1430 938 1485 imminutis
951 1447 1006 1484 non
1019 1431 1109 1484 solum
1125 1447 1160 1486 ex
1172 1430 1199 1484 S.
1209 1430 1239 1485 C.
1250 1431 1335 1486 Cone.

148 1539 396 1604 declarationibus,
414 1537 461 1593 sed
481 1539 566 1592 etiam
585 1553 620 1592 ex
639 1539 824 1594 decisionibus
838 1537 865 1592 S.
880 1539 969 1594 Rotae
989 1539 1133 1593 Romanae
1146 1539 1279 1594 dicendus
1291 1543 1336 1596 est

150 1647 266 1704 liberari
291 1645 405 1712 haeres,
429 1647 453 1700 si
478 1651 596 1702 testator
620 1646 709 1701 eidem
728 1646 819 1716 legem
844 1647 946 1700 dixerit
970 1646 1030 1700 aive
1048 1644 1213 1701 facultatem
1232 1646 1334 1701 fecerit

151 1753 278 1808 tradendi
298 1752 433 1808 eeclesiae
452 1757 543 1807 certos
561 1751 660 1806 fundos
677 1751 734 1804 iam
752 1751 952 1806 determinatos
963 1759 1013 1804 aut
1026 1751 1266 1816 detetminundos;
1283 1768 1334 1808 ne·

149 1875 291 1929 quaquam
309 1873 376 1912 vero
400 1857 472 1912 idem
497 1856 622 1924 liberari,
648 1856 671 1910 si
696 1861 815 1910 testator
833 1855 1035 1924 obligationem
1053 1855 1142 1925 legati
1161 1854 1331 1925 adimplendi

153 1981 287 2035 personae
296 1963 423 2019 haeredis
436 1964 596 2029 iniunxerit,
609 1969 637 2018 et
651 1963 808 2018 universam
821 1962 1023 2017 haereditatem
1035 1979 1069 2016 ea
1081 1963 1141 2032 ipsa
1154 1961 1328 2031 obligatione

150 2075 298 2141 gravatam
317 2071 448 2141 explicite
468 2069 512 2126 vel
531 2069 667 2140 implicite
686 2069 815 2124 voluerit.
