3292 5109
282 276 350 343 204
811 296 898 345 sans
920 295 958 343 11.

281 419 410 503 quando
431 420 569 485 iamiam
583 421 776 486 sententiam
791 426 867 486 sunt
880 419 991 485 laturi.
1007 419 1093 485 Hinc
1109 418 1337 504 responsiones
1357 416 1467 484 editae

282 544 390 611 triduo
412 553 488 612 ante
518 547 748 613 discussionem
771 547 858 612 inter
880 552 992 632 partes
1014 544 1245 611 communicari
1267 541 1400 619 debent,
1425 548 1465 609 ut

282 670 445 756 legitimae
472 670 649 737 defensioni
673 668 730 737 fiat
751 671 843 737 locus
864 690 1016 736 necnon
1038 689 1125 734 nova
1147 667 1354 742 documenta,
1377 685 1465 753 quae

282 793 316 857 in
339 795 579 867 contentionem
612 792 825 860 adducuntur.
860 792 926 862 Sed
959 795 1031 879 quis
1062 791 1205 860 obiicere
1235 792 1308 858 iure
1335 795 1463 879 posset:

281 935 439 1000 quaenam
470 918 615 985 defensio
638 918 734 984 datur
756 918 901 1004 partibus
932 925 1048 985 contra
1070 924 1250 1004 postremas
1279 915 1464 982 adversarii

282 1044 509 1126 responsiones
532 1050 564 1109 et
588 1063 672 1109 nova
698 1043 904 1117 documenta,
928 1043 962 1107 in
985 1042 1100 1127 quibus
1121 1042 1212 1127 quasi
1235 1041 1365 1127 impune
1387 1058 1465 1125 pos-

282 1172 357 1232 sunt
386 1170 593 1250 coacervari,
617 1167 766 1241 fraudes,
791 1168 991 1242 calumniae,
1015 1164 1209 1233 mendacial
1245 1166 1343 1231 Deest
1375 1165 1464 1230 euim

280 1290 389 1355 cralr'o
411 1290 599 1377 disceptatio
622 1290 706 1375 apud
729 1290 868 1365 iudices,
892 1296 1067 1375 antequam
1090 1290 1267 1356 devenient
1288 1287 1331 1354 ad
1352 1286 1464 1354 delini·

281 1416 382 1481 tivam
404 1418 607 1482 sententiam.
634 1417 718 1482 Huic
741 1415 919 1483 difficultati
942 1415 1118 1503 respondet
1140 1413 1339 1499 subsequens

371 1541 445 1607 Art.
470 1542 532 1607 20:
558 1540 789 1624 ‹Informmt
811 1543 856 1608 de
877 1560 985 1609 causa
1003 1540 1171 1609 debebunt
1192 1538 1464 1607 Eminentissimi

282 1664 405 1732 Patres
420 1666 537 1733 dicbus
554 1669 639 1733 lovis
654 1674 710 1733 aut
725 1669 868 1734 Veneris
883 1668 1127 1754 congregationi
1144 1665 1412 1752 praecedentibus
1428 1686 1461 1728 ».

284 1790 322 1853 ln
352 1808 414 1873 quo
445 1794 598 1857 consistat
629 1791 826 1857 informandi
857 1812 926 1858 mos
950 1798 984 1858 et
1009 1792 1167 1877 quomodo
1193 1796 1370 1877 peragatur
1395 1790 1461 1853 iam

281 1912 348 1978 late
378 1914 611 2000 explicavimus
635 1914 696 2003 (Ol.
720 1936 752 1981 n.
775 1916 866 2002 108).
898 1916 1081 1982 Inlormant
1113 1922 1222 1981 autem
1252 1916 1275 1981 ii
1305 1917 1359 2001 qui
1383 1934 1463 1981 cau·

281 2056 392 2103 sarum
426 2040 638 2123 patrocinium
667 2039 804 2117 habent;
836 2061 894 2106 seu
925 2045 959 2106 et
985 2040 1145 2107 Defensor
1173 2038 1387 2107 matrimonii
1415 2057 1465 2105 est

281 2158 390 2244 officio
422 2165 453 2227 et
484 2162 570 2245 ipsae
604 2168 723 2247 partes,
748 2164 774 2228 si
810 2182 870 2250 per
899 2184 935 2229 se
964 2168 1065 2250 agent
1097 2169 1154 2229 aut
1183 2162 1402 2249 respondeant
1427 2162 1463 2227 in

283 2284 409 2351 iudicis.
444 2286 648 2353 Secretarius
681 2286 734 2353 die
778 2290 864 2354 lovis
893 2290 1137 2375 congregationi
1172 2287 1385 2355 antecedente
1418 2285 1462 2351 ad

282 2406 520 2472 informandum
549 2406 698 2475 admittit.
729 2409 787 2475 Die
814 2410 971 2475 Mercurii
998 2430 1080 2475 vero
1102 2410 1236 2475 iuvenes
1263 2409 1375 2477 studio
1406 2407 1464 2474 ad-

281 2528 359 2595 dicti
396 2550 506 2597 coram
542 2531 725 2598 Secretario
752 2532 793 2598 de
824 2535 929 2599 causis
965 2535 1138 2621 propositis
1171 2533 1334 2601 disserunt
1367 2554 1462 2599 suum

282 2654 487 2741 proferentes
509 2662 629 2721 votum.

372 2779 446 2845 172.
472 2782 545 2846 ⁴lrt.
561 2780 615 2848 21.
634 2803 653 2844 c
670 2781 792 2847 Causae
817 2781 1013 2848 resolutione
1035 2788 1180 2868 sequuta,
1205 2800 1309 2847 novae
1331 2781 1464 2849 audien·

281 2904 346 2969 tiae
368 2902 559 2969 beneficium
590 2905 678 2969 intra
705 2904 817 2970 decem
850 2904 919 2971 diss
948 2904 1121 2993 petendum
1145 2909 1208 2972 erit
1233 2927 1295 2993 per
1316 2906 1462 2973 libellum

282 3029 466 3096 Secretario
498 3031 691 3097 oblatum».
716 3029 798 3105 Quia
821 3031 1020 3118 betwficium
1050 3052 1160 3100 novae
1189 3033 1386 3100 audentiae
1412 3041 1464 3101 est

241 3132 245 3139 ¹
282 3154 405 3237 species
436 3154 660 3240 appellationis
683 3156 753 3221 iure
776 3156 893 3223 merito
915 3158 1073 3223 terminus
1094 3158 1209 3223 decem
1231 3156 1358 3223 dierum
1379 3158 1462 3223 assi-

280 3281 401 3362 gnatur
423 3278 464 3343 ad
486 3277 570 3344 idem
594 3278 843 3365 impetrandum.

370 3400 444 3468 Art.
468 3402 529 3467 22.
557 3424 574 3466 κ
596 3404 629 3469 Si
660 3424 774 3469 sacrae
797 3403 1064 3490 congregationis
1095 3404 1285 3471 resolutioni
1315 3403 1462 3469 clausula

280 3526 483 3609 etamplius
507 3524 601 3611 (idest
624 3527 760 3612 amplius
790 3548 856 3593 non
887 3526 1099 3615 proponatur)
1122 3529 1317 3611 accesserit,
1339 3548 1460 3593 norum

281 3671 399 3717 cauma
423 3654 681 3737 experimentum
697 3652 737 3718 ab
757 3654 839 3719 Eme
856 3653 1029 3719 Praefecto
1053 3654 1278 3739 postulandum
1301 3654 1375 3727 erit,
1395 3654 1461 3738 qui,

281 3778 310 3843 si
334 3777 412 3843 illud
436 3800 455 3844 a
478 3800 513 3844 se
537 3779 670 3845 concedi
696 3800 760 3845 non
784 3800 878 3866 posse
901 3780 1032 3866 putabit,
1056 3782 1242 3846 instantiam
1265 3779 1306 3845 ad
1329 3778 1462 3865 plenam

281 3900 572 3988 congregationem
603 3905 747 3971 remittet
774 3924 848 3970 oum
876 3903 1008 3969 decreto
1028 3924 1096 3988 per
1116 3904 1331 3979 memoriale,
1358 3902 1462 3969 citata

277 4030 389 4107 porte.
422 4026 460 4089 ln
484 4032 620 4110 utroque
644 4047 720 4092 casu
744 4028 770 4092 si
795 4024 974 4091 favorabile
996 4025 1112 4092 edatur
1135 4027 1339 4112 rescriptum,
1364 4045 1462 4093 causa

282 4170 347 4216 non
370 4158 445 4217 ante
468 4158 536 4217 tres
559 4172 685 4218 menses
715 4155 852 4239 proponi
881 4156 1000 4219 iterum
1031 4154 1166 4239 poterit.
1191 4152 1304 4220 eodem
1330 4159 1463 4220 servato

281 4277 405 4361 primae
428 4278 654 4363 propositionis
678 4277 807 4343 ordine:
831 4283 865 4343 et
894 4280 922 4343 si
953 4280 1078 4346 instans
1108 4279 1313 4354 succumbat,
1337 4278 1379 4345 ad
1400 4300 1461 4346 ex·

281 4418 398 4486 pensas
428 4400 523 4465 huius
554 4412 737 4487 postremae
767 4404 1012 4489 propositionis,
1042 4403 1156 4469 favore
1187 4405 1289 4489 partis
1315 4404 1462 4471 victricis
