3292 5109
616 309 821 356 nausearum
845 308 892 356 vr.
1274 290 1340 354 513

161 435 227 501 snit,
246 451 315 506 qnos
334 434 445 489 Curiam
466 431 583 501 rogavit,
597 435 628 484 ut
640 433 807 484 vocarentur
819 429 854 482 ad
869 428 1062 498 deponendum
1081 445 1132 498 pro
1150 428 1339 497 impedimenti

162 543 321 598 existentia.

250 649 309 702 Hac
328 649 443 717 abcepta
462 662 532 700 nova
551 645 697 716 petitione,
719 645 867 700 Decretum
887 645 992 698 editum
1010 645 1073 709 fuit,
1092 645 1172 698 cuius
1186 642 1232 697 hic
1246 646 1339 697 tenor:

160 756 374 814 «praesentata
392 755 446 808 luit
469 752 604 806 instantia
629 750 710 805 hodie
729 751 772 805 die
792 749 948 804 senensis
972 751 1044 804 lunii
1063 751 1092 804 in
1111 749 1163 803 hac
1183 747 1339 819 Episcopali

161 863 275 918 «Curia
293 862 397 916 tenoris
416 866 470 915 etc.
490 877 539 930 per
563 860 651 929 ipsam
677 863 818 929 petentem
839 863 892 912 etc.
912 858 980 911 Visa
999 859 1084 912 etiam
1104 862 1198 912 nostra
1216 856 1342 910 decreta·

160 981 178 1020 «
192 969 268 1022 tione
287 968 330 1022 die
349 969 384 1020 27
401 966 471 1019 lunii
485 965 586 1020 emissa
599 966 626 1018 in
640 980 726 1018 causa
739 963 931 1031 impedimenti
945 962 1120 1031 impedientis
1133 961 1340 1014 matrimonium

163 1081 305 1146 «propter
323 1073 464 1144 sponsalia
483 1073 556 1127 inter
575 1073 671 1125 Gaiam
686 1075 715 1126 et
728 1071 841 1136 Titium,
856 1073 952 1124 ambos
970 1071 1003 1125 de
1023 1069 1075 1123 hac
1094 1071 1209 1124 civitate
1227 1069 1270 1134 N„
1286 1087 1341 1139 qna

161 1183 423 1252 (praecipiebatur,
443 1195 474 1234 na
493 1181 553 1248 ipsa
571 1178 639 1232 Gaia
658 1178 692 1231 ad
712 1177 905 1247 probationem
924 1178 967 1230 sui
984 1179 1082 1232 asserti
1097 1163 1286 1246 impedimenti
1300 1183 1341 1230 to·

163 1289 323 1342 ‹stimonia
343 1286 386 1341 vel
406 1286 504 1340 titulos
523 1287 642 1340 atterrat.
662 1285 698 1339 Et
718 1286 849 1355 quoniam
868 1287 903 1338 ab
924 1286 984 1354 ipsa
1003 1285 1071 1338 Caia
1089 1301 1138 1354 pro
1157 1285 1276 1338 testibus
1295 1285 1340 1337 dc-

161 1395 269 1449 «ducti
287 1396 365 1448 fuere
384 1393 473 1458 Livia,
492 1394 584 1458 Barla,
604 1369 690 1447 Lucia
709 1396 738 1447 et
756 1393 915 1458 Anastasia,
935 1392 1075 1447 omnesde
1094 1391 1146 1445 hac
1166 1391 1198 1445 N.
1218 1391 1343 1447 civitate,

161 1512 242 1553 «nos
262 1497 412 1566 Episcopus
426 1496 458 1550 N.
472 1497 515 1550 ins
528 1495 670 1563 facientes,
684 1496 867 1563 decernimus,
889 1499 921 1549 nt
941 1499 1025 1549 testes
1044 1497 1078 1548 ab
1098 1496 1158 1564 ipsa
1174 1495 1342 1564 impediente

162 1609 278 1675 «atque
297 1605 419 1658 instante
439 1607 580 1672 utsupra,
599 1603 654 1656 iam
673 1603 792 1670 deducti,
812 1603 845 1656 ad
864 1619 975 1657 omnem
993 1603 1054 1657 eius
1073 1604 1234 1656 instantiam
1252 1608 1282 1659 et
1300 1621 1342 1658 re·

163 1713 373 1784 «quisitionenr
400 1711 522 1766 citantur
547 1715 712 1765 moneantur
733 1716 762 1766 et
788 1713 979 1782 requirantur,
1004 1718 1141 1782 qnatenus
1164 1714 1287 1781 praecise
1313 1717 1342 1767 et

163 1819 380 1888 «peremptorie
400 1822 579 1886 compareant
598 1817 625 1870 in
645 1815 698 1870 hac
717 1822 812 1870 nostra
832 1817 989 1886 Episcopali
1010 1817 1093 1871 Curia
1105 1817 1150 1872 die
1163 1822 1263 1886 quarta
1282 1835 1343 1870 cnr·

163 1924 283 1977 «seritis
301 1923 403 1978 mensis
427 1921 501 1988 Iulii,
518 1921 587 1975 hora
606 1937 672 1976 vero
691 1922 832 1988 vicesima,
855 1926 887 1974 nt
906 1922 1108 1986 examinentur,
1129 1923 1290 1991 delegantes
1309 1923 1342 1975 ad

164 2043 311 2082 «examen
331 2027 403 2081 hunc
423 2032 546 2080 nostrum
566 2027 779 2082 Cancellarinm.
794 2027 943 2081 intimetur
956 2028 1029 2096 parti
1049 2029 1188 2094 adversae,
1207 2032 1240 2082 ut
1257 2029 1281 2082 si
1294 2027 1343 2082 ha·

163 2137 259 2192 «beat
284 2135 387 2206 aliquid
411 2135 593 2190 recusandum
619 2135 749 2190 adversus
768 2153 815 2190 eas
841 2137 947 2205 alleget
965 2137 999 2189 ad
1019 2136 1211 2206 Episcopalem
1229 2136 1341 2189 Curiam

164 2249 345 2313 «antequam
364 2243 567 2308 examinentur,
586 2249 615 2296 et
634 2241 770 2298 habeatur
796 2243 869 2296 ratio
890 2243 919 2296 in
938 2244 1073 2309 examine,
1093 2248 1122 2296 et
1140 2242 1192 2296 hoc
1210 2243 1296 2296 faciat
1314 2244 1342 2295 in

164 2365 182 2404 c
196 2352 316 2405 termino
333 2350 438 2406 dierum
451 2352 602 2418 assignato.
617 2349 708 2404 Aliter
721 2349 794 2404 dicto
808 2351 852 2404 dis
866 2350 969 2420 elapsa,
983 2351 1016 2404 ad
1031 2351 1165 2405 ulteriora
1180 2351 1343 2420 procedetur

166 2463 279 2527 «prout
298 2457 374 2522 iuris,
394 2457 520 2510 absentia
539 2456 584 2510 vel
604 2457 779 2510 contumacia
799 2473 853 2510 non
873 2458 1056 2510 obstantibus.
1072 2458 1114 2511 lta
1128 2466 1180 2512 etc.
1196 2458 1294 2511 Datum
1309 2456 1347 2512 ex¹

165 2561 352 2632 ‹Episcopali
373 2561 456 2614 Curia
474 2561 518 2615 die
540 2561 550 2614 l
573 2562 676 2615 mensis
694 2561 757 2615 lnlii
777 2579 850 2615 anno
922 2564 946 2615 A
966 2563 1092 2633 Episcop.
1112 2564 1146 2616 N.
1166 2564 1196 2617 B.
1216 2562 1297 2617 Canc.
1318 2582 1343 2620 n.

256 2667 389 2721 «Eadem
408 2667 451 2721 die
472 2667 483 2720 l
506 2668 611 2722 mensis
629 2666 701 2736 lulii,
722 2666 823 2722 Cursor
844 2667 925 2720 huius
945 2668 1045 2721 Curiae
1064 2669 1091 2721 X
1110 2669 1208 2723 retulit
1226 2670 1293 2723 mihi
1313 2689 1344 2726 ss

166 2777 348 2841 «intimasse,
369 2777 532 2846 copiamque
547 2775 626 2830 relati
642 2776 750 2829 Decreti
765 2775 912 2845 reliquisse
930 2775 1049 2830 testibus
1067 2776 1151 2830 etiam
1171 2782 1201 2831 et
1219 2778 1345 2847 partibus

166 2881 271 2950 (ipsis.
292 2880 321 2933 ln
340 2896 457 2951 quornm
476 2880 558 2934 tidem
578 2887 630 2936 etc.
651 2881 680 2932 B.
701 2878 891 2936 Cancellarius
904 2899 928 2935 n.

258 2985 299 3038 Ad
320 2986 446 3040 tramites
470 2985 553 3038 huius
578 2985 688 3040 Decreti
714 3001 831 3039 examen
857 2985 971 3039 testium
991 2985 1081 3040 locum
1100 2987 1200 3041 habuit
1217 2989 1344 3058 sequenti

166 3093 249 3174 modo
268 3095 396 3162 coeptum
415 3090 620 3162 expletumque.

257 3205 368 3254 «Arme
430 3201 473 3255 die
488 3203 504 3253 4
518 3202 620 3254 mensis
639 3199 701 3254 lulii
722 3201 750 3254 in
770 3200 928 3270 Episcopali
948 3200 1031 3254 Curia
1050 3201 1082 3254 N.
1103 3203 1131 3255 ln
1152 3204 1345 3258 executionem

166 3307 309 3362 «Decreti
328 3306 394 3360 editi
415 3308 449 3359 ab
469 3305 521 3361 hac
542 3306 782 3361 Reverendissima
801 3307 887 3360 Curia
904 3307 948 3362 die
968 3308 977 3361 l
994 3309 1133 3362 currentis
1151 3310 1254 3365 mensis
1272 3311 1345 3376 Iulii,

167 3411 272 3466 «dicta
290 3411 335 3466 die
353 3429 370 3464 a
389 3411 507 3465 Cursore
520 3413 672 3474 notificata
690 3413 816 3481 partibus
837 3429 890 3466 non
910 3412 1010 3478 solum,
1028 3414 1075 3468 sed
1094 3416 1179 3470 etiam
1198 3417 1317 3479 testibus
1329 3435 1346 3470 a

167 3515 266 3571 «Gaia
284 3516 404 3570 inductis
422 3516 482 3570 eius
500 3515 634 3570 instantia
653 3515 707 3571 diei
721 3515 756 3570 30
770 3515 840 3570 lunii
856 3518 980 3586 proxime
993 3520 1137 3588 praeteriti
1154 3537 1209 3592 quo
1228 3523 1345 3591 probare

167 3619 326 3686 «intendit,
345 3637 375 3674 se
394 3636 461 3674 vera
479 3619 618 3689 sponsalia
631 3619 805 3673 contraxisse
824 3638 886 3673 sum
905 3621 980 3676 Titio
999 3622 1121 3677 eiusdem
1140 3624 1271 3680 Civitatis
1284 3643 1346 3680 cum

168 3729 380 3798 «promissione
400 3733 429 3783 et
448 3728 660 3798 repromissione
678 3728 712 3782 de
724 3729 829 3782 futuris
841 3729 948 3799 nuptiis
960 3731 1165 3786 contrahendis.
1179 3733 1236 3787 Nos
1251 3735 1347 3804 itaque

168 3836 234 3888 «ab
254 3835 389 3905 Episcopo
413 3835 573 3904 specialiter
598 3833 718 3905 delegati
741 3839 772 3889 ut
790 3835 857 3891 hnic
881 3837 1013 3891 examini·
1029 3838 1247 3906 praesideremus
1264 3839 1347 3894 hodie

168 3938 243 3992 ‹die
256 3941 272 3991 4
286 3939 387 3994 mensis
406 3939 470 3993 lulii
489 3939 601 3993 anni
621 3939 749 3994 adstante
767 3939 994 4019 Procancellario
1013 3945 1107 3995 nostro
1126 3940 1155 4007 0,
1176 3948 1205 3997 et
1223 3943 1347 4012 praecise

168 4044 268 4100 «hora
286 4046 352 4100 dicti
372 4046 426 4100 diei
447 4046 587 4112 vicesima,
606 4046 720 4100 testium
740 4062 857 4100 examen
871 4047 1027 4116 incepimus
1040 4047 1121 4102 lectis
1134 4065 1226 4103 coram
1238 4051 1306 4120 ipsis
1318 4056 1348 4107 et

168 4154 325 4224 <partibus
342 4153 520 4223 litigantibus
539 4153 674 4207 instantia
692 4158 722 4208 et
742 4157 837 4208 nostro
851 4153 969 4209 relative
983 4154 1109 4222 Decreta
1128 4173 1183 4228 quo
1201 4162 1288 4213 testes
1300 4177 1348 4215 ex-

168 4259 288 4329 «ceptis
306 4261 384 4314 fuere
403 4277 420 4312 a
438 4260 581 4330 praedicta
606 4259 674 4315 Gaia
698 4259 799 4314 oblati:
820 4265 849 4314 et
868 4261 999 4330 quoniam
1025 4262 1140 4317 reiectio
1157 4263 1237 4318 nulla
1255 4265 1347 4320 locum

168 4367 299 4423 «habuit
317 4384 351 4423 ex
371 4372 450 4436 parte
468 4368 546 4438 Titii,
565 4372 631 4424 ante
643 4384 738 4424 omnes
752 4369 842 4438 ipsum
857 4369 962 4424 Titium
975 4370 1144 4440 vocavimus,
1156 4389 1211 4444 quo
1222 4375 1348 4442 absente,

314 4528 375 4583 Soc.
394 4527 472 4598 Lapa
1169 4533 1204 4588 33
