3292 5109
505 322 550 370 ns
573 322 712 371 1u1>1cns
736 322 1004 372 accussmsmors
1292 305 1359 373 399

177 449 213 512 iu
236 446 365 534 Synodo
388 447 523 513 Indices
547 446 746 533 synodales.
771 447 896 513 Verum
921 449 995 532 quia
1018 448 1044 512 si
1068 466 1134 514 non
1153 448 1357 534 impossibile,

176 570 291 636 saltem
308 567 517 646 difficilimum
540 589 668 655 semper
682 569 744 634 fuit
768 568 917 635 homines
933 570 1076 635 inveniri
1100 570 1217 655 probos
1234 576 1267 638 et
1282 574 1361 637 inte·

177 698 339 781 gemimus
368 714 428 781 pro
459 694 605 761 custodia
633 695 752 787 legum
766 700 799 761 et
821 695 957 761 abusum
990 698 1213 771 correctione,
1243 697 1361 764 iamdiu

178 820 359 908 synodales
382 822 495 885 Testes
524 822 558 885 in
581 819 822 887 desuetudinem
855 821 1014 889 abierunt.
1040 822 1085 887 At
1115 824 1266 909 Episcopi
1294 843 1360 909 non

178 946 284 1011 minus
299 945 440 1011 validum
455 944 650 1032 praesidium
674 945 733 1011 sibi
758 965 950 1031 comparare
966 950 1099 1032 possunt
1117 968 1177 1034 pro
1194 953 1286 1013 recta
1309 968 1361 1014 cu·

178 1071 248 1136 riae
271 1075 304 1135 et
326 1069 483 1135 dioecesis
505 1068 782 1135 administratione
806 1090 866 1155 per
882 1070 1035 1136 Vicarios
1059 1072 1225 1136 Foraneos
1249 1072 1312 1156 qui,
1334 1073 1361 1136 si

178 1193 339 1280 expediat,
362 1194 525 1260 muniendi
548 1201 624 1260 sunt
646 1196 743 1262 etiam
768 1195 900 1279 aliquali
926 1202 1085 1281 potestate
1113 1197 1323 1261 contentiosa.
1340 1231 1360 1245 -

180 1320 306 1385 Verum
329 1320 466 1406 simplici
489 1342 548 1386 usu
571 1321 739 1405 potestatis
756 1320 961 1386 voluntariae
985 1325 1019 1386 et
1040 1322 1237 1407 vigilantiae,
1255 1322 1362 1407 sopire

178 1444 290 1509 valent
312 1447 499 1511 exorientes
519 1446 604 1517 lites,
620 1445 738 1511 abusus
761 1445 894 1511 auferre
919 1452 953 1511 et
971 1446 1045 1512 lites
1068 1448 1131 1511 iam
1154 1451 1286 1513 exortas
1308 1445 1362 1511 vel

178 1565 220 1631 ad
243 1564 411 1652 pacificam
434 1569 695 1653 compositionem
718 1566 899 1641 adducere,
923 1568 976 1633 vel
1000 1568 1130 1633 studere
1154 1572 1190 1635 ut
1220 1570 1282 1633 rite
1306 1567 1362 1659 de·

179 1686 343 1765 finiantur,
367 1697 579 1778 suggerentes
610 1691 707 1757 iudici
731 1690 896 1757 ordinario
921 1712 991 1756 eam
1016 1693 1162 1758 locorum
1191 1696 1224 1757 et
1249 1712 1362 1778 perso-

179 1836 296 1883 narum
319 1818 466 1883 notitiam
497 1836 579 1902 quae
609 1837 809 1903 magnopere
841 1818 977 1885 inservit
1000 1818 1108 1884 litibus
1132 1838 1276 1903 congrue
1303 1838 1362 1882 ex-

179 1940 355 2025 pediendis.
388 1943 479 2007 Haec
508 1940 681 2009 confirmat
711 1942 832 2008 Bened.
858 1944 941 2009 XIV
972 1943 1010 2009 in
1043 1942 1101 2026 Op.
1127 1943 1180 2009 eil.
1206 1942 1248 2008 de
1279 1942 1360 2029 Syn.

178 2068 284 2135 dioec.
309 2065 364 2133 lib.
388 2068 451 2133 ΠΙ
473 2086 547 2151 cop.
573 2065 609 2132 3:
635 2088 675 2131 ι.
690 2116 698 2130 .
712 2116 742 2131 ..
768 2065 958 2152 synodales
995 2066 1107 2133 Testes
1137 2064 1211 2148 fere
1237 2064 1363 2151 nbiqne

178 2192 424 2260 desneonnnt:
445 2191 483 2258 in
506 2211 692 2277 eorumque
715 2193 827 2259 locum
849 2191 980 2275 suffecti
1002 2196 1082 2257 sont
1104 2192 1256 2259 Eiseoles
1283 2192 1363 2275 Epi·

178 2334 372 2399 scaporum,
385 2320 416 2380 et
432 2314 570 2390 Deoonl,
588 2314 650 2381 boc
673 2319 721 2380 esl
737 2314 864 2381 Viearn'i
882 2315 1031 2381 Eoronei
1047 2314 1107 2400 qni
1121 2314 1238 2399 ulique
1250 2334 1363 2400 qnem-

179 2438 369 2504 admodum
400 2438 484 2505 bene
513 2438 658 2505 advertit
691 2438 911 2521 Van-Espen
936 2440 997 2503 lns
1027 2440 1118 2505 Eecl.
1142 2438 1235 2504 nnio.
1269 2438 1306 2502 T.
1330 2438 1361 2521 Ι,

175 2581 214 2645 p.
237 2563 265 2636 1,
296 2560 358 2626 Til.
382 2561 434 2636 18,
458 2581 492 2626 n.
516 2561 578 2633 14..
603 2561 633 2627 si
655 2546 831 2633 doctrino,
852 2560 988 2644 pietate,
1010 2561 1200 2643 prudentio
1230 2567 1262 2627 el
1289 2562 1362 2627 nelo

177 2691 404 2768 praestarent,
429 2705 471 2752 oc
492 2706 618 2753 munus
640 2706 741 2753 mnne
765 2686 947 2772 diligenter
970 2685 1111 2760 obirent,
1137 2684 1363 2770 Synodalinin

186 2807 336 2873 Testinm
358 2807 525 2891 defectum
548 2810 745 2891 supplerent
768 2813 799 2874 el
822 2813 1082 2891 compensarent
1107 2828 1137 2872 r.

270 2932 345 2997 316.
370 2933 514 3017 Denique
544 2931 752 3007 advertatur,
777 2932 938 3017 Episcopo
962 2924 1126 3018 integrum
1157 2952 1244 3003 esse,
1270 2932 1364 2999 colle-

178 3056 317 3142 gialiter
338 3058 448 3141 plures
471 3058 624 3143 delegare
646 3059 701 3143 qui
729 3078 788 3142 per
815 3058 1031 3125 maioritatem
1055 3062 1204 3122 votorum
1233 3076 1364 3121 causam

181 3181 343 3251 definiant.
374 3186 437 3250 Hic
460 3206 529 3251 mos
556 3186 699 3251 conciuit
729 3183 954 3250 traditionibus
986 3160 1174 3269 disciplinae
1204 3185 1364 3251 Ecclesia·
1441 3172 1442 3175 ¹

180 3306 282 3373 eticae
304 3308 368 3374 hae
390 3308 431 3373 de
454 3328 493 3374 re
514 3309 757 3393 antiquioribus.
776 3311 857 3374 Nam
881 3307 939 3374 sub
955 3309 1116 3395 prioribus
1137 3309 1275 3375 saeculis
1290 3310 1363 3394 Epi·

180 3452 296 3518 scopos
315 3435 496 3500 invenimus
515 3433 733 3501 deliberantes
758 3434 798 3500 de
821 3452 1022 3519 quacumque
1046 3436 1269 3499 controversia
1291 3454 1364 3501 cum

179 3581 238 3626 suo
261 3560 483 3647 presbyteri0;
507 3563 560 3628 vel
584 3563 680 3630 etiam
707 3563 739 3625 in
764 3561 912 3648 Synodis-
928 3560 1181 3646 provincialibus
1204 3561 1257 3625 vel
1281 3560 1365 3625 dine

183 3686 310 3749 cesams
333 3705 393 3770 pro
415 3687 620 3771 negotiorum
645 3686 800 3769 qualitate
817 3690 850 3749 et
870 3689 996 3749 natura.
1022 3684 1103 3749 Dum
1120 3704 1199 3749 vero
1223 3682 1289 3748 late
1305 3702 1365 3768 per

181 3803 363 3869 Ecclesiam
385 3804 619 3871 Archidiaconi
641 3805 784 3870 tribunal
809 3809 933 3870 rectam
958 3806 1096 3871 iustitiae
1118 3803 1365 3870 administratio·

183 3946 258 3991 uem
281 3929 497 4004 subvertebat,
515 3930 638 3997 Romae
655 3928 832 4025 Pontifices
849 3928 1042 3995 ordinabant
1057 3929 1247 3995 Tribunalia
1262 3930 1363 3997 Colle

181 4051 289 4136 gialia,
302 4073 478 4139 progressu
490 4058 669 4139 temporum
686 4051 806 4119 effecta
821 4053 1036 4119 celeberrima
1051 4054 1189 4141 collegia
1204 4054 1236 4120 S.
1251 4056 1364 4129 Rotae,

182 4175 339 4266 Gamerae
351 4180 557 4262 Apostolicae
573 4185 606 4245 et
621 4179 819 4264 Signaturae
837 4178 992 4260 Iustitiae,
1009 4184 1042 4245 et
1057 4180 1120 4243 iam
1137 4200 1179 4245 ex
1194 4180 1266 4245 iure
1281 4198 1365 4245 com·

182 4304 272 4368 muni
295 4304 327 4367 in
352 4324 427 4388 cop.
444 4306 497 4378 21,
524 4306 575 4372 De
598 4307 653 4389 off.
678 4304 749 4371 iud.
770 4304 877 4392 deleg.
895 4305 930 4369 X
949 4303 988 4392 (l,
1004 4305 1060 4391 29)
1083 4307 1280 4373 inculcatum
1303 4306 1365 4373 fuit

181 4428 383 4515 principium,
401 4449 463 4515 quo
480 4428 654 4497 Pontifices
670 4426 904 4515 significabant,
922 4448 956 4495 se
973 4430 1005 4494 in
1022 4430 1167 4515 partibus
1185 4451 1297 4498 causas
1313 4432 1364 4498 de
