3292 5109
528 313 572 361 ns
597 312 737 361 inmens
760 312 1024 361 accrasmsrrors
1298 294 1364 361 377

111 493 115 505 .
184 454 281 501 mana
307 436 475 520 provincia
502 436 737 521 comprehensa
759 437 821 501 fuit
848 437 933 501 inter
957 437 1139 523 capuanam
1164 439 1364 523 provinciam

182 568 218 626 et
231 562 392 641 Pisanam,
407 562 453 626 uti
469 561 532 625 iam
548 560 728 627 declaravit
741 562 948 627 Innocentius
962 562 1010 627 ΙΙΙ
1029 562 1060 625 in
1078 582 1148 647 cap.
1168 564 1243 628 Tua
1258 560 1363 635 nobis,

185 682 236 750 Dc
257 682 316 767 Off
337 683 403 750 Via.
419 684 455 748 X
468 680 506 769 (1,
523 682 579 770 28)
595 685 704 751 aiens:
723 684 966 751 «Praesertim
984 704 1061 751 cum
1081 685 1154 768 ipse
1170 684 1284 771 (Papa)
1301 706 1365 751 mo·

184 814 278 874 ratur
301 810 334 872 in
357 827 417 873 sua
430 808 600 892 provincia
614 807 745 892 speciali
762 807 915 873 videlicet
929 810 1015 875 inter
1033 809 1215 893 Capuanam
1231 809 1364 894 provin·

185 936 267 999 ciam
284 938 317 998 et
333 934 484 999 Pisanam
501 953 531 997 ».
550 968 568 981 -
585 934 656 998 Etsi
672 952 693 997 a
707 939 852 1019 tempore
868 934 962 999 huius
980 931 1145 1001 Pontificis
1166 934 1276 1020 plures
1292 954 1365 999 con·
1457 982 1459 987 ,

181 1060 313 1125 stitutae
343 1060 408 1125 sint
430 1058 617 1143 provinciae
640 1058 672 1121 in
695 1058 827 1141 antiquo
849 1058 1018 1123 territorio
1043 1058 1209 1123 Romanae
1237 1060 1365 1143 provin·

182 1188 265 1267 ciae,
281 1186 380 1250 ueluti
397 1184 588 1250 Florentina
602 1204 622 1249 a
637 1184 779 1250 Martino
792 1185 834 1265 V,
849 1185 1043 1249 Bononiensi
1061 1204 1080 1247 a
1096 1186 1255 1270 Gregorio
1267 1186 1363 1255 ΧΙΙΙ,

185 1309 389 1376 Urbinatensi
413 1330 434 1374 a
456 1310 516 1374 Pio
539 1308 599 1378 lv.
624 1308 758 1374 Senensi
781 1328 801 1373 a
826 1309 885 1373 Pio
914 1309 944 1373 ll
978 1314 1010 1375 et
1040 1310 1136 1379 aliae.
1162 1316 1268 1375 tamen
1302 1308 1363 1373 duo

181 1435 323 1498 extremi
339 1433 457 1498 limites
472 1432 601 1497 ditionis
616 1432 869 1517 metropoliticae
889 1433 1053 1498 Romanae
1068 1433 1173 1497 adbuc
1193 1434 1364 1518 signantur

183 1560 216 1624 in
233 1561 402 1645 provincia
417 1558 570 1643 capuana
584 1564 617 1623 et
634 1558 760 1630 Pisana,
776 1548 823 1623 uti
843 1557 961 1625 docent
980 1559 1060 1629 locis
1077 1559 1128 1625 cit.
1150 1558 1245 1625 Card.
1264 1559 1364 1624 Petra

181 1684 218 1744 et
234 1679 427 1744 Benedictus
442 1679 536 1743 XIV.
551 1714 569 1727 ·
584 1679 676 1743 Haec
692 1678 834 1743 notanda
850 1684 944 1743 erant
967 1698 1008 1743 ne
1032 1678 1196 1745 dioeceses
1213 1678 1362 1745 Suburbi-

181 1804 293 1867 oariae
316 1801 516 1867 haberentur
542 1803 632 1885 quasi
657 1799 823 1866 Ecclesiae
848 1798 1078 1885 suffraganeae
1103 1801 1364 1867 Arclridioecesis

183 1927 351 1991 Romanae
373 1924 460 1991 undo
482 1926 577 1990 huius
600 1925 717 1990 limites
740 1945 804 1989 non
829 1926 1177 2011 praetergrederentur
1205 1924 1285 1990 fines
1308 1925 1364 1990 ha·

183 2070 257 2114 rum
279 2050 478 2123 dioecesum;
502 2054 535 2114 et
557 2050 650 2117 haec,
670 2049 731 2114 fuit
761 2050 868 2134 opinio
899 2048 1144 2121 nonnullorum,
1169 2050 1222 2133 qui
1254 2054 1362 2116 tamen

181 2192 203 2234 a
226 2192 306 2235 vero
328 2172 425 2256 longe
448 2170 660 2243 aberrarunt,
685 2170 765 2258 adeo
797 2174 833 2233 ut
855 2175 947 2233 vetus
979 2171 1122 2253 quaestio
1146 2170 1195 2241 sit,
1220 2189 1262 2233 an
1290 2170 1362 2255 Epi·

182 2304 334 2384 scopatus
351 2296 573 2363 Suburbicarii
589 2298 653 2363 sint
669 2297 810 2363 distincti
827 2316 847 2361 a
862 2296 999 2362 dioecesi
1018 2296 1172 2377 Romana,
1190 2298 1241 2361 rel
1258 2300 1362 2382 potius

184 2442 248 2485 una
264 2422 305 2489 sit
318 2421 465 2486 Ecclesia
477 2427 510 2486 et
524 2441 606 2485 unus
618 2422 795 2507 Episcopus
810 2440 927 2505 nempe
941 2422 1115 2503 Romanus,
1130 2423 1220 2485 cuius
1233 2423 1362 2487 nomine

179 2552 216 2611 et
238 2548 431 2611 auctoritaie
455 2548 605 2632 Episcopi
626 2546 849 2612 suburbicarii
872 2546 1014 2612 habeant
1045 2549 1078 2611 in
1109 2550 1175 2613 suis
1207 2548 1362 2613 Ecclesiis

183 2672 436 2738 iurisdictionem
459 2673 627 2738 actualem
655 2692 713 2737 seu
744 2674 835 2756 quasi
859 2673 1013 2736 vicariam
1046 2670 1100 2757 (cl.
1126 2674 1171 2737 De
1195 2674 1283 2739 Luca
1306 2695 1359 2760 op.

153 2769 236 2860 'cit
261 2794 342 2859 aare.
366 2792 419 2869 13,
442 2816 477 2860 n.
494 2793 529 2873 6)
553 2792 608 2878 (1).
634 2793 737 2868 Quam
754 2795 973 2876 quaestionem
990 2794 1093 2858 innuit
1116 2793 1172 2859 sed
1189 2794 1361 2859 insolutam

183 2921 314 3004 reliquit
337 2920 530 2985 Benedictus
554 2920 637 2984 XIV
665 2921 697 2984 in
722 2918 831 2986 Const.
855 2898 1034 2986 Romanae
1060 2920 1184 2987 Curiae
1206 2920 1228 3003 ἓ
1251 2920 1304 2986 al.

273 3045 465 3109 Benedictus
478 3046 560 3110 Xlll
575 3044 706 3110 celebre
719 3044 832 3111 habuit
844 3046 1015 3111 concilium
1030 3048 1208 3111 Romanum
1221 3066 1249 3110 a.
1263 3046 1360 3119 1725,

179 3168 266 3253 quod
290 3169 404 3254 probat
427 3168 620 3233 Benedictus
636 3170 719 3233 XIV
739 3171 784 3235 uti
807 3169 1009 3253 provinciale
1033 3170 1234 3235 aestimatum
1251 3169 1359 3241 fuisse,

178 3292 257 3372 quia
288 3289 443 3354 Pontifex
475 3290 651 3373 Episcopos
685 3288 856 3351 advocavit
887 3288 920 3350 in
950 3288 1083 3372 speciali
1114 3288 1260 3352 Romana
1290 3308 1360 3373 pro·

182 3416 289 3479 vincia
312 3416 511 3486 constitutos,
535 3412 689 3480 videlicet
710 3414 797 3477 inter
819 3413 1018 3498 provinciam
1044 3414 1226 3499 Capuanam
1252 3420 1284 3479 et
1313 3414 1362 3477 Pi-

180 3560 303 3622 sanam,
328 3540 597 3625 Arcbiepiscopos
620 3534 840 3623 Suffraganeis
863 3543 1021 3610 carentes,
1046 3544 1079 3603 et
1103 3540 1278 3625 Episcopos
1301 3540 1361 3603 im-

181 3665 320 3732 mediate
344 3665 374 3730 S.
400 3665 475 3731 Sedi
497 3664 658 3729 subiectos
681 3670 713 3729 et
736 3664 816 3729 alios
839 3664 950 3729 vocari
975 3663 1084 3729 solitos
1114 3664 1153 3729 ad
1183 3666 1361 3750 provincia·

181 3791 246 3855 lem
262 3790 436 3877 Synodum.
456 3825 472 3838 -
491 3790 671 3854 Praeterea
691 3787 891 3883 quumTrid.
911 3787 1032 3852 Concil.
1050 3789 1137 3853 Scss.
1155 3787 1214 3861 aa,
1232 3806 1307 3869 cup.
1325 3787 1360 3852 2.

181 3914 232 3980 De
254 3914 395 3997 reform.
421 3913 618 3979 decrevisset.
643 3918 681 3977 ut
704 3912 865 3995 Episcopi
889 3912 949 3995 qui
978 3911 1065 3977 nulli
1097 3911 1360 3994 Arcbiepisoopo

270 4107 309 4175 ll)
329 4106 435 4161 Exinde
461 4106 533 4161 ratio
558 4105 677 4176 petenda
701 4110 744 4159 est
768 4121 855 4175 quare
881 4104 1009 4174 Episcopi
1034 4104 1225 4158 suburbicarii
1250 4104 1361 4159 litteras

179 4212 351 4266 dimissorias
369 4213 435 4267 dare
454 4227 509 4266 non
527 4211 632 4281 possint
651 4210 704 4264 nisi
718 4209 752 4263 ad
765 4209 844 4262 Card.
865 4208 1007 4263 Vicarium
1028 4208 1127 4273 Urbis;
1140 4214 1170 4264 et
1182 4226 1268 4279 quare
1287 4209 1360 4265 aliae

183 4316 210 4369 id
228 4332 317 4385 genus
336 4316 537 4386 prohibitiones
556 4316 648 4370 iactae
666 4316 723 4368 sint
741 4314 845 4369 eisdem
859 4314 1003 4385 Episcopis
1021 4314 1224 4369 cardinalibus.
1239 4314 1280 4369 Gi.
1293 4314 1362 4368 San·

181 4425 310 4489 tamaris,
329 4426 434 4479 Notitia
456 4425 557 4480 Curiae
577 4424 728 4478 Romanae.
