3292 5109
260 267 325 335 192
787 286 871 335 raas
895 286 932 333 11.

258 410 443 478 facultatem
467 410 643 477 reducendi
666 430 768 476 onera
790 412 921 495 antiqua
937 410 1111 475 Missarum
1133 408 1174 473 ob
1198 407 1358 474 redituum
1382 408 1444 471 im-

259 535 478 601 minutionem.
505 536 685 601 Praeterea

303 659 306 670 '
346 658 380 747 2)
404 661 570 748 cognoscit
593 680 707 726 causas
738 660 993 725 matrimoniales
1016 664 1084 726 tum
1107 654 1212 742 quoad
1234 654 1356 721 vinculi
1379 674 1443 719 va-

257 784 359 849 lorem
382 788 449 849 turn
474 783 577 868 quoad
601 776 872 869 dispensationem
895 802 916 847 a
935 782 1064 848 Summo
1081 778 1239 846 Pontifice
1261 780 1442 864 impetran-

133 995 139 1003 ¹
258 907 331 973 dam
355 928 374 973 a
397 908 527 975 vinculo
551 914 643 973 matr.
670 909 732 975 rati
757 913 790 975 et
813 928 877 973 non
898 908 1118 973 consummati.
1144 906 1196 971 Ex
1215 904 1322 971 Const.
1341 904 1441 969 lusti·

259 1032 325 1097 tiae
348 1036 379 1097 et
400 1032 505 1115 pacis,
532 1030 639 1097 9002.
657 1030 757 1105 1746,
783 1029 951 1095 Benedicti
974 1030 1058 1094 XIV
1081 1028 1123 1093 ad
1146 1028 1440 1113 Congregationem

258 1156 393 1223 Concilii
424 1156 477 1222 rel
507 1156 548 1222 ad
580 1158 682 1222 Rotae
717 1156 911 1221 auditorium
941 1156 1113 1240 privative
1143 1158 1290 1239 spectant
1318 1171 1443 1217 causae

260 1283 513 1347 matrimoniales
526 1283 565 1347 ad
580 1282 695 1349 Sedem
712 1284 773 1368 Ap.
788 1282 915 1347 delatae
928 1282 982 1365 (l).
998 1282 1035 1347 ln
1053 1283 1107 1345 cit.
1129 1282 1236 1347 Consi.
1250 1279 1445 1345 decernitur

258 1408 298 1473 ad
323 1408 408 1473 hanc
429 1408 718 1495 Congregationem
735 1408 787 1473 vel
804 1407 843 1472 ad
860 1408 955 1473 aliam
973 1408 1040 1471 EE.
1058 1411 1091 1471 et
1107 1398 1177 1471 RR.
1194 1406 1247 1471 rel
1263 1404 1304 1469 ad
1321 1404 1441 1469 Rotam

258 1538 426 1621 pertinere
441 1555 554 1611 causas
570 1535 726 1603 nullitatis
743 1534 953 1621 professionis
970 1533 1153 1618 Regularis.
1171 1532 1338 1597 Privatire
1357 1551 1441 1595 vero

258 1662 298 1728 ad
322 1661 421 1748 cmg.
447 1662 580 1728 Concilii
603 1668 751 1747 spectant
778 1680 896 1727 causae
927 1660 1085 1726 nullitatis
1109 1660 1325 1727 Prolessionis
1348 1660 1440 1725 Reli-

258 1783 377 1867 giosae,
395 1803 437 1847 ex
458 1786 562 1868 eapite
585 1803 650 1848 non
673 1785 796 1870 expleti
811 1784 966 1869 tyrocinii
989 1786 1024 1848 in
1047 1783 1201 1849 coenobio
1225 1801 1285 1869 pro
1309 1782 1442 1845 novitiis

260 1906 429 1979 destinato,
448 1908 541 1972 etiam
566 1908 599 1971 in
623 1910 727 1993 prima
751 1910 915 1983 instantia,
939 1910 1026 1973 intra
1049 1908 1302 1991 quinquennium
1325 1926 1442 1992 propo·

258 2031 348 2103 sitae,
373 2030 464 2094 iuxta
488 2030 595 2095 Const.
621 2030 658 2095 Si
681 2030 797 2095 dolam
814 2032 836 2113 ἓ
855 2030 965 2101 Quum
981 2029 1102 2094 Bened.
1119 2030 1213 2094 XIV.
1239 2065 1257 2077 -
1284 2030 1323 2093 ln
1345 2029 1441 2095 hisce

259 2154 382 2219 iudiciis
407 2156 553 2240 rigorose
570 2160 743 2220 serventur
759 2156 1032 2240 praescriptiones
1048 2154 1215 2219 Benedicti
1231 2155 1315 2221 XIV
1332 2155 1365 2218 in
1379 2174 1442 2219 sua

259 2279 366 2345 Const.
380 2278 443 2344 Dei
454 2278 679 2353 miseratione,
696 2280 780 2345 unde
796 2280 884 2345 inter
895 2278 1050 2345 officiales
1062 2280 1158 2345 huius
1170 2280 1442 2365 Congregationis

257 2410 449 2471 recensetur
465 2404 631 2486 Defensor
646 2406 783 2479 vinculi,
798 2406 852 2489 qui
868 2425 911 2469 ex
927 2404 1034 2470 allicio
1050 2407 1121 2470 iura
1136 2405 1331 2469 matrimonii
1351 2406 1439 2469 tueri

259 2528 363 2603 debet,
377 2548 419 2593 ne
430 2534 564 2599 temere,
579 2535 710 2615 praeter
726 2530 887 2615 legitimos
900 2550 1003 2611 casus,
1013 2529 1217 2595 dissolvatur.
1230 2564 1246 2578 -
1259 2530 1441 2595 Praeterea

258 2653 290 2716 in
307 2652 413 2717 causis
436 2654 526 2717 circa
548 2653 693 2718 valorem
711 2654 929 2718 professionis
953 2652 1136 2739 Religiosae
1160 2659 1311 2718 servatur
1326 2653 1438 2720 const.

259 2775 296 2841 si
319 2777 437 2842 daiam
462 2778 580 2841 Bened.
606 2778 699 2843 XlV.
727 2780 763 2842 ln
788 2780 893 2843 causis
916 2778 956 2841 de
979 2778 1092 2843 valore
1116 2777 1238 2843 ordinis
1269 2777 1439 2845 subdiaco-

258 2906 351 2966 natus
374 2902 456 2966 haec
473 2902 571 2987 cong.
597 2908 645 2968 est
665 2904 834 2986 privative
858 2909 1043 2987 competens
1068 2909 1099 2968 91
1122 2905 1268 2986 sequitur
1290 2900 1439 2968 ordinem

259 3024 453 3110 procedendi
478 3027 685 3092 constitutum
709 3030 742 3091 in
767 3029 985 3094 Instructione
1008 3026 1094 3093 edita
1116 3048 1146 3091 a.
1173 3028 1268 3093 1838.

348 3152 380 3235 3)
404 3154 536 3219 Demurn
559 3153 642 3219 haec
665 3154 882 3239 congregatio
906 3154 1025 3219 iudicat
1048 3154 1087 3218 de
1111 3156 1218 3219 causis
1244 3152 1439 3219 beneficiali-

258 3272 326 3347 bus,
351 3274 390 3340 de
414 3276 560 3340 censuris
584 3280 616 3338 et
639 3275 750 3358 poenis
774 3273 813 3337 ab
838 3274 1011 3339 ordinariis
1035 3273 1165 3339 inflictis
1189 3275 1284 3342 etde
1308 3276 1438 3362 irregu-

258 3397 440 3464 laritatibus
471 3404 502 3463 et
532 3398 603 3463 aliis
634 3398 789 3463 similibus
817 3399 1052 3484 impedimentis
1082 3399 1122 3463 ad
1153 3399 1285 3465 ordines
1315 3402 1367 3466 vel
1396 3401 1438 3465 ad

257 3520 414 3589 beneficia
434 3524 550 3604 omnia,
567 3520 758 3604 definiendo
776 3524 991 3589 examinando
1015 3530 1048 3590 et
1072 3524 1232 3611 exigendo
1248 3525 1289 3591 ad
1305 3545 1441 3591 normas

260 3644 355 3709 (lonc.
381 3644 569 3709 Tridentini.
595 3646 703 3719 Quare
728 3644 823 3710 hodie
848 3649 1061 3731 competentia
1084 3647 1262 3714 criminalis
1285 3648 1316 3714 S.
1334 3648 1436 3735 Cong.

260 3770 325 3834 ΕΕ.
352 3774 384 3834 91
408 3770 478 3834 RR.
504 3790 568 3834 non
592 3776 640 3835 est
663 3771 848 3854 privativa,
872 3772 987 3837 saltem
1011 3772 1116 3855 quoad
1139 3774 1275 3860 nepotis
1297 3774 1438 3841 iudicia·

260 3892 336 3957 liter
361 3892 588 3975 erpedieada.

351 4296 390 4367 (l)
410 4299 448 4350 nt
462 4297 611 4353 nonnullae
630 4314 739 4363 coiisse,
753 4299 781 4351 in
801 4298 902 4369 quibus
922 4299 1033 4368 expedit
1053 4298 1201 4369 procedere
1219 4302 1271 4353 sub
1289 4310 1406 4367 secreto,
1419 4316 1437 4352 a

260 4402 286 4457 S.
306 4404 442 4459 Pontifice
461 4410 671 4459 committuntur
690 4405 907 4476 Congregationi
929 4406 955 4460 S.
975 4407 1072 4461 Officii.
