3292 5109
294 239 362 307 214
813 262 898 310 rans
922 262 958 309 11.

296 381 582 466 scripturarum».
613 384 650 447 ln
681 384 826 466 sequenti
857 384 1064 471 paragrapho
1097 382 1358 449 adumbrabimus
1387 383 1477 448 hunc

294 506 490 592 procedendi
513 507 641 573 modum
657 508 752 594 plura
768 509 986 573 continentem
1002 508 1133 573 omnino
1148 506 1310 593 specialia.
1330 542 1348 553 ·
1367 507 1404 571 ln
1419 525 1475 571 re-

293 630 389 715 liquis
404 651 484 697 vero
508 633 646 717 negotiis
661 632 730 697 sive
746 631 1014 699 administrativis
1035 632 1104 697 sive
1119 630 1330 697 contentiosis
1352 629 1479 697 obtinet

294 754 489 840 procedendi
513 758 595 824 ratio
620 758 739 823 ceteris
762 756 1074 843 congregationibus
1096 737 1283 822 communis.

386 884 460 949 179.
485 886 538 949 Ex
560 885 704 971 plenaris
720 886 857 951 comitiis
874 884 1092 952 Cardinalium
1116 885 1258 950 omnium
1281 884 1358 949 huic
1373 883 1476 968 Cong.

294 1003 534 1089 inscriptorum,
551 1026 589 1071 ea
605 1013 741 1072 vocatur
763 1006 982 1093 coagrepotio
1005 1005 1189 1074 ordinaria
1204 1007 1237 1071 in
1259 1025 1324 1089 qua
1345 1010 1477 1090 pertra-

296 1131 427 1194 ctantur
442 1132 571 1218 negotia
593 1132 717 1197 maiora
739 1134 829 1199 circa
848 1131 944 1197 dubia
958 1132 1125 1219 liturgica;
1149 1132 1359 1197 resolvuntur
1381 1141 1480 1213 quao-

296 1254 416 1319 stiones
438 1257 658 1321 contentiosae
681 1261 715 1321 et
737 1256 834 1323 dubia
856 1257 1022 1343 agitantur
1043 1255 1181 1325 minora
1204 1258 1238 1321 in
1262 1257 1368 1323 causis
1391 1256 1478 1319 Bea-

294 1377 505 1447 tificationum
521 1388 554 1448 et
568 1380 863 1449 Canonizationum.
888 1383 991 1449 Dubia
1008 1384 1147 1451 minora
1169 1402 1209 1448 ea
1230 1382 1377 1463 dicimus,
1392 1400 1480 1465 quae

295 1508 370 1568 sunt
386 1508 631 1592 praeparatoria
647 1512 680 1575 et
695 1508 830 1592 praevia
841 1506 1079 1591 quaestionibus
1094 1503 1294 1579 formalibus,
1307 1524 1424 1590 nempe
1435 1502 1477 1568 de

294 1627 467 1693 virtutibus
489 1626 592 1710 quoad
611 1626 840 1705 confessorem
864 1634 897 1693 ot
919 1626 960 1694 de
982 1628 1145 1715 Martyria
1169 1614 1274 1713 quoad
1298 1627 1479 1711 Martyres;

295 1773 355 1840 pro
372 1755 516 1838 utrisque
528 1772 608 1818 vero
621 1753 660 1818 de
676 1754 852 1829 miraculis3
865 1759 898 1819 et
913 1773 955 1818 ex
971 1754 1022 1819 his
1034 1751 1273 1839 quaestionibus
1284 1749 1365 1816 fiunt
1380 1749 1482 1815 dubia

294 1881 441 1949 maiora.
468 1916 485 1928 -
510 1878 595 1945 lllud
617 1896 697 1943 vero
722 1880 832 1965 magni
859 1878 1010 1965 ponderis
1033 1877 1208 1944 discrimen
1230 1878 1368 1942 interest
1388 1877 1481 1943 inter

295 2025 394 2071 unum
409 2010 442 2071 et
453 2004 540 2069 aliud
552 2024 654 2090 genus
666 2005 881 2091 negotiorum;
894 2004 1049 2089 siquidem
1065 2003 1162 2069 dubia
1172 2003 1309 2069 maiora
1320 2003 1354 2066 in
1370 2003 1480 2067 causis

295 2127 573 2197 Beatificationum
598 2135 631 2195 91
653 2128 940 2197 canonizationum
961 2130 1172 2197 resoluuntur
1185 2136 1261 2195 voto
1278 2129 1480 2205 consultivo;

294 2274 392 2339 quum
415 2254 448 2318 in
472 2253 523 2319 his
546 2252 735 2320 deliberatio
759 2252 925 2321 definitiva
947 2255 1074 2321 demum
1097 2253 1280 2341 expetenda
1300 2255 1382 2319 sita
1408 2254 1476 2318 lto-

293 2394 390 2439 mano
414 2372 588 2451 Pontifice;
612 2377 646 2441 in
669 2376 802 2462 reliquis
821 2377 927 2443 causis
950 2373 1102 2450 definitio,
1126 2378 1356 2461 utplurimum
1380 2375 1480 2441 datur

293 2494 334 2561 ab
357 2494 434 2583 ipsis
459 2494 609 2561 Patribus
630 2495 862 2577 Cardinalibus,
887 2496 1034 2562 consulto
1057 2494 1131 2561 dein
1152 2496 1298 2561 Romano
1314 2493 1479 2561 Pontifice

293 2626 369 2687 ante
392 2620 564 2687 editionem
588 2621 722 2703 decreti,
746 2623 854 2707 prouti
879 2623 1062 2708 expostulat
1083 2628 1202 2689 natura
1224 2622 1428 2707 quaestionis.
1455 2657 1476 2670 -

295 2747 512 2835 Congregatio
529 2748 710 2815 ordinaria
726 2745 935 2833 distinguitur
949 2770 969 2813 a
984 2748 1243 2835 congregatione
1255 2746 1476 2830 particulari,

294 2873 385 2939 cuius
408 2866 555 2938 meminit
571 2891 696 2956 quoque
712 2870 833 2937 Bened.
852 2872 936 2937 XIV
952 2872 985 2936 in
1002 2870 1123 2937 celebri
1140 2891 1240 2958 opere
1256 2870 1309 2937 ait.
1326 2870 1477 2937 119390-

294 2997 474 3083 tificatiorae
494 3002 565 3071 etc,
591 2998 681 3062 aiens
702 2996 803 3077 1111,
825 3016 905 3079 cap.
916 2996 968 3070 16,
991 3016 1026 3061 a.
1043 2996 1081 3060 11
1086 3015 1098 3061 .·
1116 3015 1135 3058 ‹
1150 2994 1250 3081 Gong.
1267 2994 1477 3080 particularis

293 3122 350 3187 illa
369 3127 418 3188 est
433 3124 484 3187 cui
501 3142 543 3187 ex
560 3122 709 3187 mandato
732 3123 848 3188 summi
872 3119 1039 3187 Pontificis
1062 3142 1127 3187 non
1151 3100 1262 3186 omnes
1284 3120 1478 3189 Cardinales

293 3248 397 3312 sacris
421 3245 535 3312 ritibus
558 3248 732 3333 praepositi
755 3246 811 3311 sed
836 3247 949 3330 aliqui,
975 3266 1037 3312 nec
1059 3266 1171 3312 omnes
1186 3246 1395 3312 Consultores
1417 3246 1475 3311 sed

291 3371 346 3437 vel
370 3373 450 3437 nulli
465 3371 519 3438 vel
542 3372 640 3456 aliqui
657 3371 698 3437 ab
714 3372 826 3437 eodem
844 3370 1004 3440 Pontidce
1028 3350 1168 3467 eligendi
1190 3391 1256 3437 una
1271 3392 1345 3437 cum
1360 3370 1477 3437 Secre-

291 3494 376 3559 tario
389 3498 421 3559 et
437 3491 510 3559 fidei
524 3494 716 3558 Promotore
729 3495 949 3559 interveniunt
964 3516 995 3558 ».
1013 3492 1118 3559 Hodie
1127 3492 1227 3578 Cong.
1241 3493 1477 3576 particulares

292 3618 397 3685 solent
426 3618 541 3683 haberi
564 3618 597 3681 iu
621 3619 726 3683 causis
756 3619 959 3703 Martyrum,
984 3616 1157 3701 inquibus
1187 3617 1326 3681 celerius
1356 3636 1475 3703 proce·

292 3736 432 3804 dendum
453 3744 502 3804 est
525 3744 558 3804 et
580 3740 727 3823 sepositis
750 3740 915 3805 nonnullis
938 3737 1193 3806 solemnitatibus
1216 3739 1363 3824 rigorose
1385 3736 1476 3803 adbi-

290 3864 404 3931 bendis
435 3867 468 3930 in
492 3867 598 3932 causis
622 3866 862 3933 Confessorum.
894 3866 1015 3934 Causas
1037 3885 1118 3932 vero
1142 3862 1393 3930 Beatilioationis
1418 3864 1474 3930 vel

292 3988 551 4055 Oanonlzationis
574 3989 658 4073 quod
682 3991 806 4063 attinet,
832 3989 1039 4075 distinguitur
1055 3988 1272 4075 congregatio
1296 3995 1473 4071 anteprae-

287 4114 489 4198 paratoria,
511 4114 781 4197 praeparatoria
811 4119 844 4178 et
873 4111 1054 4200 generalis.
1085 4148 1103 4161 -
1135 4112 1473 4198 Antepraeparatoria

290 4242 429 4308 habetur
457 4243 490 4307 in
516 4241 650 4308 aedibus
681 4240 862 4308 cardinalis
893 4260 1010 4307 causae
1036 4239 1206 4307 Relatoris
1230 4239 1396 4323 eidemque
1419 4240 1470 4303 in-

290 4368 478 4433 terveniunt
508 4366 715 4433 consultores
745 4365 776 4432 S.
802 4366 913 4449 Gong,
937 4366 992 4450 qui
1023 4364 1190 4430 dumtaxat
1218 4363 1331 4429 ferunt
1352 4359 1470 4428 suffra·
