3292 5109
485 361 529 407 na
553 360 693 408 runicus
716 360 982 410 auccnsrrsrrms
1269 344 1333 412 211

151 480 313 567 Magister
329 483 359 549 S.
378 483 505 555 Palatii,
526 484 731 550 Secretarius
747 484 1026 572 congregationis,
1045 486 1134 552 Fidei
1150 487 1335 556 Promotor:

149 606 197 671 cf.
223 607 419 675 Benedictus
442 610 536 684 XIV,
562 629 616 693 op.
641 608 712 692 cit,
738 612 759 675 l.
782 612 816 687 I,
842 632 869 677 c.
890 590 934 676 '16
940 662 949 695 ,
976 632 1011 677 a.
1031 610 1093 695 13;
1120 632 1270 679 necnon
1293 636 1337 681 ex

151 732 295 797 Decreto
320 734 437 799 Leonis
452 735 529 807 XII,
555 734 586 801 S.
604 736 735 801 Rituum
754 736 787 803 C.
807 736 967 802 adsessor
982 736 1129 821 idemque
1153 739 1243 805 Fidei
1259 741 1337 807 Sub-

150 860 330 939 prcmotor.
369 894 386 905 -
424 858 505 923 Item
536 860 625 942 quasi
653 858 862 927 consultores
888 862 963 927 nati
993 867 1119 948 partem
1150 864 1272 931 habent
1302 866 1335 932 in

149 978 216 1044 hac
248 981 508 1067 Congregatione
539 982 687 1070 Magistri
725 987 1003 1051 caeremoniarum
1039 985 1289 1054 PontiIlcaIIum.
1316 1026 1334 1039 -

148 1102 364 1170 Consultores
386 1104 426 1169 ad
450 1106 573 1171 clerum
599 1107 782 1192 regularem
806 1110 1006 1194 pertinentes
1030 1110 1074 1175 ita
1096 1111 1277 1197 seliguntur
1301 1120 1337 1181 ut

148 1223 273 1308 singuli
290 1224 430 1291 Ordines
446 1226 587 1311 potiores
611 1247 702 1292 suum
717 1225 860 1292 habeant
875 1229 1104 1294 consultorem.
1125 1266 1142 1279 —
1161 1233 1336 1300 Auditores

149 1366 233 1443 vero
266 1349 370 1413 Rotae
406 1348 488 1433 quod
523 1352 655 1423 attinet,
687 1353 750 1416 iam
781 1352 943 1417 innuimus
971 1370 1033 1436 qua
1061 1354 1186 1418 ratione
1210 1376 1253 1421 ex
1275 1357 1334 1421 ho-

147 1471 269 1538 dierna
299 1477 488 1559 nuperrima
518 1474 686 1562 disciplina
713 1498 773 1561 pro
801 1478 965 1542 nonnullis
996 1479 1234 1561 quaestionibus
1264 1502 1337 1567 per-

149 1598 329 1665 tinentibus
349 1601 542 1684 privativae
565 1604 799 1687 competentiae
823 1601 919 1666 huius
944 1602 1224 1687 congregationis,
1249 1604 1336 1671 adhi-

149 1724 223 1790 beri
248 1724 293 1811 (1)
318 1726 449 1793 soleant.
470 1762 487 1774 -
505 1728 638 1791 Demum
663 1728 758 1793 etiam
783 1747 883 1813 opera
909 1733 941 1792 et
964 1729 1132 1793 consilinm
1152 1731 1336 1813 exquiritur

148 1852 330 1935 peritorum
346 1852 426 1915 artis
442 1850 606 1937 physicae,
624 1852 677 1936 qui
698 1851 843 1917 indicare
868 1853 999 1917 valeant
1020 1872 1062 1916 an
1079 1855 1235 1919 nonnulla
1249 1856 1337 1948 lacta

151 1996 269 2061 reapse
282 1978 368 2040 inter
378 1977 536 2041 miracula
549 1977 749 2043 recensenda
761 1979 834 2043 sint.
851 2014 869 2025 ·
885 1980 975 2042 Inter
990 1978 1336 2063 simplicesOfficiales‚

150 2105 284 2184 praeter
308 2100 527 2175 substitutum,
553 2103 765 2173 minutantes,
792 2103 954 2166 notarium
984 2102 1188 2187 eiusdemque
1212 2106 1338 2171 cancel-

150 2223 287 2295 larium,
311 2222 435 2288 scribas
462 2223 624 2306 aliosque,
647 2227 840 2287 recensetur
862 2222 1148 2309 hymnographus,
1173 2227 1264 2292 cuius
1287 2232 1338 2293 est

149 2346 271 2411 diuina
295 2346 414 2430 afficta,
432 2348 495 2409 iam
516 2344 694 2431 approbata
718 2346 750 2408 in
769 2345 1039 2429 tlongregatione,
1060 2347 1214 2414 ordinare
1238 2356 1272 2417 et
1294 2348 1339 2414 di·

149 2473 269 2538 ctionis
293 2473 467 2557 praecipue
491 2489 610 2535 curare
633 2472 864 2555 proprietatem
888 2477 921 2537 et
944 2471 1147 2556 elegantiam.

245 2598 319 2661 177.
345 2598 513 2662 Privatira
536 2598 752 2681 competentia
775 2597 980 2680 amplectitur
1004 2600 1111 2662 omnia
1134 2600 1265 2683 negotia
1286 2619 1336 2664 re·

148 2727 321 2810 spicientia
348 2726 435 2812 ritus·
459 2745 579 2797 sacros,
605 2744 684 2808 quos
714 2726 800 2789 inter
825 2725 945 2788 eminet
975 2723 1117 2789 divinum
1142 2724 1281 2791 officium
1304 2734 1337 2792 et

148 2846 312 2911 ordinatio
336 2846 460 2911 dierum
484 2846 640 2911 festorum
657 2846 747 2911 iuxta
771 2846 868 2909 ritum
891 2844 1078 2929 simplicem,
1096 2846 1336 2933 semiduplicem

241 3084 281 3155 ll)
304 3085 390 3140 Docet
409 3084 575 3139 Benedictus
587 3083 664 3149 XIV,
684 3102 727 3154 op.
741 3086 785 3137 cii.
806 3085 854 3137 lib.
868 3086 912 3138 cit.
932 3085 1168 3154 cap.17‚n.12,
1187 3084 1337 3144 auditores

149 3190 178 3243 S.
200 3190 298 3255 Rotae,
318 3172 391 3244 inter
410 3190 573 3259 praecipuas
591 3206 697 3253 causas,
717 3190 879 3243 commissas
899 3188 1029 3274 habuisse
1046 3207 1132 3261 usque
1151 3208 1169 3244 a
1188 3191 1338 3260 primordio

149 3300 193 3353 sui
220 3300 344 3353 muneris
368 3315 466 3352 causas
485 3298 728 3353 Beatificatiouum
756 3304 785 3352 et
803 3297 1052 3352 Canoniaationum
1077 3299 1284 3367 cognoscendas
1307 3304 1339 3354 et

150 3406 326 3469 iudicandam
348 3404 397 3458 has
416 3405 623 3460 commissiones
638 3406 800 3474 perdurasse
818 3410 881 3475 post
900 3406 1058 3459 institutam
1073 3406 1099 3460 S.
1110 3405 1197 3475 (long.
1212 3407 1336 3471 Rituum3

150 3518 180 3568 et
193 3518 256 3583 post
269 3512 344 3567 edita
357 3512 469 3567 decreta
481 3511 587 3565 Urbani
601 3510 672 3577 Vlll‚
684 3528 756 3581 quae
770 3511 904 3581 evulgata
916 3512 1029 3565 luerunt
1042 3528 1114 3566 anno
1127 3513 1204 3577 1625,
1217 3529 1243 3566 a.
1259 3512 1337 3577 1634,

150 3638 177 3675 a„
194 3622 277 3685 16423
297 3624 326 3675 et
345 3620 397 3675 ait:
411 3633 428 3675 a
442 3620 559 3689 Ideoque
578 3619 797 3673 concludendum
817 3624 860 3673 est
878 3619 983 3672 dictum
1000 3636 1116 3673 examen
1130 3636 1251 3674 cessasse
1264 3626 1336 3674 tem-

151 3738 218 3793 pore
238 3722 421 3776 pontificatus
441 3721 546 3774 Summi
566 3720 710 3774 Pontificis
730 3720 885 3774 innocentii
899 3720 926 3773 X
945 3722 978 3791 (†
995 3720 1075 3791 1655)
1094 3726 1123 3774 et
1142 3720 1169 3773 in
1189 3720 1282 3774 locum
1295 3737 1338 3775 re·

150 3827 266 3882 lationis
285 3826 383 3880 rotalis
406 3827 586 3895 subrogatam
613 3824 698 3879 fuisse
717 3825 956 3891 consuetudinem,
975 3831 1007 3879 ut
1026 3831 1083 3879 tres
1108 3842 1142 3879 cx
1162 3825 1236 3879 dieto
1255 3830 1337 3878 coetu

150 3935 325 4006 antiquiores
344 3936 533 3989 interveniant
551 3933 769 4002 Congregaiioni
790 3932 815 3986 S.
832 3933 947 3987 Rituum
964 3937 993 3987 et
1011 3934 1040 3986 in
1054 3950 1087 3987 ea
1104 3933 1193 3985 instar
1211 3933 1337 3987 omnium

151 4042 273 4097 aliorum
291 4041 488 4096 Consultorum
506 4042 599 4094 ferant
618 4038 835 4092 consultationis
853 4039 1017 4107 suffragium
1081 4053 1107 4095 a.
1126 4038 1198 4092 Hinc
1212 4038 1280 4092 ordo
1292 4038 1337 4090 iu-

150 4150 262 4206 dicialis
286 4153 395 4221 integre
415 4150 576 4204 commissus
599 4148 654 4201 init
672 4146 861 4202 observandus
880 4147 906 4199 S.
926 4146 1013 4217 Cong.
1034 4148 1165 4212 Rituum3
1185 4146 1251 4200 hine
1269 4161 1337 4199 con·

150 4258 239 4313 cludit
252 4257 396 4312 Pontifex:
410 4270 462 4311 a...
476 4254 570 4309 delato
584 4252 649 4307 hinc
663 4268 747 4307 onere
761 4252 908 4318 scribendi,
922 4270 972 4321 pro
985 4254 1085 4319 causis,
1099 4254 1336 4322 procuratoribus,

150 4367 235 4433 atque
255 4360 411 4426 advocatis3
430 4364 529 4413 contra
548 4374 660 4411 causam
680 4371 746 4411 raro
766 4354 843 4411 Fidei
863 4356 1036 4423 Promotori3
1100 4357 1194 4410 omnia
1213 4356 1335 4426 dentque

151 4466 264 4539 legendi
282 4485 315 4522 ac
333 4466 519 4538 perpendendi
538 4463 732 4520 CardInalibus
749 4469 777 4518 at
787 4463 999 4518 consultoribus
1011 4464 1158 4518 Sacrorum
1173 4462 1290 4517 RItuum
1302 4480 1331 4515 ›.
