3292 5109
311 234 376 301 468
773 252 978 302 annacaruu
1003 254 1024 301 1.

308 376 481 430 necessariae
505 377 699 443 evitabantur,
725 394 814 432 canon
840 382 1011 433 scutatorum
1032 377 1066 431 34
1085 381 1114 433 et
1132 380 1177 433 oh.
1196 378 1231 433 92
1250 379 1276 432 in
1298 378 1419 434 reditum
1437 396 1492 432 an·

307 500 373 537 num
398 484 613 539 convertebatur¹
637 489 807 539 scutatorum
835 486 1046 557 quinquaginta.
1072 486 1246 556 Quapropter
1266 504 1329 541 cum
1355 495 1492 555 ageretur

306 589 339 643 de
358 589 529 645 haereditate
548 591 583 644 ad
601 608 712 644 causam
731 592 805 662 piam
818 593 984 663 pertinente,
999 592 1126 647 domiuus
1139 592 1217 647 utilis
1230 610 1247 645 a
1260 592 1286 645 S.
1300 593 1387 663 Cong.
1403 592 1490 647 Cone.

306 696 511 765 beneplacitum
536 699 728 767 Apostolicum
753 699 917 769 deprecatus
942 704 998 766 cst,
1023 704 1056 753 ut
1080 700 1262 755 conventione
1289 700 1365 753 inter
1392 706 1491 769 partes

307 802 486 857 constitutam
505 804 672 858 auctoritate
691 823 741 858 sua
754 810 843 859 ratam
857 806 960 862 habere
974 807 1145 876 dignaretur.
1160 806 1293 861 Precibus
1306 806 1405 859 annuit
1419 804 1445 858 S.
1457 805 1490 859 C.

306 927 355 979 per
374 910 550 980 Rescriptum
575 912 629 966 diei
651 913 683 967 ll
703 914 760 966 lun.
782 914 864 983 1861,
889 915 983 970 addita
1005 915 1144 970 clausula:
1162 928 1180 969 r(
1196 917 1225 968 Sr'
1242 932 1315 985 quac
1329 916 1378 985 pio
1398 931 1491 969 onera

307 1018 413 1083 cunoni,
432 1026 462 1070 ut
480 1033 576 1087 supro,
595 1020 779 1089 affrancando
798 1023 886 1090 infixa
907 1024 1096 1092 reperiantur,
1116 1026 1145 1074 iu
1163 1032 1190 1075 et
1208 1038 1295 1091 super
1314 1038 1386 1075 nouo
1406 1023 1490 1075 inre·

306 1123 432 1177 stimanto
453 1128 662 1195 transferantur
680 1143 713 1180 aa
737 1128 876 1181 translata
897 1144 956 1183 esse
979 1129 1213 1199 r'utcllr'puutur.»
1234 1128 1411 1196 Rescriptum
1431 1128 1488 1181 rite

305 1232 402 1283 secuta
420 1233 463 1285 est
481 1231 624 1285 exsecutio
642 1234 677 1285 ab
697 1232 834 1287 Ordinarii
855 1234 965 1291 decreto
979 1236 1094 1301 sancita,
1108 1238 1137 1289 et
1149 1234 1211 1289 dein
1231 1234 1363 1289 solemnis
1381 1234 1488 1287 instru-

304 1341 392 1395 menti
411 1340 573 1396 celebratio.

393 1449 455 1503 Non
474 1449 564 1505 multo
582 1456 645 1519 post
662 1451 795 1507 haeredes
814 1452 950 1507 fiduciarii
970 1454 1049 1507 iuxta
1065 1452 1276 1523 obligationem,
1290 1468 1372 1523 quam
1392 1466 1486 1505 susca-

304 1559 412 1623 perant,
431 1572 448 1607 a
467 1555 493 1608 S,
512 1556 542 1609 C.
562 1556 760 1627 Episcoporum
780 1562 809 1612 et
830 1558 1011 1625 Regularium
1032 1558 1170 1627 supplices
1189 1558 1363 1627 petiverunt,
1382 1563 1413 1609 ut
1433 1556 1487 1609 Ca-

304 1658 394 1728 pitulo
412 1658 546 1715 ecclesiae
565 1659 720 1731 legatariae
736 1660 883 1717 schedulas
901 1663 988 1716 debiti
1007 1662 1112 1732 publici
1132 1679 1181 1730 pro
1200 1660 1291 1716 reditu
1310 1664 1484 1714 scutatorum

303 1766 405 1835 viginti
425 1766 533 1821 tradere
553 1772 672 1837 possent,
692 1770 732 1822 ita
750 1774 790 1835 ut,
808 1768 862 1823 hac
881 1769 979 1824 effecta
992 1771 1165 1841 probataque
1179 1768 1369 1838 assignatione
1382 1784 1413 1820 ac
1428 1772 1484 1820 tra·

233 1872 239 1884 '
303 1872 423 1941 ditione,
449 1873 636 1945 hypothecam
655 1876 684 1929 in
702 1867 787 1931 riuea'
809 1876 972 1945 inscriptam
998 1877 1091 1931 delore
1110 1881 1139 1932 et
1158 1876 1274 1931 liberam
1298 1874 1381 1944 plane
1399 1874 1485 1929 relin-

303 1997 388 2052 quere
407 1987 526 2052 possent.
547 1983 616 2037 Cum
635 1984 752 2053 supplex
771 1983 884 2039 libellus
903 1984 1064 2051 offerretur,
1090 1984 1176 2039 etiam
1195 1984 1322 2054 sequenti
1344 1988 1482 2052 tompore,

304 2105 389 2157 penas
401 2088 426 2141 S.
441 2088 472 2142 C.
486 2089 576 2158 Episc.
596 2098 625 2145 et
645 2088 743 2161 Regul.
758 2090 866 2144 nullum
885 2090 997 2145 omuino
1016 2093 1130 2147 verbnm
1151 2092 1186 2144 ab
1206 2090 1363 2143 oratoribus
1377 2090 1481 2141 tactum

304 2200 347 2250 est
365 2195 398 2249 de
418 2196 572 2265 Rescripto,
592 2196 693 2267 quoda
707 2196 733 2250 S.
748 2197 835 2266 Cong.
854 2198 939 2252 Cone.
960 2198 1187 2267 impetrauerant,
1203 2214 1235 2250 ac
1250 2194 1440 2249 tantummodo
1454 2195 1482 2247 in

303 2302 424 2358 medium
442 2304 583 2374 prolatum
601 2309 653 2371 est,
672 2321 735 2359 cum
754 2305 782 2358 iu
796 2321 830 2360 eo
844 2322 887 2359 rea
901 2310 969 2371 erat,
984 2306 1055 2359 utin
1070 2305 1158 2374 plenis
1171 2304 1292 2357 comitiis
1305 2302 1333 2355 S.
1345 2302 1375 2355 C.
1391 2301 1481 2370 Episc.

304 2416 333 2465 et
351 2410 454 2480 Regul.
475 2428 558 2465 causa
584 2417 796 2482 proponeretur.
815 2412 951 2473 Quocirca
974 2412 1043 2467 haec
1062 2412 1087 2465 S.
1108 2410 1137 2466 C.
1157 2410 1221 2465 huic
1244 2410 1357 2480 negotio
1376 2414 1482 2478 pertra-

303 2517 403 2571 ctando
422 2534 534 2571 manum
559 2534 698 2588 apponere
715 2534 771 2572 non
790 2518 942 2584 dubitavit,
968 2519 1035 2573 licet
1059 2520 1176 2572 tortasse
1196 2518 1256 2570 iure
1276 2514 1481 2585 praeventionis

303 2626 337 2679 ad
356 2624 382 2680 S.
402 2626 431 2679 C.
451 2626 480 2679 C.
500 2632 627 2695 spectare
651 2628 705 2682 dici
728 2632 828 2697 posset.
848 2628 944 2698 ltaque
970 2628 1081 2681 auditus
1106 2632 1149 2681 est
1174 2626 1348 2691 Ordinarius,
1367 2624 1414 2695 qui
1433 2640 1482 2693 per

302 2733 429 2788 accidens
447 2751 519 2787 unus
537 2739 599 2789 erat
617 2752 651 2788 ex
671 2735 777 2788 duobus
796 2734 964 2789 haeredibus
977 2734 1140 2789 fiduciariis:
1153 2733 1199 2786 hic
1213 2734 1337 2801 protecto
1350 2746 1405 2783 uua
1418 2746 1481 2782 cum

302 2855 352 2893 suo
371 2838 523 2894 cohaerede
542 2857 637 2908 preces
656 2841 833 2910 excipiendas
852 2857 911 2895 esse
932 2856 985 2893 uon
1005 2840 1092 2892 solum
1113 2839 1326 2903 assentiebatur,
1346 2836 1412 2907 quin
1425 2836 1482 2889 imo

301 2947 383 3001 enixe
407 2947 600 3001 contendebat.
620 2950 658 3002 At
676 2965 743 3002 vcro
762 2947 922 3017 Capitulum
940 2948 1124 3016 legatarium,
1144 2948 1270 3017 quamvis
1289 2945 1480 3013 inscriptionis

302 3048 520 3121 hypothecariae
544 3049 676 3104 delationi
696 3051 823 3104 absolute
845 3067 899 3103 nou
920 3052 1068 3115 abnueret,
1088 3049 1269 3103 nihilomiuus
1287 3046 1482 3101 schedularum

302 3175 351 3228 pro
370 3159 461 3213 reditu
480 3159 581 3228 viginti
601 3164 774 3213 scutatorum
795 3160 979 3229 assignationi
999 3159 1138 3212 mordicus
1158 3158 1367 3227 refragabatur,
1386 3172 1419 3209 ac
1438 3159 1483 3209 tot

300 3266 353 3319 sibi
373 3266 431 3319 dari
456 3265 603 3321 schedulas
629 3268 839 3335 propugnabat,
864 3272 932 3337 quot
958 3268 1128 3321 conficiendo
1148 3264 1217 3319 reali
1237 3268 1408 3319 scutatorum
1428 3264 1482 3316 400

301 3373 390 3428 valor-i
409 3375 478 3428 satis
490 3380 590 3429 essent.
605 3374 760 3429 Cardinalis
773 3374 895 3443 Capituli
911 3374 1041 3443 legatarii
1057 3378 1204 3439 protector,
1219 3371 1344 3425 adhibita
1363 3371 1481 3442 quadam

301 3479 494 3534 immutatione
519 3479 700 3543 accidentali,
719 3480 747 3531 iu
767 3478 890 3547 Capituli
917 3480 1003 3547 ipsius
1027 3478 1195 3533 senteutiam
1216 3482 1391 3531 convenerat.
1413 3474 1482 3531 Cum

301 3587 389 3655 igitur
414 3584 569 3640 huiusmodi
596 3585 718 3655 Capituli
741 3586 894 3655 propositio
919 3585 1084 3639 haeredibus
1103 3584 1255 3637 fiduciariis
1274 3584 1387 3637 minima
1409 3585 1482 3636 arri·

302 3694 388 3759 deret,
408 3694 441 3747 ad
461 3694 592 3747 iudicium
612 3694 729 3762 plenarii
749 3693 879 3746 auditorii
900 3692 925 3745 S.
946 3692 1031 3761 Cong.
1053 3692 1142 3760 Episc.
1163 3695 1191 3745 et
1211 3692 1310 3761 Regul.
1331 3692 1386 3745 diei
1408 3690 1484 3745 lSe·

301 3802 436 3872 ptembris
452 3803 520 3855 1865
533 3818 577 3856 res
590 3802 707 3856 deducta
721 3807 764 3856 est
776 3819 839 3855 cum
852 3818 893 3867 ea,
907 3817 978 3871 quae
992 3817 1041 3853 suo
1056 3798 1117 3853 loco
1131 3798 1244 3868 legitur,
1264 3798 1339 3851 dubii
1353 3798 1483 3851 termula„

390 3913 415 3963 2.
435 3910 575 3965 Haeredes
593 3910 731 3964 fiduciarii
746 3910 908 3963 statuebant
921 3909 948 3961 in
964 3909 1068 3977 primis,
1088 3924 1147 3962 sesa
1168 3908 1293 3977 inspecta
1312 3906 1436 3961 utilitate
1450 3918 1484 3961 ac

300 4018 373 4071 bono
392 4016 573 4071 haereditatis
591 4018 731 4071 abstinere
751 4032 806 4069 uon
828 4017 965 4085 potuisse,
985 4015 1133 4085 quominus
1155 4015 1265 4068 uiueam
1284 4032 1301 4067 a
1320 4030 1427 4067 canone
1446 4012 1484 4066 li·

301 4122 431 4175 berarent
450 4137 499 4189 per
517 4124 700 4185 contractum,
716 4136 798 4189 quem
812 4122 912 4172 vocant
923 4119 1141 4188 affirrrrcotioru's.
1158 4117 1284 4187 Urgebat
1297 4117 1371 4171 enim
1384 4134 1483 4171 ueces-

300 4229 369 4281 sitas
394 4225 565 4281 reficiendae·
583 4226 780 4292 domunculae,
805 4242 877 4295 quac
902 4225 998 4278 aderat
1017 4225 1044 4277 iu
1065 4226 1146 4279 vinea
1171 4225 1283 4278 iamiam
1309 4224 1482 4293 collapsura3

302 4335 420 4402 urgebat
439 4333 590 4387 necessitas
608 4333 762 4401 pertoroudi
783 4336 919 4403 sumptae,
933 4332 980 4404 qui
999 4332 1029 4387 in
1047 4332 1150 4385 tuenda
1163 4332 1222 4398 lite,
1235 4348 1306 4402 quae
1321 4332 1483 4401 parabatur,
