3292 5109
301 279 368 345 300
822 300 907 346 rias
932 298 968 345 ιι.

225 445 238 470 ·
302 420 539 506 expeditionem
574 426 639 486 tum
675 421 716 488 ad
751 424 852 508 ipsam
881 421 1097 488 Secretariam
1133 441 1229 505 quam
1252 422 1294 487 ad
1317 422 1487 488 Datariam

301 547 521 633 Apostolicam
539 547 758 632 promiscua
779 549 878 615 tertio
901 548 1029 613 demum
1052 568 1164 613 aarum
1188 567 1325 632 quarum
1348 548 1485 634 expedi-

301 675 423 739 tionem
446 672 485 737 ad
510 675 610 759 ipsam
634 674 798 739 Datariam
828 673 1001 757 privative
1035 678 1186 759 spectare
1216 673 1337 739 debere
1364 694 1487 739 etinve-

300 800 441 863 nientius
455 799 681 865 iudicarunt».
696 799 990 864 Praetermittimus
1001 799 1174 865 excribera
1186 800 1388 886 respectirae
1400 819 1486 865 com·

302 926 464 1009 petentiae
491 924 661 989 elenchum
686 944 779 1009 quem
804 926 938 1009 quisque
961 926 995 988 in
1018 925 1072 989 cit.
1097 926 1205 989 donst.
1229 926 1403 1011 perlegere
1425 944 1486 1010 po-

301 1051 380 1122 test;
406 1048 507 1111 solum
544 1047 717 1113 referimus
747 1066 830 1133 quae
860 1052 1008 1133 spectant
1036 1047 1308 1130 admirativum
1332 1048 1486 1113 Datariae

301 1171 548 1255 competentiam
573 1172 777 1237 enunciatam
801 1169 841 1234 ad
866 1160 970 1234 instar
992 1171 1157 1256 principii,
1183 1190 1224 1234 en
1248 1170 1365 1235 verba:
1385 1192 1403 1234 ‹
1420 1171 1485 1235 De-

301 1314 388 1359 mum
411 1296 637 1361 concessiones
661 1301 693 1363 et
720 1296 845 1381 gratiae
868 1313 1004 1379 quarum
1031 1294 1204 1381 expeditio,
1229 1297 1320 1361 iuxta
1343 1294 1486 1359 relatum

264 1488 267 1502 1
301 1417 482 1491 elenchum,
508 1418 659 1483 Datariae
682 1419 888 1503 Apostolicae
919 1418 1089 1502 privative
1124 1417 1229 1502 quoad
1263 1417 1485 1484 secretariam

301 1545 500 1632 praedictam
524 1550 715 1610 reservatur
737 1550 813 1609 sunt
835 1546 1036 1631 generaliter
1058 1564 1280 1630 quaecumque
1302 1545 1387 1610 aliae
1410 1565 1487 1610 eon-

302 1673 464 1736 cessiones
488 1677 520 1736 et
543 1672 668 1757 gratiae
699 1671 920 1757 superioribus
951 1692 1017 1737 non
1051 1672 1306 1757 comprehensae
1337 1691 1401 1737 nec
1424 1692 1487 1736 ex·

301 1815 450 1881 pressae,
475 1802 508 1862 et
530 1799 696 1883 signanter
723 1797 798 1861 illae
829 1817 941 1861 omnes
964 1797 998 1861 in
1021 1816 1159 1881 quarum
1194 1796 1418 1883 expeditione.
1443 1796 1487 1860 de

302 1920 387 2006 stylo
412 1924 445 1986 et
468 1918 697 1984 consuetudine
722 1918 965 1983 immemorabili
989 1919 1146 1984 solvenda
1172 1925 1222 1986 est
1244 1922 1434 2005 compositio
1449 1922 1486 1984 in

302 2044 372 2129 ipsa
388 2044 518 2109 Dataria
533 2048 589 2108 aut
603 2048 681 2107 taxa
691 2041 921 2143 'cancellariae
936 2048 992 2108 aut
1009 2043 1166 2107 localium
1182 2065 1200 2104 s
1216 2041 1272 2130 (l).
1290 2044 1329 2109 In
1345 2046 1486 2130 negotiis

301 2168 356 2231 uni
382 2165 489 2232 officio
512 2170 671 2252 privative
699 2170 881 2253 assignatis„
904 2167 991 2232 aliud
1014 2167 1073 2232 suh
1098 2168 1254 2233 nullitatis
1276 2188 1384 2253 poena
1406 2188 1486 2254 pro-

302 2293 419 2359 cedere
441 2292 633 2379 prohibetur
649 2291 705 2379 (2).

392 2506 430 2577 (l)
450 2506 558 2560 localia
570 2536 585 2547 -
598 2511 641 2561 est
654 2522 708 2561 vox
727 2507 840 2561 infimae
852 2506 1002 2559 latinitatis
1015 2521 1086 2575 quae
1100 2491 1221 2559 invaluit
1233 2506 1283 2559 sub
1297 2506 1411 2561 saeculo
1423 2522 1485 2561 1111.

301 2610 416 2677 localia,
437 2611 556 2678 Ioallae,
576 2627 674 2681 nempe
693 2610 816 2676 monilia,
836 2627 972 2679 gemmae,
992 2608 1098 2675 annuli,
1115 2609 1231 2679 aliaque
1256 2610 1339 2664 huius
1357 2612 1488 2681 generis3

301 2722 332 2773 et
349 2718 504 2773 derivatum
523 2722 566 2773 est
585 2718 638 2772 hoc
656 2718 822 2772 vocabulum
842 2735 876 2772 ex
895 2719 1009 2772 vocibus
1028 2716 1142 2785 linguae
1155 2716 1281 2773 Gallicae
1293 2718 1323 2772 in
1335 2718 1488 2773 Provincia

302 2824 490 2891 Meridionali,
501 2830 621 2895 jupano,
641 2827 746 2895 bij'oax,
759 2825 832 2879 unde
850 2824 946 2880 italice
963 2825 1089 2893 platello,
1101 2827 1185 2894 piola.
1205 2825 1371 2895 Antiquitas
1390 2824 1487 2879 liuius·

301 2934 375 2988 modi
394 2951 438 2988 res
456 2933 595 2987 dabantur
614 2934 721 2988 ratione
740 2940 832 2999 taxea,
852 2938 949 3003 postea
967 2934 1063 2988 datum
1086 2940 1129 2989 est
1150 2935 1271 3003 pretium
1293 2933 1486 3005 aequivalens.

391 3040 430 3111 (2)
444 3040 601 3095 Secretaria
615 3042 749 3095 Breaium
765 3042 944 3095 Secretarum
956 3042 997 3095 ita
1009 3047 1170 3111 nuncupata
1182 3048 1226 3095 est
1239 3056 1293 3095 non
1306 3042 1373 3111 quia
1383 3042 1487 3096 Brevia

301 3147 418 3203 edantur
431 3148 464 3202 de
478 3148 560 3201 rebus
575 3148 688 3201 omnino
706 3150 822 3203 seeretis
841 3166 888 3202 seu
908 3159 1015 3204 secreto
1034 3166 1123 3219 usque
1142 3149 1332 3216 occultandis3
1349 3148 1399 3202 sed
1417 3149 1487 3219 quia

302 3254 440 3324 effugiunt
458 3254 571 3322 regulas
588 3256 647 3309 fare
666 3271 762 3309 omnes
775 3253 968 3309 cancellariae
987 3260 1017 3309 et
1035 3255 1184 3325 praecipue
1204 3270 1258 3309 non
1271 3254 1386 3308 solvunt
1404 3259 1486 3309 taxas

302 3380 320 3416 a
338 3361 513 3416 cancellaria
531 3361 690 3430 exigendas.
711 3360 763 3415 Sed
777 3361 834 3415 dixi
848 3362 964 3432 reputas
976 3363 1036 3416 fere
1048 3378 1159 3426 omnes3
1177 3361 1244 3433 quia
1257 3379 1313 3415 una
1331 3367 1381 3415 aut
1393 3361 1485 3419 altera

302 3468 401 3538 regula
419 3466 612 3522 Cancellariae
629 3469 808 3533 observatum
828 3469 869 3521 ita
887 3469 972 3522 etiam
986 3470 1014 3521 in
1029 3469 1164 3523 Brevibus
1183 3468 1256 3522 solet
1275 3469 1413 3537 impertiri
1433 3470 1485 3522 ab·

302 3576 404 3630 solutio
429 3592 563 3630 censurae
582 3576 615 3628 ad
635 3576 763 3631 ellectum
787 3575 931 3630 obtinendi
957 3577 1077 3646 gratiam
1102 3576 1209 3647 quade
1228 3576 1330 3645 agitur.
1350 3604 1386 3617 -
1405 3576 1486 3630 nnti-

301 3685 404 3755 quitus‚
424 3700 519 3754 usque,
536 3682 570 3737 ad
589 3683 725 3737 Calistum
740 3682 774 3737 Ill
789 3684 966 3753 (1455-1458)
986 3677 1110 3753 sigillum
1131 3700 1181 3752 pro
1199 3682 1328 3737 omnibus
1347 3682 1438 3737 Bullia
1456 3686 1486 3737 et

301 3790 437 3844 Brevibus
462 3792 523 3843 erat
547 3789 597 3842 sub
618 3788 744 3857 plumbo,
764 3789 890 3857 exceptis
913 3788 1087 3843 solummodo
1107 3790 1210 3845 litteris
1228 3790 1346 3843 secretis
1363 3790 1416 3843 sub
1435 3807 1486 3843 aa·

301 3897 370 3950 aulo
390 3913 470 3951 cereo
490 3896 642 3950 Piscatoris
665 3894 817 3964 expeditis3
842 3896 891 3949 sed
915 3896 950 3949 ab
973 3895 1026 3949 hac
1045 3899 1139 3951 aetate
1158 3896 1258 3951 Caliati
1278 3896 1313 3950 lll
1332 3900 1487 3965 coeperunt

302 4004 403 4058 Brevia
428 4003 513 4058 etiam
532 4020 588 4057 non
606 4006 716 4058 secreta
741 4002 865 4071 expediri
891 4003 942 4057 aub
961 4003 1066 4057 annulo
1086 4004 1115 4058 in
1134 4020 1199 4057 cera
1217 4004 1353 4073 impresso
1371 4008 1402 4058 et
1419 4002 1487 4058 hinc

301 4111 450 4166 distinctae
469 4116 534 4166 sunt
555 4111 679 4166 Litterae
698 4110 878 4180 Apostolicae
900 4112 992 4166 editae
1011 4111 1039 4165 in
1058 4112 1148 4165 forma
1168 4112 1265 4166 Brevis
1283 4110 1329 4167 rel
1347 4114 1400 4167 aab
1419 4129 1487 4165 cera

301 4218 347 4274 vel
366 4220 416 4273 sub
434 4220 557 4289 plumbo.
583 4216 671 4272 Hodie
693 4217 818 4286 sigillum
837 4216 934 4271 annuli
955 4217 1106 4271 Piscatoris
1130 4218 1302 4287 imprimitur
1326 4222 1488 4273 atramento

302 4326 386 4379 rubro
405 4342 488 4395 super
504 4342 680 4395 pergamena
700 4352 734 4365 -
752 4324 822 4378 llam
837 4323 969 4379 differunt
981 4324 1083 4379 Brevia
1096 4343 1113 4377 a
1126 4325 1216 4378 Bullia
1228 4328 1264 4379 ob
1278 4325 1416 4380 rationem
1429 4342 1488 4395 qua

301 4434 499 4499 computantur
517 4431 592 4484 anni.
609 4458 647 4471 -
664 4429 763 4484 Bullae
781 4446 830 4483 seu
845 4429 969 4484 Litterae
983 4428 1163 4499 Apostolicaa
1182 4430 1211 4484 in
1231 4432 1327 4500 primis
1340 4429 1486 4485 Ecclesiae
