3292 5109
296 286 364 353 242
815 305 900 353 rans
924 306 961 353 11.

298 428 434 509 riantur,
456 433 488 494 et
503 447 663 515 peragere
687 426 782 493 etiam
803 432 902 511 atque
918 427 1073 513 expedire
1088 428 1154 493 alia
1169 429 1285 500 omnia,
1302 448 1385 512 quae
1401 446 1481 493 suae

296 558 464 623 dumtaxat
487 552 693 619 institutionis
708 554 818 618 munia
834 555 1022 640 respiciunt,
1040 553 1080 619 ad
1100 554 1249 621 tramites
1264 554 1380 620 Motus
1396 572 1481 637 pro·

292 682 376 766 prii,
389 701 484 765 quem
495 679 558 745 hac
575 678 614 744 de
631 698 667 741 re
683 678 911 763 praelaudatus
924 680 1121 745 Antecessor
1132 680 1253 745 Noster
1264 679 1414 745 Clemens
1429 678 1480 743 IX

296 806 384 871 dedit
403 805 461 871 sub
477 806 529 871 die
543 825 581 871 vr
600 805 671 871 Iulii
689 824 863 881 mnoux1x3
888 805 1047 870 abstineat
1061 810 1170 870 tamen
1186 805 1317 869 omnino
1332 801 1373 867 ab
1389 804 1482 867 emit-

296 929 402 995 tendis
432 931 514 995 actis
537 929 617 1011 illis,
638 948 720 1014 quae
743 928 784 993 ad
810 928 1089 1014 indulgentiarum
1112 928 1277 1013 pertinent
1300 928 1481 994 concessio

297 1076 381 1121 nem.
398 1077 416 1117 u
436 1055 670 1120 Verumtamen
695 1054 789 1119 huius
812 1055 862 1119 vis
881 1053 1003 1119 decreti
1030 1056 1150 1119 sensim
1169 1054 1301 1135 excidit,
1329 1054 1481 1120 restituta

296 1180 421 1244 scilicet
451 1198 490 1243 ea
512 1179 590 1262 ipsa,
616 1196 697 1261 quae
725 1177 835 1243 fuerat
866 1177 1023 1262 adempta,
1048 1177 1220 1241 facultate:
1246 1178 1291 1243 ita
1320 1177 1420 1262 plane
1444 1182 1481 1242 ut

296 1326 361 1370 non
384 1306 509 1369 minore
533 1323 628 1389 quam
652 1300 749 1368 antea
771 1323 908 1368 numero
931 1304 1093 1389 rescripta
1116 1302 1167 1368 edi
1191 1303 1318 1369 soleant
1340 1323 1414 1367 cum
1439 1322 1480 1367 ea

296 1429 450 1503 clausula,
476 1448 570 1513 quam
594 1446 692 1512 supra
715 1426 863 1491 diximus.
882 1426 953 1501 Qua
975 1447 1013 1492 re
1037 1427 1187 1510 quoniam
1200 1424 1479 1511 perturbationem

296 1554 420 1618 ordinis
443 1550 539 1617 debiti
563 1571 602 1615 ac
625 1555 738 1615 vetera
766 1548 967 1615 incommoda
997 1550 1093 1635 plane
1116 1550 1280 1631 renovari,
1302 1548 1479 1615 multorum

296 1676 478 1741 testimonio
503 1675 600 1741 Nobis
623 1676 824 1747 constiterat,
848 1674 982 1739 delectis
1005 1648 1194 1759 quibusdam
1217 1675 1249 1741 S.
1275 1675 1315 1740 R.
1337 1674 1377 1739 Ε.
1402 1673 1480 1738 Gar·

296 1801 454 1867 dinalibus
469 1800 701 1876 mandavimus,
718 1808 754 1865 ut
776 1820 924 1865 caussam
940 1805 1068 1866 mature
1082 1801 1333 1887 perpenderent,
1358 1804 1392 1864 et
1415 1819 1479 1884 quo

296 1927 440 1993 remedio
464 1948 543 2012 opus
568 1946 639 1991 esse
654 1924 832 2007 videretur,
848 1932 961 2010 aperte
976 1924 1209 2012 significarent
1227 1926 1331 2011 Igitur
1346 1927 1480 2011 cognita

296 2074 408 2120 eorum
432 2053 600 2125 sententia,
626 2057 662 2118 ut
684 2072 742 2117 sua
764 2053 879 2136 cuique
903 2054 1013 2117 munia
1028 2056 1203 2117 serventur
1224 2052 1363 2137 integra,
1379 2050 1480 2119 Mola

291 2180 437 2265 proprio
462 2185 495 2245 et
518 2184 610 2245 certa
634 2177 770 2243 scientia
793 2178 1015 2244 decernimus:

386 2308 411 2371 Ι.
436 2305 478 2383 Ut
502 2304 752 2390 Congregationi
777 2302 991 2388 Indulgentiis
1014 2304 1181 2388 sacrisque
1205 2302 1362 2385 Reliquiis
1384 2321 1494 2387 prae-¹

296 2429 419 2514 positae
443 2447 482 2492 ca
505 2426 595 2493 salva
618 2428 690 2492 iura
720 2433 943 2513 permaneant,
967 2446 1049 2510 quae
1074 2427 1222 2494 Clemens
1252 2430 1368 2491 auctor
1390 2425 1479 2491 insti-

294 2556 371 2621 tuit:
396 2558 631 2639 praetereaque
655 2552 759 2617 eidem
774 2548 1014 2623 confirmamus,
1032 2556 1073 2623 et,
1091 2542 1250 2636 quatenus
1265 2572 1345 2636 opus
1367 2550 1419 2631 sit,
1437 2549 1478 2615 de

294 2682 422 2769 integro
445 2680 652 2747 concedimus
679 2678 849 2746 facultates
881 2699 1001 2753 omnes,
1026 2680 1165 2763 quaein
1188 2678 1323 2765 syllaba
1348 2678 1400 2743 his
1423 2678 1478 2743 lit·

293 2811 373 2889 teris
397 2808 534 2881 adnexo,
559 2810 784 2872 numerantur.

383 2930 427 2997 II.
453 2929 612 2996 Volumus
643 2932 676 2995 et
706 2931 893 3005 statuimus,
925 2935 1052 2995 ceteras
1076 2928 1300 2994 concessiones
1330 2927 1477 2992 iteratio·

293 3072 416 3137 nosque
445 3020 727 3139 indulgentiarum,
756 3051 927 3137 privilegia
951 3052 1112 3125 altarium,
1141 3051 1314 3117 facultates
1343 3048 1477 3115 benedi-

294 3176 388 3242 cendi
411 3181 445 3241 et
467 3176 531 3241 alia
555 3175 710 3241 eiusmodi
726 3174 767 3239 ad
783 3175 934 3241 Nostram
955 3176 1174 3242 Secretariam
1190 3177 1344 3241 Brevium
1360 3174 1477 3239 exclu-

293 3300 362 3365 sive
385 3300 561 3385 pertinere.

383 3425 445 3491 ΙΙΙ.
470 3422 571 3491 Simili
595 3424 721 3488 ratione
745 3422 957 3499 decernimus,
974 3428 1019 3496 ut,
1036 3444 1120 3508 quae
1135 3424 1306 3491 facultates
1329 3422 1477 3509 Congre-

294 3552 426 3637 gationi,
443 3551 482 3616 de
506 3570 569 3636 qua
585 3552 718 3637 agimus,
736 3550 874 3617 collatae
890 3557 973 3633 sunt,
991 3554 1049 3615 eae
1074 3550 1120 3616 ita
1142 3528 1207 3615 sint
1222 3551 1291 3615 eius
1310 3552 1475 3635 propriae,

293 3681 329 3741 ut
352 3675 432 3741 nulli
448 3682 621 3762 praeterea
635 3675 689 3741 vel
706 3674 958 3761 congregationi
973 3676 1027 3740 vel
1043 3674 1250 3741 Secretariae
1265 3676 1389 3759 possint
1404 3694 1476 3740 esse

294 3814 491 3862 communes.
512 3818 531 3860 o

382 3920 458 3987 202.
484 3919 634 4007 Syllabus
650 3920 842 3987 facultatum
862 3922 1049 4005 exprimens
1060 3920 1270 4004 privativam
1287 3925 1474 4005 competen-

293 4042 371 4109 tiam
394 4044 489 4111 huius
506 4046 616 4131 (long,
640 4046 748 4130 prouti
772 4046 928 4128 sequitur,
953 4050 1129 4130 conceptus
1152 4044 1230 4120 fuit;
1254 4065 1314 4110 nos
1336 4062 1417 4110 vero
1432 4044 1473 4110 ad

294 4166 454 4253 singulum
479 4170 649 4237 articulum
673 4169 807 4236 brevem
830 4170 984 4236 addemus
1008 4170 1266 4256 explicationem.

385 4293 497 4378 ltaque
520 4314 662 4360 summus
686 4293 842 4360 Pontifex
865 4295 1047 4380 impertitus
1070 4300 1136 4361 est:

385 4420 410 4484 Ι.
437 4420 687 4487 ‹Facultatem
709 4420 960 4505 interpretandi
979 4420 1159 4506 Resmiptu
1177 4422 1220 4487 cle
1236 4421 1471 4508 Indulgentiis,
